2013.10.16 12:00:00.393,0.93681,0.93693,3.00,1.13
2013.10.16 12:00:00.925,0.93681,0.93693,3.00,1.13
2013.10.16 12:00:01.253,0.93681,0.93693,3.00,1.13
2013.10.16 12:00:01.763,0.93681,0.93693,1.50,1.13
2013.10.16 12:00:05.665,0.93681,0.93693,1.50,1.88
2013.10.16 12:00:07.962,0.93681,0.93693,2.63,1.13
2013.10.16 12:00:08.124,0.93681,0.93694,2.63,1.88
2013.10.16 12:00:10.494,0.93684,0.93694,1.50,1.13
2013.10.16 12:00:11.933,0.93684,0.93694,1.50,1.13
2013.10.16 12:00:13.282,0.93682,0.93694,2.25,1.50
2013.10.16 12:00:14.375,0.93682,0.93693,2.25,1.13
2013.10.16 12:00:14.492,0.93682,0.93693,2.25,1.13
2013.10.16 12:00:14.852,0.93682,0.93694,2.25,2.25
2013.10.16 12:00:15.033,0.93682,0.93694,2.25,1.88
2013.10.16 12:00:15.333,0.93682,0.93693,1.50,1.13
2013.10.16 12:00:16.744,0.93682,0.93692,1.50,1.13
2013.10.16 12:00:17.582,0.93681,0.93689,2.25,1.13
2013.10.16 12:00:17.704,0.93677,0.93689,2.25,1.88
2013.10.16 12:00:17.823,0.93677,0.93689,1.50,1.88
2013.10.16 12:00:17.883,0.93676,0.93688,2.63,1.13
2013.10.16 12:00:19.333,0.93676,0.93689,3.00,3.00
2013.10.16 12:00:25.882,0.93676,0.93687,1.50,1.13
2013.10.16 12:00:27.352,0.93676,0.93687,1.50,1.13
2013.10.16 12:00:27.856,0.93676,0.93687,1.50,1.13
2013.10.16 12:00:28.544,0.93676,0.93686,1.50,1.13
2013.10.16 12:00:30.552,0.93676,0.93686,1.50,2.63
2013.10.16 12:00:30.946,0.93672,0.93685,2.25,1.13
2013.10.16 12:00:36.022,0.93676,0.93685,1.50,1.13
2013.10.16 12:00:36.412,0.93676,0.93685,1.50,1.13
2013.10.16 12:00:36.593,0.93676,0.93687,1.50,1.88
2013.10.16 12:00:36.652,0.93676,0.93687,1.50,1.50
2013.10.16 12:00:36.893,0.93676,0.93685,1.50,1.13
2013.10.16 12:00:38.743,0.93676,0.93686,1.50,1.50
2013.10.16 12:00:38.922,0.93676,0.93687,2.25,3.38
2013.10.16 12:00:39.474,0.93677,0.93687,1.13,2.63
2013.10.16 12:00:43.067,0.9368,0.93688,1.13,3.75
2013.10.16 12:00:43.133,0.9368,0.93688,1.13,2.25
2013.10.16 12:00:43.683,0.93683,0.93692,2.25,1.88
2013.10.16 12:00:43.743,0.93683,0.93692,1.50,1.88
2013.10.16 12:00:43.983,0.93685,0.93696,1.13,3.00
2013.10.16 12:00:44.550,0.93686,0.93696,1.50,2.25
2013.10.16 12:00:45.697,0.93686,0.93696,1.50,1.50
2013.10.16 12:00:47.896,0.93686,0.93696,1.13,1.50
2013.10.16 12:00:49.113,0.93685,0.93696,2.63,1.50
2013.10.16 12:00:49.685,0.93683,0.93694,2.63,1.13
2013.10.16 12:00:50.273,0.93684,0.93694,1.13,1.13
2013.10.16 12:00:52.153,0.93683,0.93694,3.00,1.13
2013.10.16 12:00:54.783,0.93683,0.93696,3.00,2.63
2013.10.16 12:00:56.834,0.93683,0.93695,3.00,1.13
2013.10.16 12:00:58.305,0.93683,0.93695,1.88,1.88
2013.10.16 12:00:58.974,0.93683,0.93692,1.13,1.13
2013.10.16 12:01:00.844,0.93682,0.93692,1.13,1.13
2013.10.16 12:01:00.903,0.93682,0.93692,1.13,3.38
2013.10.16 12:01:01.384,0.93681,0.93691,1.50,1.50
2013.10.16 12:01:01.444,0.93685,0.93692,1.13,1.88
2013.10.16 12:01:01.982,0.93685,0.93693,1.13,1.13
2013.10.16 12:01:03.942,0.93688,0.93693,1.13,1.13
2013.10.16 12:01:04.184,0.93685,0.93694,1.13,1.13
2013.10.16 12:01:05.892,0.93685,0.93695,1.13,2.63
2013.10.16 12:01:06.132,0.93684,0.93692,1.13,1.13
2013.10.16 12:01:06.433,0.93681,0.9369,1.13,1.13
2013.10.16 12:01:06.672,0.93681,0.93692,1.13,1.13
2013.10.16 12:01:07.748,0.93681,0.93691,1.13,1.13
2013.10.16 12:01:10.053,0.93681,0.93689,1.13,1.13
2013.10.16 12:01:10.217,0.9368,0.93689,3.23,1.13
2013.10.16 12:01:10.463,0.9368,0.93688,1.50,1.50
2013.10.16 12:01:10.830,0.93675,0.93685,1.50,1.88
2013.10.16 12:01:11.593,0.93674,0.93682,1.13,1.13
2013.10.16 12:01:13.274,0.93674,0.93682,1.13,1.13
2013.10.16 12:01:13.893,0.93674,0.93683,1.13,1.50
2013.10.16 12:01:13.954,0.93673,0.93683,1.50,1.50
2013.10.16 12:01:14.477,0.93671,0.93682,1.50,3.38
2013.10.16 12:01:14.913,0.93671,0.93682,1.50,3.38
2013.10.16 12:01:15.923,0.93671,0.93681,1.50,1.50
2013.10.16 12:01:18.114,0.93671,0.93681,1.50,1.50
2013.10.16 12:01:18.472,0.9367,0.93678,1.50,1.50
2013.10.16 12:01:19.162,0.9367,0.93681,1.50,3.00
2013.10.16 12:01:23.402,0.9367,0.93681,1.50,3.38
2013.10.16 12:01:23.463,0.9367,0.93678,1.50,1.50
2013.10.16 12:01:31.204,0.93668,0.93678,1.50,1.88
2013.10.16 12:01:31.974,0.93668,0.93678,1.50,1.88
2013.10.16 12:01:34.422,0.93667,0.93678,1.50,2.63
2013.10.16 12:01:34.972,0.93666,0.93677,1.13,1.50
2013.10.16 12:01:35.503,0.93665,0.93677,1.50,1.88
2013.10.16 12:01:37.482,0.93664,0.93676,2.63,1.88
2013.10.16 12:01:39.533,0.93664,0.93675,1.50,1.13
2013.10.16 12:01:39.653,0.93664,0.93672,1.50,1.88
2013.10.16 12:01:39.773,0.93666,0.93674,1.13,2.63
2013.10.16 12:01:40.133,0.93665,0.93672,1.88,1.88
2013.10.16 12:01:40.672,0.93665,0.93672,1.13,1.88
2013.10.16 12:01:40.732,0.93665,0.93672,1.88,1.88
2013.10.16 12:01:43.383,0.93664,0.93673,1.13,1.88
2013.10.16 12:01:44.284,0.93662,0.93672,1.88,1.13
2013.10.16 12:01:44.404,0.93664,0.93673,1.50,2.25
2013.10.16 12:01:44.705,0.93666,0.93675,1.13,2.63
2013.10.16 12:01:45.253,0.93666,0.93675,1.13,1.88
2013.10.16 12:01:45.795,0.93666,0.93676,1.88,1.13
2013.10.16 12:01:47.105,0.93666,0.93676,1.88,1.13
2013.10.16 12:01:47.869,0.93666,0.93676,1.88,1.88
2013.10.16 12:01:48.412,0.93666,0.93675,1.88,1.13
2013.10.16 12:01:50.501,0.93666,0.93675,1.88,1.13
2013.10.16 12:01:52.005,0.93666,0.93675,1.88,1.13
2013.10.16 12:01:52.594,0.93666,0.93675,1.13,1.50
2013.10.16 12:01:52.834,0.93661,0.93668,3.00,1.13
2013.10.16 12:01:52.893,0.9366,0.93668,1.50,1.13
2013.10.16 12:01:53.014,0.9366,0.93668,1.50,1.13
2013.10.16 12:01:53.134,0.93662,0.93669,1.88,1.88
2013.10.16 12:01:53.693,0.93662,0.9367,1.88,1.50
2013.10.16 12:01:53.773,0.93662,0.93672,1.88,1.13
2013.10.16 12:01:54.652,0.93662,0.93672,1.88,1.13
2013.10.16 12:01:55.157,0.93662,0.93672,1.88,1.13
2013.10.16 12:01:55.712,0.93662,0.93672,1.88,1.13
2013.10.16 12:01:59.032,0.93662,0.93672,1.88,1.13
2013.10.16 12:01:59.614,0.93662,0.93672,1.50,1.50
2013.10.16 12:01:59.973,0.93661,0.93668,1.50,1.88
2013.10.16 12:02:04.044,0.93661,0.9367,1.50,1.13
2013.10.16 12:02:04.932,0.93661,0.9367,1.50,1.13
2013.10.16 12:02:10.645,0.9366,0.9367,1.50,1.13
2013.10.16 12:02:11.183,0.93657,0.93668,2.10,1.50
2013.10.16 12:02:11.302,0.93656,0.93668,2.25,1.13
2013.10.16 12:02:11.363,0.93656,0.93668,3.00,1.13
2013.10.16 12:02:11.424,0.93656,0.93668,3.00,1.13
2013.10.16 12:02:11.543,0.93657,0.93669,1.50,3.38
2013.10.16 12:02:11.723,0.93659,0.93669,1.50,2.25
2013.10.16 12:02:13.242,0.93661,0.93671,1.50,2.25
2013.10.16 12:02:13.913,0.93659,0.93671,1.50,2.25
2013.10.16 12:02:16.206,0.93659,0.93671,1.50,1.50
2013.10.16 12:02:17.245,0.93661,0.93671,1.50,1.50
2013.10.16 12:02:17.913,0.93662,0.93672,1.13,2.25
2013.10.16 12:02:25.343,0.93661,0.93672,2.25,1.88
2013.10.16 12:02:25.463,0.9366,0.9367,1.50,1.50
2013.10.16 12:02:26.002,0.93659,0.9367,1.50,1.88
2013.10.16 12:02:27.522,0.93658,0.9367,2.63,2.25
2013.10.16 12:02:28.415,0.93658,0.9367,2.63,2.25
2013.10.16 12:02:29.623,0.93658,0.9367,1.88,2.25
2013.10.16 12:02:32.163,0.93658,0.93671,1.13,3.75
2013.10.16 12:02:32.223,0.93658,0.93671,3.38,3.00
2013.10.16 12:02:32.811,0.93659,0.93671,1.88,2.25
2013.10.16 12:02:33.133,0.93662,0.93671,1.50,2.25
2013.10.16 12:02:33.253,0.93662,0.93671,1.50,1.50
2013.10.16 12:02:33.975,0.93657,0.93671,3.75,2.25
2013.10.16 12:02:34.263,0.93657,0.93668,3.75,2.25
2013.10.16 12:02:35.948,0.93657,0.93668,3.00,1.88
2013.10.16 12:02:36.784,0.93658,0.9367,2.25,1.88
2013.10.16 12:02:36.844,0.93659,0.9367,3.00,1.88
2013.10.16 12:02:37.334,0.9366,0.9367,1.50,1.88
2013.10.16 12:02:37.873,0.93661,0.9367,2.25,1.50
2013.10.16 12:02:38.653,0.93661,0.93672,2.25,1.13
2013.10.16 12:02:39.855,0.93661,0.93672,2.25,1.13
2013.10.16 12:02:40.212,0.93661,0.93672,2.25,1.13
2013.10.16 12:02:40.867,0.93661,0.93672,2.25,1.13
2013.10.16 12:02:41.522,0.93661,0.93672,2.25,1.13
2013.10.16 12:02:43.062,0.93661,0.93672,2.25,1.88
2013.10.16 12:02:49.924,0.9366,0.93672,2.25,1.88
2013.10.16 12:02:55.104,0.9366,0.93671,2.25,1.88
2013.10.16 12:02:55.725,0.9366,0.93671,2.25,1.88
2013.10.16 12:02:58.183,0.9366,0.93669,2.25,1.13
2013.10.16 12:03:02.234,0.93659,0.93668,1.50,1.50
2013.10.16 12:03:03.503,0.9366,0.93671,1.50,1.88
2013.10.16 12:03:03.943,0.93661,0.93671,1.35,1.50
2013.10.16 12:03:04.004,0.93664,0.93671,1.13,1.50
2013.10.16 12:03:04.184,0.93667,0.93676,1.50,4.50
2013.10.16 12:03:04.424,0.93667,0.93677,1.50,1.88
2013.10.16 12:03:05.434,0.93668,0.93678,1.13,3.38
2013.10.16 12:03:07.395,0.93667,0.93678,1.88,3.38
2013.10.16 12:03:07.873,0.93665,0.93676,2.25,1.50
2013.10.16 12:03:08.414,0.93664,0.93674,1.88,1.13
2013.10.16 12:03:08.953,0.93665,0.93675,1.88,1.13
2013.10.16 12:03:09.075,0.93666,0.93678,1.13,2.63
2013.10.16 12:03:10.184,0.93667,0.93679,3.38,1.13
2013.10.16 12:03:10.686,0.93668,0.9368,1.50,1.13
2013.10.16 12:03:11.363,0.93669,0.93681,1.50,3.38
2013.10.16 12:03:13.409,0.93671,0.93681,1.13,2.63
2013.10.16 12:03:13.713,0.93675,0.93685,1.50,2.63
2013.10.16 12:03:13.953,0.93673,0.93685,2.25,3.00
2013.10.16 12:03:15.745,0.93673,0.93685,2.25,3.38
2013.10.16 12:03:17.465,0.93673,0.93685,2.25,3.00
2013.10.16 12:03:18.020,0.93673,0.93684,2.25,1.13
2013.10.16 12:03:20.513,0.93673,0.93685,1.50,3.00
2013.10.16 12:03:20.634,0.93674,0.93684,1.13,1.13
2013.10.16 12:03:20.872,0.93671,0.93682,2.63,1.50
2013.10.16 12:03:21.454,0.93672,0.93684,1.50,2.25
2013.10.16 12:03:22.453,0.93671,0.93682,3.38,1.50
2013.10.16 12:03:22.754,0.93668,0.93678,2.25,2.25
2013.10.16 12:03:23.244,0.93665,0.93677,2.10,2.25
2013.10.16 12:03:23.308,0.93665,0.93677,2.10,2.63
2013.10.16 12:03:23.852,0.93663,0.93675,2.63,1.50
2013.10.16 12:03:26.604,0.93665,0.93677,1.88,1.50
2013.10.16 12:03:26.722,0.93667,0.93679,1.50,1.50
2013.10.16 12:03:26.783,0.93669,0.93681,1.50,3.00
2013.10.16 12:03:26.963,0.9367,0.93682,1.50,2.25
2013.10.16 12:03:28.783,0.9367,0.93682,2.25,2.25
2013.10.16 12:03:29.812,0.9367,0.93682,2.25,3.00
2013.10.16 12:03:32.525,0.93671,0.93682,1.50,1.50
2013.10.16 12:03:33.062,0.9367,0.93682,3.00,1.50
2013.10.16 12:03:35.946,0.9367,0.93682,2.25,1.50
2013.10.16 12:03:38.694,0.9367,0.93682,3.00,1.50
2013.10.16 12:03:45.983,0.9367,0.93682,2.25,2.25
2013.10.16 12:03:47.373,0.9367,0.93681,2.25,1.50
2013.10.16 12:03:47.913,0.93669,0.93678,1.50,1.13
2013.10.16 12:03:52.553,0.9367,0.93681,1.88,1.13
2013.10.16 12:03:52.613,0.93673,0.93682,1.50,2.25
2013.10.16 12:03:53.195,0.93673,0.93685,1.50,1.13
2013.10.16 12:03:53.725,0.93673,0.93686,1.50,4.13
2013.10.16 12:03:54.823,0.93673,0.93686,2.25,4.88
2013.10.16 12:03:55.259,0.93673,0.93686,2.25,4.50
2013.10.16 12:03:55.403,0.93675,0.93686,1.35,3.38
2013.10.16 12:03:55.465,0.93675,0.93686,1.35,2.25
2013.10.16 12:03:55.643,0.93676,0.93688,2.25,1.50
2013.10.16 12:03:56.183,0.93677,0.93689,2.10,3.38
2013.10.16 12:03:56.323,0.93677,0.93689,1.35,3.38
2013.10.16 12:03:56.743,0.93678,0.9369,2.25,1.13
2013.10.16 12:03:56.923,0.93678,0.9369,2.25,1.13
2013.10.16 12:03:57.483,0.9368,0.93692,1.50,1.88
2013.10.16 12:03:58.033,0.9368,0.93692,1.50,1.88
2013.10.16 12:03:58.983,0.9368,0.93692,1.50,1.88
2013.10.16 12:04:01.562,0.93679,0.93692,3.38,1.88
2013.10.16 12:04:02.188,0.93679,0.93691,2.63,1.13
2013.10.16 12:04:02.953,0.93679,0.9369,2.63,1.88
2013.10.16 12:04:03.540,0.93679,0.9369,1.88,1.88
2013.10.16 12:04:05.512,0.93679,0.9369,1.50,3.38
2013.10.16 12:04:05.633,0.93677,0.93687,2.10,1.50
2013.10.16 12:04:06.113,0.93678,0.93688,1.88,2.25
2013.10.16 12:04:06.173,0.93678,0.93689,1.88,1.13
2013.10.16 12:04:06.352,0.9368,0.93693,2.10,2.25
2013.10.16 12:04:06.654,0.93678,0.93691,4.35,1.50
2013.10.16 12:04:07.012,0.93678,0.93689,1.50,1.50
2013.10.16 12:04:07.518,0.93675,0.93688,2.85,1.50
2013.10.16 12:04:17.563,0.93676,0.93688,1.50,1.50
2013.10.16 12:04:18.103,0.93678,0.9369,1.13,1.13
2013.10.16 12:04:18.163,0.93678,0.93691,2.63,1.50
2013.10.16 12:04:18.283,0.9368,0.93693,1.35,2.63
2013.10.16 12:04:18.788,0.9368,0.93693,2.85,1.88
2013.10.16 12:04:19.463,0.9368,0.93693,3.60,1.88
2013.10.16 12:04:32.363,0.9368,0.93693,4.35,1.50
2013.10.16 12:04:32.783,0.93679,0.93691,1.50,3.38
2013.10.16 12:04:32.843,0.93679,0.9369,1.50,1.13
2013.10.16 12:04:33.523,0.93678,0.93688,3.00,1.13
2013.10.16 12:04:34.004,0.93676,0.93688,2.25,1.88
2013.10.16 12:04:38.003,0.93676,0.93688,3.00,2.25
2013.10.16 12:04:38.609,0.93676,0.93688,3.00,2.25
2013.10.16 12:04:40.507,0.93677,0.93689,2.10,1.50
2013.10.16 12:04:41.053,0.93676,0.93689,3.00,1.50
2013.10.16 12:04:41.173,0.93676,0.93689,2.25,1.50
2013.10.16 12:04:41.787,0.93676,0.93689,2.25,2.25
2013.10.16 12:04:44.872,0.93675,0.93688,1.13,2.25
2013.10.16 12:04:48.244,0.93676,0.93686,1.50,1.13
2013.10.16 12:04:48.428,0.93676,0.93688,1.50,1.50
2013.10.16 12:04:48.494,0.93676,0.93688,1.50,1.50
2013.10.16 12:04:48.853,0.93676,0.93688,1.50,1.50
2013.10.16 12:04:49.750,0.93676,0.93687,2.25,1.13
2013.10.16 12:04:50.437,0.93676,0.93687,1.50,1.13
2013.10.16 12:04:50.924,0.93676,0.93687,1.50,1.13
2013.10.16 12:04:51.463,0.93676,0.93689,2.25,1.50
2013.10.16 12:04:51.642,0.93678,0.9369,2.25,2.25
2013.10.16 12:04:53.570,0.93678,0.9369,1.50,1.50
2013.10.16 12:04:55.733,0.93677,0.93689,2.25,1.50
2013.10.16 12:04:57.774,0.93677,0.9369,2.25,1.50
2013.10.16 12:04:58.545,0.93677,0.93689,2.25,1.50
2013.10.16 12:04:59.322,0.93677,0.9369,2.25,1.50
2013.10.16 12:05:01.013,0.93677,0.9369,2.25,2.25
2013.10.16 12:05:01.573,0.93677,0.9369,3.00,2.25
2013.10.16 12:05:02.844,0.93677,0.9369,3.00,2.25
2013.10.16 12:05:03.626,0.93677,0.9369,3.00,2.25
2013.10.16 12:05:05.286,0.93677,0.9369,3.00,1.50
2013.10.16 12:05:07.244,0.93679,0.9369,1.50,1.50
2013.10.16 12:05:18.034,0.93678,0.9369,4.13,1.50
2013.10.16 12:05:18.093,0.93679,0.9369,2.25,1.50
2013.10.16 12:05:18.701,0.93682,0.93693,1.50,1.88
2013.10.16 12:05:19.024,0.93682,0.93693,1.50,1.13
2013.10.16 12:05:22.133,0.93682,0.93694,3.38,1.13
2013.10.16 12:05:22.673,0.93688,0.93696,2.10,1.13
2013.10.16 12:05:22.733,0.93688,0.93699,2.10,1.50
2013.10.16 12:05:22.794,0.93688,0.937,2.10,1.50
2013.10.16 12:05:23.333,0.93689,0.93699,1.50,1.50
2013.10.16 12:05:29.202,0.93689,0.937,2.25,1.88
2013.10.16 12:05:29.778,0.93688,0.937,2.25,1.88
2013.10.16 12:05:32.986,0.93688,0.937,2.25,1.88
2013.10.16 12:05:33.244,0.93688,0.937,3.00,1.88
2013.10.16 12:05:36.993,0.93688,0.937,2.25,2.25
2013.10.16 12:05:47.503,0.93686,0.937,2.25,4.13
2013.10.16 12:05:49.342,0.93687,0.937,1.50,4.50
2013.10.16 12:05:55.273,0.93686,0.93699,2.25,1.88
2013.10.16 12:06:13.735,0.93686,0.93699,2.63,1.13
2013.10.16 12:06:17.722,0.93687,0.937,1.13,2.25
2013.10.16 12:06:18.158,0.93689,0.937,1.50,1.50
2013.10.16 12:06:20.155,0.93689,0.937,2.25,1.50
2013.10.16 12:06:20.818,0.93689,0.937,2.25,1.50
2013.10.16 12:06:21.374,0.93688,0.937,3.00,1.50
2013.10.16 12:06:23.397,0.93689,0.93701,1.50,2.25
2013.10.16 12:06:31.184,0.93689,0.937,1.50,1.50
2013.10.16 12:06:31.715,0.93689,0.937,1.50,1.50
2013.10.16 12:06:32.475,0.93689,0.937,1.50,1.50
2013.10.16 12:06:33.483,0.93688,0.937,1.50,2.25
2013.10.16 12:06:44.953,0.93688,0.937,1.50,1.50
2013.10.16 12:06:45.313,0.93686,0.93699,1.50,2.25
2013.10.16 12:06:46.404,0.93688,0.93701,3.75,1.88
2013.10.16 12:06:48.913,0.93688,0.93701,3.00,1.88
2013.10.16 12:06:50.515,0.93688,0.937,3.00,1.50
2013.10.16 12:06:58.604,0.93688,0.937,2.25,1.50
2013.10.16 12:06:59.852,0.93688,0.93701,3.00,1.13
2013.10.16 12:07:00.404,0.9369,0.93702,1.50,1.50
2013.10.16 12:07:00.764,0.93697,0.93704,1.50,1.13
2013.10.16 12:07:00.945,0.93696,0.93707,1.50,1.50
2013.10.16 12:07:01.484,0.93697,0.9371,1.50,2.25
2013.10.16 12:07:01.665,0.93697,0.93711,1.50,3.75
2013.10.16 12:07:02.173,0.93697,0.93711,1.50,2.63
2013.10.16 12:07:07.155,0.937,0.93713,1.50,1.88
2013.10.16 12:07:07.214,0.937,0.93713,1.50,2.63
2013.10.16 12:07:09.247,0.937,0.93713,2.25,2.25
2013.10.16 12:07:11.123,0.937,0.93712,2.25,1.50
2013.10.16 12:07:11.867,0.937,0.93711,1.50,1.13
2013.10.16 12:07:19.393,0.93698,0.93711,1.50,2.25
2013.10.16 12:07:20.705,0.93698,0.9371,1.50,1.50
2013.10.16 12:07:20.824,0.93698,0.9371,1.50,3.00
2013.10.16 12:07:21.123,0.93693,0.93701,1.50,1.50
2013.10.16 12:07:21.244,0.93688,0.93701,1.50,2.25
2013.10.16 12:07:21.424,0.93688,0.93698,1.50,1.13
2013.10.16 12:07:21.663,0.93686,0.93698,3.00,1.13
2013.10.16 12:07:22.204,0.93686,0.93698,2.25,1.50
2013.10.16 12:07:22.770,0.93687,0.93698,3.00,1.50
2013.10.16 12:07:24.886,0.93688,0.93698,1.13,1.13
2013.10.16 12:07:25.184,0.93688,0.93699,1.13,1.13
2013.10.16 12:07:26.723,0.93688,0.93699,1.13,1.13
2013.10.16 12:07:27.703,0.93688,0.93699,1.13,1.13
2013.10.16 12:07:32.763,0.93688,0.93699,1.13,1.88
2013.10.16 12:07:32.943,0.93685,0.93696,3.00,1.13
2013.10.16 12:07:33.733,0.93685,0.93696,1.50,1.50
2013.10.16 12:07:34.299,0.93686,0.93696,1.50,1.50
2013.10.16 12:07:36.752,0.93686,0.93698,1.88,1.88
2013.10.16 12:07:37.090,0.93686,0.93696,1.50,1.13
2013.10.16 12:07:39.454,0.93686,0.93697,1.50,1.13
2013.10.16 12:07:39.969,0.93686,0.93697,1.50,1.88
2013.10.16 12:07:40.097,0.93685,0.93694,2.25,1.50
2013.10.16 12:07:40.285,0.93683,0.93693,1.50,2.25
2013.10.16 12:07:40.346,0.93681,0.93693,2.63,2.25
2013.10.16 12:07:40.908,0.93681,0.93692,1.13,1.50
2013.10.16 12:07:41.885,0.93679,0.93692,1.50,1.88
2013.10.16 12:07:42.434,0.93679,0.93692,1.50,1.88
2013.10.16 12:07:43.265,0.93679,0.93692,1.50,2.63
2013.10.16 12:07:45.203,0.93679,0.93691,1.50,1.13
2013.10.16 12:07:46.044,0.93679,0.93691,1.50,1.88
2013.10.16 12:07:50.085,0.93679,0.93691,1.50,1.13
2013.10.16 12:07:50.674,0.93679,0.93692,1.88,1.88
2013.10.16 12:07:50.973,0.93683,0.93694,1.13,1.50
2013.10.16 12:07:51.453,0.93685,0.93697,1.88,1.13
2013.10.16 12:07:51.579,0.93685,0.93699,2.63,1.88
2013.10.16 12:07:52.415,0.93687,0.937,2.25,1.88
2013.10.16 12:07:52.923,0.93687,0.937,2.25,1.88
2013.10.16 12:07:53.884,0.93687,0.937,3.38,1.13
2013.10.16 12:07:54.179,0.93687,0.937,3.38,1.13
2013.10.16 12:07:57.323,0.93687,0.93698,2.25,1.13
2013.10.16 12:07:57.891,0.93687,0.93698,1.50,1.13
2013.10.16 12:08:00.274,0.93687,0.93697,1.50,1.50
2013.10.16 12:08:00.877,0.93686,0.93697,1.13,1.50
2013.10.16 12:08:01.443,0.93686,0.93697,1.13,1.13
2013.10.16 12:08:03.323,0.93686,0.93698,1.13,1.13
2013.10.16 12:08:03.444,0.93685,0.93697,1.88,1.50
2013.10.16 12:08:07.023,0.93685,0.93698,1.88,1.88
2013.10.16 12:08:10.603,0.93685,0.93698,1.88,1.88
2013.10.16 12:08:15.286,0.93689,0.93699,1.13,1.13
2013.10.16 12:08:15.417,0.93689,0.93699,1.50,1.88
2013.10.16 12:08:15.546,0.93686,0.93698,1.50,1.50
2013.10.16 12:08:16.047,0.93686,0.93699,1.50,1.50
2013.10.16 12:08:16.759,0.93686,0.93699,1.50,2.25
2013.10.16 12:08:17.783,0.93686,0.93696,1.50,1.50
2013.10.16 12:08:17.964,0.93682,0.93693,3.00,1.50
2013.10.16 12:08:18.083,0.93682,0.93693,3.00,1.88
2013.10.16 12:08:18.264,0.9368,0.93691,1.50,1.05
2013.10.16 12:08:19.055,0.93678,0.93691,3.38,1.05
2013.10.16 12:08:19.785,0.93678,0.93691,4.13,1.13
2013.10.16 12:08:22.053,0.93678,0.93692,4.13,4.88
2013.10.16 12:08:24.834,0.93678,0.9369,3.38,1.13
2013.10.16 12:08:36.884,0.93678,0.93692,4.13,4.88
2013.10.16 12:08:37.433,0.93678,0.93692,4.13,4.88
2013.10.16 12:08:37.915,0.93683,0.93695,2.25,1.13
2013.10.16 12:08:37.973,0.93683,0.93697,2.25,1.88
2013.10.16 12:08:38.093,0.93685,0.93697,1.50,1.13
2013.10.16 12:08:38.707,0.93685,0.93698,1.50,1.50
2013.10.16 12:08:40.506,0.93685,0.93698,1.50,2.25
2013.10.16 12:08:41.097,0.93684,0.93697,2.25,1.88
2013.10.16 12:08:42.385,0.9369,0.93698,3.00,1.88
2013.10.16 12:08:42.685,0.937,0.9371,1.50,1.50
2013.10.16 12:08:42.923,0.93701,0.93714,1.50,1.50
2013.10.16 12:08:43.436,0.93701,0.93714,1.50,3.00
2013.10.16 12:08:43.496,0.937,0.9371,2.25,1.13
2013.10.16 12:08:44.003,0.93696,0.9371,3.38,4.13
2013.10.16 12:08:44.134,0.93696,0.93709,2.25,1.50
2013.10.16 12:08:46.434,0.93696,0.9371,3.75,3.38
2013.10.16 12:08:46.553,0.93698,0.9371,1.50,2.63
2013.10.16 12:08:48.004,0.93698,0.9371,1.50,2.63
2013.10.16 12:08:48.510,0.93698,0.9371,2.25,1.88
2013.10.16 12:08:49.153,0.93698,0.9371,1.50,1.88
2013.10.16 12:08:49.514,0.93702,0.93708,1.50,1.88
2013.10.16 12:08:49.693,0.93702,0.93714,2.25,2.25
2013.10.16 12:08:49.813,0.93707,0.93714,1.50,1.50
2013.10.16 12:08:49.873,0.93707,0.93718,1.50,1.88
2013.10.16 12:08:50.414,0.93708,0.93719,1.50,1.13
2013.10.16 12:08:50.594,0.93708,0.93719,1.88,1.13
2013.10.16 12:08:51.111,0.93708,0.93719,1.50,1.50
2013.10.16 12:08:51.493,0.93708,0.93719,1.50,1.50
2013.10.16 12:08:52.013,0.93708,0.93718,1.50,1.13
2013.10.16 12:08:52.073,0.93708,0.93718,1.50,1.13
2013.10.16 12:08:52.973,0.93708,0.93718,1.50,1.13
2013.10.16 12:08:54.056,0.93708,0.93718,1.50,1.13
2013.10.16 12:08:54.234,0.93709,0.9372,1.50,1.13
2013.10.16 12:08:54.743,0.93714,0.93725,2.10,1.88
2013.10.16 12:08:55.278,0.93714,0.93725,1.35,1.13
2013.10.16 12:08:58.233,0.93714,0.93724,2.10,1.13
2013.10.16 12:08:58.294,0.93714,0.93722,1.35,1.13
2013.10.16 12:08:58.413,0.93711,0.93719,1.13,1.13
2013.10.16 12:08:59.452,0.93707,0.93719,2.25,1.88
2013.10.16 12:08:59.526,0.93707,0.93719,2.25,1.88
2013.10.16 12:09:00.464,0.93707,0.93718,1.50,1.13
2013.10.16 12:09:01.463,0.93707,0.93718,1.50,1.13
2013.10.16 12:09:07.753,0.93705,0.93718,2.25,2.63
2013.10.16 12:09:08.303,0.93705,0.93718,2.25,1.88
2013.10.16 12:09:09.173,0.93706,0.93718,1.50,1.88
2013.10.16 12:09:09.824,0.93704,0.93717,3.75,1.13
2013.10.16 12:09:10.656,0.93707,0.93718,1.13,1.50
2013.10.16 12:09:10.833,0.93707,0.93719,1.13,2.63
2013.10.16 12:09:11.253,0.93709,0.93719,2.10,1.50
2013.10.16 12:09:11.554,0.93709,0.93721,2.10,2.25
2013.10.16 12:09:12.054,0.93709,0.93721,1.73,3.38
2013.10.16 12:09:12.354,0.93711,0.93721,2.63,3.38
2013.10.16 12:09:12.414,0.93711,0.93723,2.63,1.13
2013.10.16 12:09:12.474,0.93711,0.93724,3.38,1.50
2013.10.16 12:09:12.714,0.93712,0.93724,1.35,1.50
2013.10.16 12:09:13.267,0.9371,0.93723,1.50,1.13
2013.10.16 12:09:13.585,0.93708,0.93721,1.50,1.50
2013.10.16 12:09:13.825,0.93709,0.93721,1.50,1.50
2013.10.16 12:09:15.334,0.93708,0.93721,2.25,2.63
2013.10.16 12:09:18.754,0.93708,0.93721,2.25,2.63
2013.10.16 12:09:20.353,0.93708,0.93721,1.88,1.13
2013.10.16 12:09:21.814,0.93708,0.93721,1.88,1.88
2013.10.16 12:09:22.416,0.93708,0.93719,1.88,1.50
2013.10.16 12:09:28.344,0.93708,0.9372,1.88,1.50
2013.10.16 12:09:28.823,0.93708,0.93719,1.50,2.63
2013.10.16 12:09:32.175,0.93707,0.9372,2.63,3.00
2013.10.16 12:09:32.688,0.93708,0.93719,1.35,1.50
2013.10.16 12:09:33.110,0.93708,0.9372,1.35,1.88
2013.10.16 12:09:34.925,0.93708,0.9372,1.35,1.88
2013.10.16 12:09:42.426,0.93707,0.93718,3.60,1.50
2013.10.16 12:09:42.983,0.93707,0.93718,2.63,1.88
2013.10.16 12:09:43.364,0.93708,0.9372,1.50,1.13
2013.10.16 12:09:43.914,0.93708,0.93718,1.50,1.13
2013.10.16 12:09:45.175,0.93708,0.93718,1.50,1.13
2013.10.16 12:09:45.584,0.93709,0.9372,1.73,1.13
2013.10.16 12:09:47.703,0.93709,0.93719,1.73,1.13
2013.10.16 12:09:47.823,0.93709,0.93719,1.73,1.13
2013.10.16 12:09:48.283,0.93707,0.93718,1.50,1.13
2013.10.16 12:09:50.296,0.93706,0.93718,2.10,1.13
2013.10.16 12:09:50.505,0.93707,0.93718,1.50,1.13
2013.10.16 12:09:52.694,0.93708,0.93718,2.10,1.50
2013.10.16 12:09:53.204,0.93708,0.93718,2.10,1.50
2013.10.16 12:09:54.769,0.93709,0.9372,1.50,3.38
2013.10.16 12:09:56.103,0.93708,0.9372,1.88,2.25
2013.10.16 12:09:58.133,0.93708,0.9372,1.50,2.25
2013.10.16 12:10:00.384,0.93708,0.9372,1.50,1.50
2013.10.16 12:10:00.923,0.93708,0.9372,2.25,1.50
2013.10.16 12:10:02.704,0.93706,0.9372,2.25,3.38
2013.10.16 12:10:03.813,0.93706,0.93718,2.25,1.13
2013.10.16 12:10:04.364,0.93708,0.93718,1.50,1.13
2013.10.16 12:10:05.547,0.93709,0.9372,1.50,1.88
2013.10.16 12:10:06.094,0.93711,0.93722,1.13,1.13
2013.10.16 12:10:07.952,0.9371,0.93721,1.88,1.13
2013.10.16 12:10:09.304,0.9371,0.93722,2.25,2.63
2013.10.16 12:10:09.423,0.93712,0.93724,1.73,2.25
2013.10.16 12:10:09.844,0.93713,0.93722,1.50,1.13
2013.10.16 12:10:10.325,0.93712,0.93723,1.13,1.13
2013.10.16 12:10:10.563,0.93711,0.93722,2.10,1.13
2013.10.16 12:10:10.993,0.93711,0.93722,2.48,1.13
2013.10.16 12:10:11.053,0.93711,0.93722,2.48,1.88
2013.10.16 12:10:11.296,0.9371,0.93721,1.73,1.88
2013.10.16 12:10:12.174,0.9371,0.93721,2.48,1.13
2013.10.16 12:10:13.965,0.9371,0.9372,1.13,1.13
2013.10.16 12:10:14.413,0.93709,0.93719,3.23,1.50
2013.10.16 12:10:14.714,0.93707,0.93718,1.13,1.13
2013.10.16 12:10:15.274,0.93706,0.93719,2.25,3.38
2013.10.16 12:10:15.944,0.93708,0.93718,1.50,1.13
2013.10.16 12:10:17.024,0.93708,0.93721,1.50,3.00
2013.10.16 12:10:17.564,0.93708,0.93721,2.25,1.88
2013.10.16 12:10:20.634,0.93708,0.93722,2.25,2.63
2013.10.16 12:10:21.385,0.93708,0.93722,2.25,2.63
2013.10.16 12:10:21.930,0.93708,0.93722,2.25,2.63
2013.10.16 12:10:22.487,0.93708,0.9372,1.50,1.50
2013.10.16 12:10:24.373,0.93708,0.93721,2.25,1.50
2013.10.16 12:10:25.844,0.93708,0.93721,1.50,4.50
2013.10.16 12:10:26.153,0.93705,0.93718,4.73,1.50
2013.10.16 12:10:26.213,0.93705,0.93718,4.35,2.25
2013.10.16 12:10:26.477,0.93705,0.93717,1.50,1.13
2013.10.16 12:10:27.025,0.93705,0.93717,1.50,1.13
2013.10.16 12:10:27.156,0.93705,0.93717,1.50,1.13
2013.10.16 12:10:27.603,0.93705,0.93717,2.25,1.13
2013.10.16 12:10:27.995,0.93706,0.93718,2.25,3.00
2013.10.16 12:10:28.405,0.93708,0.93719,1.50,1.13
2013.10.16 12:10:28.900,0.93708,0.9372,2.25,1.88
2013.10.16 12:10:29.424,0.93709,0.9372,1.50,1.13
2013.10.16 12:10:30.885,0.9371,0.9372,1.50,1.13
2013.10.16 12:10:31.609,0.9371,0.9372,1.50,1.13
2013.10.16 12:10:32.277,0.9371,0.93721,1.88,4.13
2013.10.16 12:10:32.523,0.93713,0.93724,2.25,2.25
2013.10.16 12:10:32.853,0.93714,0.93727,1.50,2.63
2013.10.16 12:10:33.533,0.93713,0.93726,3.00,1.50
2013.10.16 12:10:34.555,0.93714,0.93726,1.50,1.50
2013.10.16 12:10:34.976,0.93713,0.93726,3.00,2.25
2013.10.16 12:10:35.526,0.93713,0.93725,3.75,1.50
2013.10.16 12:10:35.848,0.93714,0.93725,1.50,1.50
2013.10.16 12:10:38.784,0.93714,0.93724,1.50,1.13
2013.10.16 12:10:38.964,0.9371,0.93723,3.23,3.00
2013.10.16 12:10:39.528,0.9371,0.93721,2.25,2.25
2013.10.16 12:10:41.733,0.9371,0.93721,2.25,2.63
2013.10.16 12:10:45.854,0.9371,0.93719,1.50,1.13
2013.10.16 12:10:46.405,0.9371,0.93719,1.50,1.13
2013.10.16 12:10:46.965,0.9371,0.93719,1.50,1.13
2013.10.16 12:10:48.337,0.93709,0.9372,2.25,1.13
2013.10.16 12:10:48.965,0.93709,0.9372,2.25,1.13
2013.10.16 12:10:49.475,0.93709,0.9372,1.50,1.13
2013.10.16 12:10:49.967,0.93707,0.93717,1.35,1.13
2013.10.16 12:10:54.383,0.93707,0.93717,1.35,1.13
2013.10.16 12:10:55.803,0.93707,0.93717,1.35,1.88
2013.10.16 12:10:56.306,0.93707,0.93717,1.35,1.88
2013.10.16 12:10:59.164,0.93708,0.93718,2.10,1.13
2013.10.16 12:10:59.495,0.93708,0.93718,1.35,1.13
2013.10.16 12:11:00.755,0.93708,0.93719,1.35,1.88
2013.10.16 12:11:00.933,0.9371,0.9372,2.85,1.13
2013.10.16 12:11:01.173,0.9371,0.93721,2.85,2.63
2013.10.16 12:11:01.760,0.93711,0.93721,1.35,1.13
2013.10.16 12:11:02.303,0.93711,0.93721,1.35,1.13
2013.10.16 12:11:02.844,0.93711,0.93721,1.35,1.13
2013.10.16 12:11:03.383,0.9371,0.93721,3.60,1.13
2013.10.16 12:11:03.564,0.9371,0.93721,2.85,4.13
2013.10.16 12:11:04.104,0.9371,0.93719,2.85,1.50
2013.10.16 12:11:04.468,0.93711,0.93721,1.35,2.63
2013.10.16 12:11:11.279,0.93711,0.9372,1.35,1.13
2013.10.16 12:11:13.084,0.93712,0.93721,1.50,2.63
2013.10.16 12:11:13.444,0.93712,0.93722,1.50,2.25
2013.10.16 12:11:15.084,0.9371,0.93722,2.25,3.75
2013.10.16 12:11:15.264,0.9371,0.9372,1.35,3.38
2013.10.16 12:11:15.938,0.9371,0.9372,1.35,1.88
2013.10.16 12:11:16.628,0.9371,0.9372,1.35,1.88
2013.10.16 12:11:17.344,0.93708,0.93719,2.25,1.13
2013.10.16 12:11:17.953,0.93709,0.9372,1.13,1.50
2013.10.16 12:11:18.633,0.9371,0.9372,1.13,1.50
2013.10.16 12:11:18.993,0.93713,0.9372,2.48,1.50
2013.10.16 12:11:19.114,0.93713,0.93722,2.48,3.75
2013.10.16 12:11:19.654,0.93713,0.93722,2.48,3.00
2013.10.16 12:11:20.584,0.93714,0.93723,1.50,1.50
2013.10.16 12:11:20.706,0.93715,0.93726,2.25,1.13
2013.10.16 12:11:20.824,0.93715,0.93728,2.25,2.63
2013.10.16 12:11:21.414,0.93716,0.93728,2.25,1.50
2013.10.16 12:11:27.213,0.93717,0.93728,1.50,1.50
2013.10.16 12:11:37.993,0.93717,0.93728,1.50,1.50
2013.10.16 12:11:38.353,0.93715,0.93727,1.50,1.13
2013.10.16 12:11:41.004,0.93716,0.93727,1.50,1.13
2013.10.16 12:11:41.305,0.93717,0.93729,1.88,2.63
2013.10.16 12:11:41.364,0.93718,0.93729,1.13,2.63
2013.10.16 12:11:41.904,0.93718,0.93728,1.13,1.88
2013.10.16 12:11:42.609,0.93717,0.93728,1.50,1.50
2013.10.16 12:11:43.085,0.93717,0.93728,1.88,1.50
2013.10.16 12:11:43.444,0.93722,0.93729,2.48,1.50
2013.10.16 12:11:44.673,0.93718,0.93729,1.13,1.50
2013.10.16 12:11:46.894,0.93715,0.93727,4.13,1.50
2013.10.16 12:11:47.336,0.93714,0.93725,2.10,1.50
2013.10.16 12:11:50.262,0.93715,0.93726,1.73,2.25
2013.10.16 12:11:50.448,0.93719,0.93728,1.73,1.50
2013.10.16 12:11:51.063,0.93717,0.93728,1.50,2.25
2013.10.16 12:11:51.124,0.93716,0.93727,2.10,1.50
2013.10.16 12:11:54.583,0.93716,0.93728,2.10,3.38
2013.10.16 12:11:54.884,0.93723,0.93733,2.85,3.00
2013.10.16 12:11:54.943,0.93723,0.93734,3.60,1.13
2013.10.16 12:11:55.124,0.93726,0.93737,1.13,2.25
2013.10.16 12:11:55.303,0.93726,0.93738,2.25,3.38
2013.10.16 12:11:55.665,0.93726,0.93738,1.88,3.00
2013.10.16 12:11:55.966,0.93741,0.93746,1.88,2.25
2013.10.16 12:11:56.099,0.93744,0.93753,1.13,1.50
2013.10.16 12:11:56.167,0.93748,0.93755,1.88,1.73
2013.10.16 12:11:56.356,0.93744,0.93753,2.25,2.63
2013.10.16 12:11:56.656,0.93742,0.9375,1.50,1.50
2013.10.16 12:11:56.834,0.93738,0.9375,3.00,2.63
2013.10.16 12:11:56.955,0.93738,0.9375,3.38,1.88
2013.10.16 12:11:57.316,0.93741,0.93751,1.50,1.13
2013.10.16 12:11:57.936,0.93741,0.93752,1.50,1.88
2013.10.16 12:11:57.995,0.93741,0.93753,3.98,3.00
2013.10.16 12:11:58.174,0.93747,0.93755,1.88,2.25
2013.10.16 12:11:58.234,0.93747,0.93755,1.88,1.50
2013.10.16 12:11:58.294,0.93748,0.93759,1.50,1.50
2013.10.16 12:11:58.833,0.9375,0.93761,2.25,1.13
2013.10.16 12:12:00.164,0.9375,0.93758,2.25,1.13
2013.10.16 12:12:00.284,0.9375,0.93758,1.50,1.13
2013.10.16 12:12:00.405,0.93747,0.93758,4.13,1.88
2013.10.16 12:12:00.704,0.93749,0.93759,1.13,1.50
2013.10.16 12:12:01.309,0.93748,0.9376,2.63,2.25
2013.10.16 12:12:01.887,0.93748,0.93759,1.50,1.13
2013.10.16 12:12:02.015,0.93748,0.9376,2.25,2.25
2013.10.16 12:12:02.074,0.93747,0.93758,1.50,1.50
2013.10.16 12:12:02.374,0.93748,0.93758,1.50,1.13
2013.10.16 12:12:02.733,0.93749,0.9376,2.25,1.13
2013.10.16 12:12:02.914,0.9375,0.93759,2.25,1.50
2013.10.16 12:12:03.764,0.93751,0.93762,1.50,2.63
2013.10.16 12:12:04.305,0.93752,0.93761,1.50,1.13
2013.10.16 12:12:06.425,0.93751,0.9376,1.50,1.13
2013.10.16 12:12:06.954,0.93751,0.93762,1.50,3.00
2013.10.16 12:12:07.194,0.93752,0.93762,3.98,1.50
2013.10.16 12:12:07.315,0.93752,0.93765,3.60,1.50
2013.10.16 12:12:07.434,0.93754,0.93766,1.73,4.50
2013.10.16 12:12:08.004,0.93755,0.93766,1.13,3.00
2013.10.16 12:12:08.147,0.93754,0.93766,1.35,3.00
2013.10.16 12:12:08.264,0.93754,0.93766,2.85,3.00
2013.10.16 12:12:09.294,0.93754,0.93765,3.98,1.13
2013.10.16 12:12:09.475,0.93752,0.93763,2.63,1.50
2013.10.16 12:12:09.833,0.9375,0.93762,1.88,2.25
2013.10.16 12:12:10.133,0.93748,0.9376,2.25,1.50
2013.10.16 12:12:10.675,0.93748,0.9376,1.13,3.00
2013.10.16 12:12:13.723,0.93748,0.9376,1.13,1.88
2013.10.16 12:12:14.024,0.9375,0.9376,1.35,1.13
2013.10.16 12:12:14.903,0.9375,0.93761,2.10,1.88
2013.10.16 12:12:17.154,0.9375,0.93761,2.10,2.63
2013.10.16 12:12:17.513,0.93746,0.93758,5.10,1.88
2013.10.16 12:12:19.076,0.93746,0.93759,5.10,2.93
2013.10.16 12:12:19.196,0.93746,0.93759,1.50,3.68
2013.10.16 12:12:19.375,0.93745,0.93758,2.25,2.25
2013.10.16 12:12:19.921,0.93744,0.93756,3.00,1.50
2013.10.16 12:12:20.743,0.93744,0.93756,2.25,1.88
2013.10.16 12:12:21.294,0.93744,0.93756,2.25,1.50
2013.10.16 12:12:22.586,0.93746,0.93756,1.13,1.50
2013.10.16 12:12:22.943,0.93751,0.93759,1.50,1.50
2013.10.16 12:12:23.004,0.93751,0.93761,1.50,1.13
2013.10.16 12:12:24.074,0.93749,0.93761,1.88,1.13
2013.10.16 12:12:25.323,0.93749,0.9376,1.50,1.13
2013.10.16 12:12:26.006,0.93749,0.93757,1.50,1.50
2013.10.16 12:12:26.125,0.93746,0.93757,1.50,2.25
2013.10.16 12:12:26.425,0.93743,0.93756,1.88,3.75
2013.10.16 12:12:26.547,0.93742,0.93753,1.50,1.13
2013.10.16 12:12:26.858,0.93741,0.93753,1.50,1.88
2013.10.16 12:12:26.994,0.93741,0.93753,1.88,1.88
2013.10.16 12:12:27.915,0.93743,0.93754,1.13,1.50
2013.10.16 12:12:28.506,0.93742,0.93754,1.13,1.88
2013.10.16 12:12:29.043,0.93743,0.93755,1.13,1.50
2013.10.16 12:12:30.174,0.93743,0.93754,1.13,1.13
2013.10.16 12:12:31.005,0.93742,0.93753,1.13,2.25
2013.10.16 12:12:33.464,0.9374,0.93753,1.50,2.25
2013.10.16 12:12:37.793,0.93739,0.93752,1.50,1.50
2013.10.16 12:12:38.318,0.93738,0.9375,3.00,1.50
2013.10.16 12:12:38.875,0.93738,0.9375,2.25,1.50
2013.10.16 12:12:39.315,0.93738,0.9375,3.00,1.50
2013.10.16 12:12:40.553,0.9374,0.93751,1.50,1.88
2013.10.16 12:12:43.624,0.9374,0.93751,1.50,1.88
2013.10.16 12:12:44.474,0.9374,0.93751,1.50,1.50
2013.10.16 12:12:45.017,0.9374,0.93751,1.50,1.50
2013.10.16 12:12:45.406,0.9374,0.93747,1.50,1.13
2013.10.16 12:12:45.464,0.93737,0.93749,1.88,1.50
2013.10.16 12:12:45.525,0.93737,0.93744,1.88,1.13
2013.10.16 12:12:45.766,0.93734,0.93743,1.13,1.88
2013.10.16 12:12:45.829,0.93734,0.93743,1.13,1.88
2013.10.16 12:12:46.015,0.93731,0.93743,1.88,1.50
2013.10.16 12:12:46.193,0.93733,0.93745,2.25,1.88
2013.10.16 12:12:46.313,0.93733,0.93744,1.50,1.50
2013.10.16 12:12:47.030,0.93732,0.93744,1.50,1.50
2013.10.16 12:12:47.773,0.93733,0.93745,2.25,1.13
2013.10.16 12:12:48.484,0.93734,0.93745,1.50,1.50
2013.10.16 12:12:49.041,0.93735,0.93746,1.50,1.13
2013.10.16 12:12:49.653,0.93735,0.93746,2.25,1.13
2013.10.16 12:12:55.787,0.93739,0.93746,1.88,1.13
2013.10.16 12:12:55.966,0.93743,0.93754,1.73,1.50
2013.10.16 12:12:56.025,0.93748,0.93756,1.50,1.88
2013.10.16 12:12:56.206,0.93749,0.9376,2.10,1.88
2013.10.16 12:12:56.385,0.93749,0.93761,2.10,1.50
2013.10.16 12:12:57.114,0.93749,0.93761,2.10,1.50
2013.10.16 12:12:57.633,0.9375,0.9376,1.13,1.50
2013.10.16 12:12:58.305,0.9375,0.9376,1.50,1.50
2013.10.16 12:12:58.824,0.93749,0.9376,2.10,1.50
2013.10.16 12:12:59.364,0.93749,0.9376,2.10,1.50
2013.10.16 12:12:59.904,0.9375,0.9376,2.25,1.50
2013.10.16 12:13:00.583,0.9375,0.9376,1.50,1.50
2013.10.16 12:13:01.084,0.93751,0.93761,1.13,1.50
2013.10.16 12:13:01.413,0.93751,0.93761,1.13,1.50
2013.10.16 12:13:02.084,0.93749,0.93761,3.60,1.50
2013.10.16 12:13:03.103,0.93752,0.93764,1.50,3.75
2013.10.16 12:13:03.983,0.93752,0.93764,3.00,2.25
2013.10.16 12:13:04.605,0.93752,0.93764,2.25,2.25
2013.10.16 12:13:05.376,0.93752,0.93764,3.00,1.13
2013.10.16 12:13:08.184,0.93752,0.93764,2.25,2.25
2013.10.16 12:13:08.364,0.93751,0.93762,1.50,1.50
2013.10.16 12:13:08.603,0.93749,0.93761,2.25,2.63
2013.10.16 12:13:08.724,0.93748,0.93759,1.50,1.50
2013.10.16 12:13:09.563,0.93746,0.93758,3.00,1.50
2013.10.16 12:13:10.266,0.93746,0.93758,1.50,1.50
2013.10.16 12:13:12.464,0.93747,0.93758,1.35,1.50
2013.10.16 12:13:12.983,0.93748,0.93758,1.50,1.50
2013.10.16 12:13:13.044,0.93748,0.9376,2.25,1.50
2013.10.16 12:13:13.285,0.9375,0.93762,1.50,2.25
2013.10.16 12:13:13.593,0.9375,0.93761,3.00,1.50
2013.10.16 12:13:15.780,0.9375,0.93762,3.00,1.50
2013.10.16 12:13:16.084,0.93754,0.93764,4.35,1.50
2013.10.16 12:13:16.204,0.93754,0.93764,4.35,1.50
2013.10.16 12:13:16.722,0.93754,0.93766,4.35,1.88
2013.10.16 12:13:17.359,0.93753,0.93764,2.25,1.50
2013.10.16 12:13:18.060,0.93753,0.93764,2.25,1.88
2013.10.16 12:13:18.597,0.93753,0.93764,2.25,1.88
2013.10.16 12:13:19.674,0.93753,0.93764,2.85,1.88
2013.10.16 12:13:21.216,0.93753,0.93763,2.85,1.13
2013.10.16 12:13:21.774,0.93753,0.93764,2.85,1.13
2013.10.16 12:13:22.994,0.93753,0.93764,2.10,2.25
2013.10.16 12:13:23.115,0.93751,0.93762,1.50,2.25
2013.10.16 12:13:23.414,0.93748,0.93757,1.50,1.50
2013.10.16 12:13:23.687,0.93746,0.93757,2.10,1.50
2013.10.16 12:13:24.674,0.93746,0.93757,2.85,1.50
2013.10.16 12:13:25.303,0.93746,0.93758,2.85,2.25
2013.10.16 12:13:25.734,0.93748,0.93758,1.35,2.25
2013.10.16 12:13:27.001,0.93743,0.93752,2.10,1.50
2013.10.16 12:13:27.574,0.93741,0.93752,1.50,1.50
2013.10.16 12:13:29.193,0.93742,0.93753,1.50,2.25
2013.10.16 12:13:29.734,0.93742,0.93754,3.75,2.63
2013.10.16 12:13:31.646,0.93742,0.93754,3.75,3.00
2013.10.16 12:13:32.424,0.93742,0.93753,4.50,1.50
2013.10.16 12:13:37.894,0.93742,0.93753,3.75,1.50
2013.10.16 12:13:38.431,0.93742,0.93754,3.75,3.00
2013.10.16 12:13:40.955,0.93742,0.93754,3.75,3.00
2013.10.16 12:13:41.765,0.93742,0.93754,2.25,3.00
2013.10.16 12:13:42.510,0.93741,0.93753,3.00,1.50
2013.10.16 12:13:48.897,0.93741,0.93753,3.00,1.50
2013.10.16 12:13:49.431,0.93741,0.93754,2.25,3.75
2013.10.16 12:13:51.352,0.93741,0.93753,2.25,1.50
2013.10.16 12:13:51.915,0.93741,0.93753,2.25,1.50
2013.10.16 12:13:52.443,0.93741,0.93753,3.00,1.50
2013.10.16 12:13:53.796,0.93741,0.93754,3.00,3.75
2013.10.16 12:13:56.464,0.93742,0.93753,1.50,1.50
2013.10.16 12:13:57.276,0.93743,0.93754,1.50,1.50
2013.10.16 12:13:59.204,0.93744,0.93755,2.25,1.50
2013.10.16 12:14:00.423,0.93744,0.93756,3.00,3.00
2013.10.16 12:14:03.824,0.93744,0.93755,2.25,1.13
2013.10.16 12:14:06.094,0.93744,0.93755,2.25,1.13
2013.10.16 12:14:06.774,0.93744,0.93755,3.00,1.13
2013.10.16 12:14:09.654,0.93744,0.93756,3.75,2.63
2013.10.16 12:14:10.193,0.93745,0.93755,1.50,1.13
2013.10.16 12:14:10.705,0.93745,0.93755,1.50,1.13
2013.10.16 12:14:12.594,0.93744,0.93755,3.00,1.13
2013.10.16 12:14:26.133,0.93746,0.93756,1.50,2.63
2013.10.16 12:14:26.374,0.93747,0.93758,1.50,1.88
2013.10.16 12:14:27.164,0.93747,0.93759,3.00,1.50
2013.10.16 12:14:27.344,0.93749,0.93759,1.50,1.50
2013.10.16 12:14:29.908,0.93749,0.9376,1.50,2.25
2013.10.16 12:14:30.415,0.93749,0.9376,1.50,2.63
2013.10.16 12:14:32.625,0.9375,0.9376,1.50,2.63
2013.10.16 12:14:35.285,0.93748,0.9376,2.25,2.63
2013.10.16 12:14:35.656,0.93748,0.93758,1.50,1.50
2013.10.16 12:14:36.165,0.93748,0.93759,2.25,1.13
2013.10.16 12:14:36.716,0.93748,0.93758,2.25,1.13
2013.10.16 12:14:37.245,0.93748,0.93757,2.25,1.50
2013.10.16 12:14:42.976,0.93747,0.93758,1.50,2.25
2013.10.16 12:14:44.165,0.93746,0.93758,3.00,2.63
2013.10.16 12:14:46.278,0.93746,0.93758,1.50,3.38
2013.10.16 12:14:50.344,0.93744,0.93756,1.50,1.88
2013.10.16 12:14:50.703,0.93744,0.93756,1.50,1.88
2013.10.16 12:14:52.568,0.93745,0.93756,1.50,1.88
2013.10.16 12:14:55.695,0.93747,0.93756,1.50,1.50
2013.10.16 12:14:56.857,0.93748,0.93756,1.50,1.50
2013.10.16 12:14:56.915,0.93748,0.93756,1.50,2.25
2013.10.16 12:14:57.456,0.93748,0.93756,1.50,1.50
2013.10.16 12:14:57.714,0.93745,0.93755,3.00,1.13
2013.10.16 12:14:58.017,0.93745,0.93752,1.88,1.50
2013.10.16 12:14:58.569,0.93744,0.93752,2.25,1.50
2013.10.16 12:14:58.634,0.93742,0.93752,2.10,1.50
2013.10.16 12:14:58.896,0.93742,0.93753,2.10,1.50
2013.10.16 12:14:59.015,0.93742,0.93753,1.35,1.50
2013.10.16 12:15:00.574,0.93742,0.93754,2.10,1.50
2013.10.16 12:15:01.114,0.93743,0.93754,1.88,1.50
2013.10.16 12:15:01.297,0.93745,0.93756,2.25,2.18
2013.10.16 12:15:01.367,0.93746,0.93756,1.50,1.05
2013.10.16 12:15:01.616,0.93746,0.93758,1.50,3.00
2013.10.16 12:15:01.675,0.93746,0.93756,1.50,1.13
2013.10.16 12:15:02.420,0.93746,0.93756,2.25,1.13
2013.10.16 12:15:02.776,0.93748,0.93756,1.50,1.13
2013.10.16 12:15:03.539,0.93748,0.9376,1.50,1.50
2013.10.16 12:15:03.606,0.93748,0.93761,1.50,2.25
2013.10.16 12:15:03.905,0.93751,0.93761,1.50,1.13
2013.10.16 12:15:04.426,0.93751,0.93759,1.50,1.13
2013.10.16 12:15:05.264,0.93751,0.93759,1.50,1.88
2013.10.16 12:15:05.964,0.93751,0.93759,1.50,1.88
2013.10.16 12:15:06.144,0.93751,0.9376,1.50,1.13
2013.10.16 12:15:06.336,0.9375,0.9376,1.88,1.13
2013.10.16 12:15:06.574,0.9375,0.9376,1.88,1.88
2013.10.16 12:15:07.097,0.93749,0.93757,1.50,1.13
2013.10.16 12:15:07.287,0.93745,0.93755,2.25,1.88
2013.10.16 12:15:07.826,0.93745,0.93754,1.50,3.38
2013.10.16 12:15:07.884,0.93741,0.93754,1.88,3.38
2013.10.16 12:15:08.184,0.93741,0.93753,1.88,2.25
2013.10.16 12:15:08.709,0.93741,0.93753,1.50,2.63
2013.10.16 12:15:09.166,0.93741,0.93751,3.38,1.50
2013.10.16 12:15:09.527,0.93745,0.93753,1.50,1.50
2013.10.16 12:15:10.364,0.93745,0.93754,2.25,1.50
2013.10.16 12:15:11.388,0.93747,0.93757,1.50,1.50
2013.10.16 12:15:11.456,0.93747,0.93757,1.50,1.50
2013.10.16 12:15:11.814,0.9375,0.9376,1.50,1.50
2013.10.16 12:15:12.354,0.93746,0.93756,2.25,1.13
2013.10.16 12:15:12.934,0.93747,0.93755,1.50,1.13
2013.10.16 12:15:13.294,0.93745,0.93754,2.25,1.13
2013.10.16 12:15:13.686,0.93743,0.93755,1.50,2.63
2013.10.16 12:15:13.814,0.93744,0.93754,1.50,1.13
2013.10.16 12:15:14.178,0.93745,0.93754,1.50,1.13
2013.10.16 12:15:14.244,0.93745,0.93754,1.50,1.13
2013.10.16 12:15:14.364,0.93744,0.93753,1.50,2.25
2013.10.16 12:15:14.605,0.93744,0.93753,1.50,3.00
2013.10.16 12:15:14.966,0.93746,0.93753,2.25,2.25
2013.10.16 12:15:15.674,0.93745,0.93752,2.25,1.50
2013.10.16 12:15:15.915,0.93743,0.93752,1.50,1.88
2013.10.16 12:15:16.464,0.93743,0.93752,2.25,1.50
2013.10.16 12:15:16.884,0.93745,0.93756,2.25,2.25
2013.10.16 12:15:18.244,0.93746,0.93756,1.50,2.25
2013.10.16 12:15:19.529,0.93745,0.93754,1.50,1.13
2013.10.16 12:15:19.904,0.93745,0.93751,1.50,1.13
2013.10.16 12:15:20.084,0.93741,0.93749,1.50,2.63
2013.10.16 12:15:20.144,0.9374,0.93749,1.50,4.13
2013.10.16 12:15:20.204,0.93738,0.93749,1.88,3.75
2013.10.16 12:15:20.565,0.93736,0.93745,1.50,1.13
2013.10.16 12:15:20.923,0.93734,0.93744,1.50,1.13
2013.10.16 12:15:21.554,0.93733,0.93744,2.10,1.13
2013.10.16 12:15:21.745,0.93733,0.93744,2.10,1.13
2013.10.16 12:15:22.104,0.93733,0.93745,1.35,2.25
2013.10.16 12:15:22.300,0.93731,0.93741,1.50,1.13
2013.10.16 12:15:22.367,0.93732,0.93742,2.25,1.88
2013.10.16 12:15:22.436,0.93733,0.9374,1.50,1.50
2013.10.16 12:15:22.745,0.93734,0.93742,1.50,1.13
2013.10.16 12:15:23.106,0.93738,0.93746,1.50,1.88
2013.10.16 12:15:23.734,0.93736,0.93745,1.50,1.50
2013.10.16 12:15:23.914,0.93736,0.93747,1.50,1.13
2013.10.16 12:15:24.154,0.93736,0.93747,2.25,1.13
2013.10.16 12:15:24.394,0.93737,0.93748,1.50,3.00
2013.10.16 12:15:24.935,0.9374,0.93751,1.50,2.25
2013.10.16 12:15:25.517,0.9374,0.9375,1.50,3.00
2013.10.16 12:15:25.635,0.9374,0.93749,1.50,1.50
2013.10.16 12:15:25.895,0.9374,0.9375,1.50,2.25
2013.10.16 12:15:26.476,0.9374,0.93749,1.50,1.50
2013.10.16 12:15:27.867,0.9374,0.9375,2.25,2.63
2013.10.16 12:15:27.936,0.93744,0.9375,1.50,1.13
2013.10.16 12:15:28.475,0.93743,0.93752,1.50,1.13
2013.10.16 12:15:28.595,0.93741,0.93752,1.50,1.50
2013.10.16 12:15:29.138,0.93739,0.93751,2.25,1.88
2013.10.16 12:15:29.955,0.93741,0.9375,2.25,1.13
2013.10.16 12:15:31.278,0.93741,0.93751,4.50,1.13
2013.10.16 12:15:31.346,0.93741,0.93751,4.50,1.13
2013.10.16 12:15:31.856,0.93741,0.93751,3.00,1.13
2013.10.16 12:15:34.114,0.93741,0.93751,2.25,1.88
2013.10.16 12:15:34.415,0.9374,0.93747,1.50,1.50
2013.10.16 12:15:34.595,0.93736,0.93746,2.25,1.50
2013.10.16 12:15:34.716,0.93736,0.93744,1.50,1.13
2013.10.16 12:15:35.265,0.93734,0.93744,1.50,1.13
2013.10.16 12:15:35.806,0.93732,0.93744,1.50,1.13
2013.10.16 12:15:36.365,0.93732,0.93744,1.50,3.00
2013.10.16 12:15:36.484,0.9373,0.93742,1.13,1.88
2013.10.16 12:15:36.844,0.93726,0.93737,1.50,1.13
2013.10.16 12:15:37.205,0.93726,0.93738,1.50,1.88
2013.10.16 12:15:38.164,0.93725,0.93737,2.25,2.25
2013.10.16 12:15:38.524,0.93725,0.93735,1.50,2.25
2013.10.16 12:15:39.464,0.93725,0.93734,1.50,1.88
2013.10.16 12:15:43.144,0.93728,0.93737,1.50,1.50
2013.10.16 12:15:43.205,0.93728,0.9374,2.25,2.25
2013.10.16 12:15:43.265,0.93731,0.9374,1.50,1.13
2013.10.16 12:15:43.386,0.93733,0.93743,1.50,1.13
2013.10.16 12:15:43.504,0.93733,0.93746,1.50,2.63
2013.10.16 12:15:43.624,0.93733,0.93746,3.00,2.63
2013.10.16 12:15:44.104,0.93733,0.93744,1.50,3.00
2013.10.16 12:15:44.164,0.93732,0.93743,1.13,2.25
2013.10.16 12:15:44.465,0.93731,0.93741,1.50,1.50
2013.10.16 12:15:45.557,0.93732,0.93741,1.13,1.13
2013.10.16 12:15:46.069,0.93732,0.93742,1.13,1.88
2013.10.16 12:15:47.658,0.93731,0.93741,1.50,1.50
2013.10.16 12:15:48.826,0.9373,0.93741,1.73,1.50
2013.10.16 12:15:49.184,0.93729,0.93739,2.10,1.50
2013.10.16 12:15:49.825,0.93729,0.93739,1.35,2.25
2013.10.16 12:15:56.094,0.9373,0.93741,1.73,1.50
2013.10.16 12:15:56.575,0.9373,0.93743,3.23,1.50
2013.10.16 12:15:59.505,0.93731,0.93743,1.50,2.25
2013.10.16 12:15:59.865,0.9373,0.93741,2.63,1.50
2013.10.16 12:15:59.926,0.93731,0.93741,1.50,1.13
2013.10.16 12:15:59.985,0.9373,0.93741,1.88,1.88
2013.10.16 12:16:00.224,0.9373,0.93741,1.73,2.25
2013.10.16 12:16:00.465,0.93733,0.93743,1.50,1.88
2013.10.16 12:16:00.585,0.93734,0.93743,1.50,1.50
2013.10.16 12:16:01.436,0.93732,0.93743,1.50,1.50
2013.10.16 12:16:01.614,0.93732,0.93743,1.50,1.50
2013.10.16 12:16:02.115,0.93731,0.93742,1.13,1.50
2013.10.16 12:16:03.574,0.93735,0.93743,1.13,1.50
2013.10.16 12:16:03.645,0.93737,0.93748,1.35,1.88
2013.10.16 12:16:03.765,0.93737,0.93748,2.85,1.88
2013.10.16 12:16:04.835,0.93738,0.93748,1.50,1.50
2013.10.16 12:16:05.384,0.93737,0.93747,1.35,1.50
2013.10.16 12:16:05.504,0.93736,0.93748,3.23,1.50
2013.10.16 12:16:05.863,0.93737,0.9375,2.10,2.63
2013.10.16 12:16:06.414,0.93737,0.9375,2.10,3.00
2013.10.16 12:16:06.950,0.93738,0.9375,1.50,3.00
2013.10.16 12:16:10.317,0.93739,0.9375,1.50,1.50
2013.10.16 12:16:10.917,0.93739,0.93751,3.00,2.25
2013.10.16 12:16:11.704,0.93739,0.9375,1.50,1.50
2013.10.16 12:16:12.064,0.93739,0.9375,1.50,3.00
2013.10.16 12:16:15.464,0.93739,0.93751,2.25,3.00
2013.10.16 12:16:15.644,0.9374,0.93751,1.88,2.25
2013.10.16 12:16:16.299,0.9374,0.93751,1.13,3.00
2013.10.16 12:16:16.808,0.9374,0.93751,1.88,2.25
2013.10.16 12:16:18.144,0.9374,0.93751,1.88,1.50
2013.10.16 12:16:18.675,0.93741,0.93751,1.50,1.50
2013.10.16 12:16:19.325,0.9374,0.93752,1.50,3.38
2013.10.16 12:16:19.864,0.9374,0.93752,2.25,2.63
2013.10.16 12:16:21.910,0.9374,0.93752,2.63,2.63
2013.10.16 12:16:23.927,0.9374,0.93752,2.63,2.63
2013.10.16 12:16:28.095,0.93741,0.93752,1.13,2.25
2013.10.16 12:16:30.077,0.93741,0.9375,1.13,1.50
2013.10.16 12:16:30.614,0.9374,0.9375,1.13,1.50
2013.10.16 12:16:30.994,0.9374,0.9375,1.13,2.25
2013.10.16 12:16:31.815,0.9374,0.9375,1.13,2.25
2013.10.16 12:16:32.310,0.9374,0.9375,1.13,2.25
2013.10.16 12:16:32.497,0.93739,0.9375,1.50,2.25
2013.10.16 12:16:36.265,0.93739,0.9375,1.88,1.13
2013.10.16 12:16:36.386,0.93741,0.93751,2.10,1.50
2013.10.16 12:16:36.945,0.9374,0.93752,1.50,2.25
2013.10.16 12:16:37.364,0.93739,0.9375,1.13,2.25
2013.10.16 12:16:37.962,0.93739,0.9375,1.50,2.25
2013.10.16 12:16:38.085,0.93739,0.93749,1.50,1.50
2013.10.16 12:16:38.605,0.93739,0.93748,1.50,1.50
2013.10.16 12:16:39.915,0.93739,0.93751,3.00,1.50
2013.10.16 12:16:40.336,0.93742,0.93754,1.50,3.75
2013.10.16 12:16:42.042,0.93742,0.93754,1.50,2.25
2013.10.16 12:16:42.555,0.9374,0.93752,3.75,1.50
2013.10.16 12:16:42.976,0.93739,0.93751,1.50,2.25
2013.10.16 12:16:43.274,0.93739,0.9375,1.50,2.25
2013.10.16 12:16:43.950,0.93739,0.93751,2.25,2.25
2013.10.16 12:16:49.975,0.93739,0.9375,1.50,1.50
2013.10.16 12:16:50.985,0.93738,0.93749,2.10,1.88
2013.10.16 12:16:51.285,0.93736,0.93748,2.25,2.25
2013.10.16 12:16:52.234,0.93736,0.93748,2.25,3.00
2013.10.16 12:16:52.766,0.93738,0.93748,2.25,1.13
2013.10.16 12:16:53.124,0.9374,0.93751,1.50,1.50
2013.10.16 12:16:53.184,0.93741,0.93753,1.13,2.63
2013.10.16 12:16:53.747,0.93741,0.93753,1.88,3.00
2013.10.16 12:16:56.094,0.93741,0.93753,1.88,3.00
2013.10.16 12:16:56.455,0.93742,0.93753,2.25,2.63
2013.10.16 12:16:59.724,0.93743,0.93753,1.88,1.88
2013.10.16 12:16:59.964,0.93745,0.93757,2.10,1.50
2013.10.16 12:17:00.084,0.93746,0.93758,1.50,1.50
2013.10.16 12:17:00.205,0.93747,0.93759,1.50,1.50
2013.10.16 12:17:00.565,0.93746,0.93758,1.50,1.88
2013.10.16 12:17:02.927,0.93746,0.93758,1.50,1.50
2013.10.16 12:17:03.176,0.93748,0.93759,1.50,2.63
2013.10.16 12:17:03.307,0.93748,0.93759,1.50,3.38
2013.10.16 12:17:03.377,0.93748,0.93759,1.50,3.38
2013.10.16 12:17:03.627,0.93747,0.93758,1.35,2.25
2013.10.16 12:17:04.045,0.93749,0.93759,1.50,2.25
2013.10.16 12:17:04.286,0.9375,0.93762,1.50,2.25
2013.10.16 12:17:04.815,0.93751,0.93762,1.50,1.50
2013.10.16 12:17:05.477,0.93751,0.93763,1.50,3.38
2013.10.16 12:17:07.124,0.93752,0.93763,1.50,1.50
2013.10.16 12:17:07.246,0.93756,0.93766,1.13,2.25
2013.10.16 12:17:07.366,0.93758,0.93769,1.50,3.00
2013.10.16 12:17:07.725,0.93759,0.9377,1.13,1.50
2013.10.16 12:17:07.965,0.9376,0.93773,1.50,3.00
2013.10.16 12:17:08.024,0.93761,0.93773,1.50,1.50
2013.10.16 12:17:08.674,0.93761,0.93773,1.50,1.50
2013.10.16 12:17:10.124,0.93762,0.93773,1.13,1.50
2013.10.16 12:17:10.305,0.93763,0.93775,1.50,1.50
2013.10.16 12:17:10.847,0.93763,0.93776,1.50,2.25
2013.10.16 12:17:11.468,0.93762,0.93775,1.88,3.00
2013.10.16 12:17:12.024,0.93762,0.93774,1.50,1.13
2013.10.16 12:17:12.385,0.9376,0.93772,1.88,1.13
2013.10.16 12:17:12.699,0.9376,0.93771,1.13,2.63
2013.10.16 12:17:13.246,0.93759,0.93771,2.25,1.88
2013.10.16 12:17:13.604,0.93759,0.93771,2.25,1.88
2013.10.16 12:17:15.525,0.93759,0.9377,2.25,1.50
2013.10.16 12:17:17.863,0.93759,0.9377,2.25,1.13
2013.10.16 12:17:18.884,0.93759,0.9377,3.00,1.13
2013.10.16 12:17:20.177,0.9376,0.93771,1.50,1.88
2013.10.16 12:17:20.855,0.93759,0.93767,2.25,1.13
2013.10.16 12:17:22.136,0.93759,0.93767,1.50,1.13
2013.10.16 12:17:22.275,0.93757,0.93767,3.00,1.13
2013.10.16 12:17:22.891,0.93756,0.93767,2.10,1.13
2013.10.16 12:17:25.155,0.93756,0.93768,2.10,3.00
2013.10.16 12:17:25.274,0.93756,0.93767,1.35,3.75
2013.10.16 12:17:25.334,0.93756,0.93767,1.35,2.25
2013.10.16 12:17:32.884,0.93755,0.93767,2.25,2.63
2013.10.16 12:17:33.494,0.93755,0.93767,3.75,2.63
2013.10.16 12:17:34.019,0.93755,0.93767,3.00,2.63
2013.10.16 12:17:41.174,0.93755,0.93766,2.25,1.13
2013.10.16 12:17:41.944,0.93756,0.93766,1.50,1.13
2013.10.16 12:17:44.777,0.93756,0.93766,1.50,1.88
2013.10.16 12:17:45.688,0.9376,0.93769,1.50,1.13
2013.10.16 12:17:45.756,0.9376,0.9377,2.25,1.13
2013.10.16 12:17:45.996,0.93758,0.93768,1.50,1.13
2013.10.16 12:17:46.416,0.93757,0.93766,1.13,1.50
2013.10.16 12:17:46.626,0.93754,0.93765,2.25,1.13
2013.10.16 12:17:47.207,0.93754,0.93766,3.00,1.43
2013.10.16 12:17:47.727,0.93754,0.93766,3.00,1.43
2013.10.16 12:17:48.606,0.93754,0.93765,3.00,1.50
2013.10.16 12:17:48.998,0.93754,0.93764,3.00,1.88
2013.10.16 12:17:49.185,0.93752,0.93762,2.25,1.13
2013.10.16 12:17:49.245,0.93752,0.93762,2.25,1.13
2013.10.16 12:17:49.305,0.93751,0.93762,1.50,1.13
2013.10.16 12:17:49.904,0.93751,0.93762,1.50,1.13
2013.10.16 12:17:50.088,0.93751,0.93762,1.50,1.13
2013.10.16 12:17:50.276,0.93752,0.93764,1.50,1.88
2013.10.16 12:17:50.978,0.93753,0.93764,2.25,1.88
2013.10.16 12:17:51.195,0.93753,0.93764,2.25,1.88
2013.10.16 12:17:51.714,0.93753,0.93764,2.25,1.88
2013.10.16 12:17:52.535,0.93753,0.93763,1.50,1.50
2013.10.16 12:17:52.714,0.9375,0.93762,2.25,2.63
2013.10.16 12:17:54.275,0.93748,0.93761,1.50,3.00
2013.10.16 12:17:54.395,0.93747,0.93758,1.35,1.50
2013.10.16 12:17:55.925,0.93746,0.93757,3.60,1.50
2013.10.16 12:17:56.277,0.93746,0.93757,2.48,1.50
2013.10.16 12:17:57.577,0.93747,0.93757,1.73,1.50
2013.10.16 12:17:58.246,0.93748,0.93759,1.13,1.88
2013.10.16 12:18:02.147,0.93748,0.93759,1.13,1.88
2013.10.16 12:18:04.096,0.93746,0.93758,2.85,2.25
2013.10.16 12:18:07.504,0.93747,0.93758,2.85,1.50
2013.10.16 12:18:07.564,0.93748,0.93759,1.50,2.25
2013.10.16 12:18:09.984,0.93749,0.9376,1.50,1.88
2013.10.16 12:18:10.344,0.93756,0.93766,1.13,1.13
2013.10.16 12:18:10.404,0.93756,0.93767,1.13,2.25
2013.10.16 12:18:11.224,0.93756,0.93767,1.13,2.63
2013.10.16 12:18:12.087,0.93758,0.93768,1.50,1.13
2013.10.16 12:18:12.407,0.93762,0.93772,1.50,1.13
2013.10.16 12:18:12.944,0.93763,0.93773,1.50,1.13
2013.10.16 12:18:13.484,0.93763,0.93774,2.25,1.13
2013.10.16 12:18:15.544,0.93763,0.93774,2.25,1.13
2013.10.16 12:18:16.125,0.93763,0.93774,2.25,1.13
2013.10.16 12:18:17.084,0.93763,0.93774,1.50,1.13
2013.10.16 12:18:17.424,0.93763,0.93774,1.50,1.13
2013.10.16 12:18:17.965,0.93761,0.93773,3.60,1.88
2013.10.16 12:18:18.084,0.93762,0.93773,1.50,1.13
2013.10.16 12:18:18.145,0.93765,0.93775,2.10,2.63
2013.10.16 12:18:18.684,0.93766,0.93776,1.50,1.13
2013.10.16 12:18:23.404,0.93766,0.93778,1.50,1.13
2013.10.16 12:18:26.696,0.93766,0.93777,1.50,1.13
2013.10.16 12:18:28.667,0.93765,0.93776,2.10,1.13
2013.10.16 12:18:28.784,0.93765,0.93776,2.10,1.13
2013.10.16 12:18:32.024,0.93766,0.93777,2.25,1.50
2013.10.16 12:18:32.385,0.93767,0.93778,1.13,2.63
2013.10.16 12:18:32.808,0.93768,0.93779,3.60,1.13
2013.10.16 12:18:33.300,0.9377,0.93779,2.25,1.50
2013.10.16 12:18:33.784,0.93768,0.93779,2.63,1.50
2013.10.16 12:18:33.907,0.93768,0.93781,5.48,1.50
2013.10.16 12:18:34.446,0.93769,0.9378,1.50,1.13
2013.10.16 12:18:34.685,0.93768,0.93779,2.25,1.50
2013.10.16 12:18:35.225,0.93767,0.93778,2.10,1.13
2013.10.16 12:18:35.524,0.93766,0.93777,2.25,1.50
2013.10.16 12:18:36.337,0.93766,0.93777,1.50,1.50
2013.10.16 12:18:37.085,0.93766,0.93777,2.25,3.38
2013.10.16 12:18:37.586,0.93767,0.93777,2.48,3.38
2013.10.16 12:18:37.645,0.93766,0.93777,3.38,1.13
2013.10.16 12:18:37.827,0.93767,0.93778,2.25,1.13
2013.10.16 12:18:38.066,0.9377,0.93779,1.50,1.13
2013.10.16 12:18:38.604,0.9377,0.93779,1.35,1.13
2013.10.16 12:18:40.056,0.93771,0.93782,1.50,2.63
2013.10.16 12:18:40.116,0.93771,0.93782,1.50,2.63
2013.10.16 12:18:40.294,0.93773,0.93784,1.35,2.63
2013.10.16 12:18:40.865,0.93773,0.93785,2.10,2.63
2013.10.16 12:18:41.394,0.93773,0.93785,2.10,2.63
2013.10.16 12:18:41.874,0.93774,0.93786,1.50,2.63
2013.10.16 12:18:42.294,0.93773,0.93784,2.10,1.50
2013.10.16 12:18:46.256,0.93773,0.93785,2.85,1.50
2013.10.16 12:18:46.791,0.93773,0.93785,2.85,1.88
2013.10.16 12:18:47.579,0.93773,0.93786,2.85,4.13
2013.10.16 12:18:48.082,0.93773,0.93785,2.85,2.25
2013.10.16 12:18:49.314,0.93773,0.93786,2.85,1.88
2013.10.16 12:18:50.225,0.93774,0.93786,1.88,1.88
2013.10.16 12:18:50.764,0.93779,0.93788,1.35,2.25
2013.10.16 12:18:50.825,0.93778,0.93789,1.35,1.50
2013.10.16 12:18:50.945,0.93778,0.93789,1.35,2.25
2013.10.16 12:18:51.064,0.93777,0.93788,1.50,1.50
2013.10.16 12:18:51.824,0.93776,0.93788,3.60,1.13
2013.10.16 12:18:52.004,0.93777,0.93789,1.13,2.25
2013.10.16 12:18:52.184,0.93779,0.9379,1.73,1.50
2013.10.16 12:18:52.306,0.93781,0.9379,1.13,1.50
2013.10.16 12:18:52.484,0.93782,0.93792,1.35,2.25
2013.10.16 12:18:53.025,0.93784,0.93793,1.50,1.88
2013.10.16 12:18:53.464,0.93784,0.93794,1.50,1.13
2013.10.16 12:18:54.584,0.93782,0.93795,2.10,3.38
2013.10.16 12:18:54.885,0.93782,0.93794,2.10,1.13
2013.10.16 12:18:55.005,0.93782,0.93793,1.35,1.88
2013.10.16 12:18:57.385,0.93783,0.93795,2.85,1.88
2013.10.16 12:18:57.444,0.93783,0.93795,3.60,1.88
2013.10.16 12:18:58.657,0.93786,0.93795,1.73,2.63
2013.10.16 12:18:58.717,0.93787,0.93795,2.10,1.50
2013.10.16 12:18:58.788,0.93788,0.93797,1.50,1.13
2013.10.16 12:18:58.857,0.93789,0.93799,1.13,1.13
2013.10.16 12:18:58.920,0.9379,0.93799,1.13,1.13
2013.10.16 12:18:59.165,0.93791,0.93802,1.73,1.88
2013.10.16 12:18:59.645,0.9379,0.938,2.85,1.88
2013.10.16 12:18:59.705,0.93789,0.938,1.50,1.88
2013.10.16 12:18:59.945,0.9379,0.93798,1.35,1.50
2013.10.16 12:19:00.125,0.9379,0.93801,1.35,2.63
2013.10.16 12:19:00.365,0.93786,0.93799,2.25,1.50
2013.10.16 12:19:00.725,0.93782,0.93796,3.00,2.63
2013.10.16 12:19:00.844,0.93784,0.93796,1.50,1.88
2013.10.16 12:19:01.204,0.93784,0.93794,3.00,1.50
2013.10.16 12:19:01.445,0.93781,0.93793,2.25,2.25
2013.10.16 12:19:02.005,0.93782,0.93794,2.25,3.00
2013.10.16 12:19:02.124,0.93784,0.93794,1.35,3.00
2013.10.16 12:19:02.425,0.93789,0.93797,2.25,3.75
2013.10.16 12:19:02.485,0.93788,0.93799,1.13,1.13
2013.10.16 12:19:02.665,0.93789,0.93798,1.50,1.50
2013.10.16 12:19:03.204,0.9379,0.93801,1.50,1.88
2013.10.16 12:19:03.745,0.93789,0.93801,1.88,2.25
2013.10.16 12:19:03.805,0.9379,0.93801,1.13,2.25
2013.10.16 12:19:04.105,0.93794,0.93805,1.50,2.25
2013.10.16 12:19:04.764,0.93794,0.93805,1.73,1.50
2013.10.16 12:19:05.184,0.93794,0.93805,3.23,2.25
2013.10.16 12:19:05.725,0.93794,0.93805,3.23,1.50
2013.10.16 12:19:05.964,0.93799,0.93808,1.35,1.50
2013.10.16 12:19:06.466,0.93799,0.9381,1.35,2.25
2013.10.16 12:19:07.004,0.93798,0.93809,3.98,1.50
2013.10.16 12:19:08.235,0.93799,0.93811,2.10,1.50
2013.10.16 12:19:08.795,0.93799,0.9381,1.35,1.88
2013.10.16 12:19:12.104,0.93799,0.93809,1.35,1.88
2013.10.16 12:19:12.704,0.93799,0.93809,1.35,1.13
2013.10.16 12:19:13.975,0.93799,0.93809,1.35,1.13
2013.10.16 12:19:14.626,0.93798,0.9381,3.98,2.63
2013.10.16 12:19:15.165,0.93802,0.93811,1.13,3.00
2013.10.16 12:19:15.525,0.93804,0.93811,1.35,2.25
2013.10.16 12:19:16.635,0.93803,0.9381,3.23,1.50
2013.10.16 12:19:16.695,0.93803,0.9381,1.13,1.50
2013.10.16 12:19:16.875,0.938,0.9381,2.10,1.50
2013.10.16 12:19:17.234,0.93799,0.93808,1.88,1.50
2013.10.16 12:19:17.295,0.93799,0.93808,1.88,1.50
2013.10.16 12:19:17.355,0.93799,0.93806,1.88,1.50
2013.10.16 12:19:17.991,0.93799,0.93808,1.50,2.25
2013.10.16 12:19:18.577,0.93799,0.93809,2.10,1.88
2013.10.16 12:19:18.816,0.938,0.93811,2.10,1.13
2013.10.16 12:19:18.936,0.938,0.9381,2.10,1.50
2013.10.16 12:19:19.295,0.93792,0.93802,1.13,2.25
2013.10.16 12:19:19.594,0.93795,0.93804,1.35,2.25
2013.10.16 12:19:19.715,0.93792,0.93804,3.98,1.50
2013.10.16 12:19:20.426,0.93791,0.93803,2.48,1.13
2013.10.16 12:19:20.961,0.93792,0.93803,2.10,1.88
2013.10.16 12:19:22.644,0.93792,0.93802,2.10,1.13
2013.10.16 12:19:23.094,0.93792,0.93803,2.10,1.13
2013.10.16 12:19:26.355,0.93792,0.93802,1.35,1.13
2013.10.16 12:19:26.914,0.9379,0.93803,3.60,3.00
2013.10.16 12:19:29.062,0.9379,0.93802,3.60,1.50
2013.10.16 12:19:30.417,0.93793,0.93803,2.25,2.25
2013.10.16 12:19:30.476,0.93795,0.93803,1.50,1.50
2013.10.16 12:19:30.596,0.93792,0.93801,1.50,1.13
2013.10.16 12:19:30.845,0.93793,0.93801,1.50,1.50
2013.10.16 12:19:31.088,0.93796,0.93806,2.10,1.50
2013.10.16 12:19:31.215,0.938,0.93806,1.13,1.50
2013.10.16 12:19:31.274,0.938,0.93805,1.13,1.50
2013.10.16 12:19:31.395,0.938,0.93807,1.13,1.50
2013.10.16 12:19:32.380,0.93801,0.93808,1.13,1.50
2013.10.16 12:19:32.855,0.93801,0.93807,1.13,1.50
2013.10.16 12:19:33.838,0.93801,0.93808,1.13,1.13
2013.10.16 12:19:36.809,0.93801,0.9381,1.13,2.25
2013.10.16 12:19:37.390,0.938,0.9381,1.50,2.25
2013.10.16 12:19:37.755,0.93804,0.93811,2.10,1.50
2013.10.16 12:19:37.876,0.93802,0.9381,1.35,1.13
2013.10.16 12:19:38.055,0.93799,0.93808,1.73,2.25
2013.10.16 12:19:38.569,0.938,0.93808,2.25,2.25
2013.10.16 12:19:39.078,0.93801,0.93808,1.50,2.25
2013.10.16 12:19:39.635,0.93799,0.93808,3.60,2.25
2013.10.16 12:19:39.815,0.93799,0.93808,1.35,2.25
2013.10.16 12:19:39.874,0.938,0.93808,1.50,2.25
2013.10.16 12:19:40.055,0.93799,0.93808,1.35,2.25
2013.10.16 12:19:40.806,0.93798,0.93808,1.88,2.63
2013.10.16 12:19:41.685,0.93799,0.93807,2.25,3.00
2013.10.16 12:19:41.926,0.938,0.93808,1.50,1.13
2013.10.16 12:19:42.165,0.93798,0.93808,3.38,1.88
2013.10.16 12:19:42.225,0.93798,0.93808,1.13,1.88
2013.10.16 12:19:42.465,0.93798,0.93808,1.13,1.88
2013.10.16 12:19:42.976,0.93798,0.93808,1.13,1.88
2013.10.16 12:19:48.506,0.93798,0.93808,1.13,1.50
2013.10.16 12:19:48.746,0.938,0.93808,1.35,1.50
2013.10.16 12:19:49.286,0.938,0.93809,1.35,1.50
2013.10.16 12:19:49.644,0.93797,0.93807,1.50,1.50
2013.10.16 12:19:49.704,0.93796,0.93807,2.25,3.00
2013.10.16 12:19:49.824,0.93794,0.93806,3.75,1.13
2013.10.16 12:19:49.945,0.93795,0.93807,1.50,3.00
2013.10.16 12:19:51.419,0.93795,0.93807,2.25,1.88
2013.10.16 12:19:51.604,0.93798,0.93808,1.50,2.25
2013.10.16 12:19:51.977,0.93798,0.93809,3.00,2.63
2013.10.16 12:19:52.155,0.93799,0.93811,2.25,2.25
2013.10.16 12:19:52.694,0.938,0.93811,2.25,1.13
2013.10.16 12:19:52.755,0.938,0.93811,2.25,1.13
2013.10.16 12:19:56.805,0.938,0.93811,1.50,1.88
2013.10.16 12:19:58.924,0.93799,0.93811,3.00,2.63
2013.10.16 12:19:59.445,0.93798,0.93808,3.38,1.50
2013.10.16 12:19:59.805,0.93794,0.93804,1.50,1.50
2013.10.16 12:20:00.345,0.93795,0.93803,1.50,1.13
2013.10.16 12:20:00.647,0.93795,0.93806,1.50,1.50
2013.10.16 12:20:00.955,0.93797,0.93808,3.23,1.50
2013.10.16 12:20:01.195,0.938,0.9381,1.50,1.13
2013.10.16 12:20:01.314,0.938,0.93813,1.50,3.00
2013.10.16 12:20:01.975,0.938,0.93813,1.88,2.25
2013.10.16 12:20:02.356,0.938,0.93813,1.50,3.38
2013.10.16 12:20:03.184,0.938,0.93813,1.50,3.38
2013.10.16 12:20:03.436,0.93799,0.93812,2.25,2.25
2013.10.16 12:20:03.795,0.938,0.93811,1.13,2.63
2013.10.16 12:20:04.038,0.93802,0.93812,1.13,1.50
2013.10.16 12:20:04.284,0.93802,0.93812,1.50,1.50
2013.10.16 12:20:04.614,0.93802,0.93815,2.25,2.07
2013.10.16 12:20:04.895,0.93802,0.93815,2.25,2.07
2013.10.16 12:20:05.795,0.93802,0.93815,1.88,2.82
2013.10.16 12:20:06.302,0.93802,0.93813,1.88,1.50
2013.10.16 12:20:06.694,0.93803,0.93813,1.50,1.50
2013.10.16 12:20:08.940,0.93805,0.93815,1.50,1.32
2013.10.16 12:20:09.547,0.93804,0.93816,1.50,1.69
2013.10.16 12:20:10.096,0.93804,0.93817,1.50,1.88
2013.10.16 12:20:10.335,0.93805,0.93817,1.50,1.13
2013.10.16 12:20:10.637,0.93807,0.93816,1.50,1.13
2013.10.16 12:20:11.174,0.93807,0.93817,1.50,1.88
2013.10.16 12:20:11.707,0.93807,0.93818,1.50,1.50
2013.10.16 12:20:14.367,0.93808,0.93819,1.50,3.00
2013.10.16 12:20:14.726,0.93814,0.93821,1.50,1.50
2013.10.16 12:20:14.904,0.93814,0.93825,1.50,1.50
2013.10.16 12:20:15.416,0.93814,0.93825,1.50,1.13
2013.10.16 12:20:16.385,0.93814,0.93825,1.50,1.13
2013.10.16 12:20:18.476,0.93813,0.93825,1.50,1.88
2013.10.16 12:20:21.134,0.93814,0.93824,1.13,1.13
2013.10.16 12:20:21.655,0.93811,0.93822,1.88,1.88
2013.10.16 12:20:21.956,0.93811,0.93817,1.13,1.13
2013.10.16 12:20:22.478,0.9381,0.93817,2.63,1.13
2013.10.16 12:20:23.034,0.93811,0.93817,1.13,1.13
2013.10.16 12:20:23.545,0.93811,0.93821,1.50,1.50
2013.10.16 12:20:25.966,0.9381,0.93819,2.25,1.88
2013.10.16 12:20:26.145,0.93808,0.93819,1.13,2.63
2013.10.16 12:20:26.265,0.93808,0.93819,1.88,2.25
2013.10.16 12:20:26.395,0.93809,0.9382,1.13,2.25
2013.10.16 12:20:26.515,0.9381,0.93821,1.88,1.88
2013.10.16 12:20:27.056,0.93812,0.93821,1.50,1.13
2013.10.16 12:20:27.295,0.93812,0.9382,1.50,1.13
2013.10.16 12:20:27.415,0.93811,0.93822,2.25,2.25
2013.10.16 12:20:27.950,0.93812,0.93821,2.25,1.13
2013.10.16 12:20:30.186,0.93814,0.93823,1.50,1.50
2013.10.16 12:20:31.127,0.93814,0.93825,3.00,2.25
2013.10.16 12:20:31.675,0.93815,0.93825,1.50,1.50
2013.10.16 12:20:32.434,0.93815,0.93825,1.50,1.88
2013.10.16 12:20:33.001,0.93815,0.93825,1.50,1.88
2013.10.16 12:20:33.577,0.93816,0.93825,1.13,1.13
2013.10.16 12:20:33.825,0.93816,0.93828,1.50,2.25
2013.10.16 12:20:34.064,0.93816,0.93828,1.50,2.25
2013.10.16 12:20:34.644,0.93818,0.93828,1.50,1.50
2013.10.16 12:20:35.394,0.93818,0.93828,1.13,1.50
2013.10.16 12:20:35.455,0.93818,0.93828,1.13,1.50
2013.10.16 12:20:35.994,0.93818,0.93828,2.25,1.50
2013.10.16 12:20:36.547,0.93818,0.93828,2.25,1.50
2013.10.16 12:20:37.216,0.93818,0.93828,2.25,1.50
2013.10.16 12:20:37.735,0.93818,0.93828,2.25,1.50
2013.10.16 12:20:38.626,0.93818,0.93828,2.25,1.50
2013.10.16 12:20:38.749,0.93823,0.93831,1.50,1.50
2013.10.16 12:20:38.814,0.93823,0.93835,3.00,3.00
2013.10.16 12:20:38.875,0.93824,0.93835,1.50,2.25
2013.10.16 12:20:39.179,0.93824,0.93835,1.88,2.25
2013.10.16 12:20:40.134,0.93824,0.93835,1.88,2.25
2013.10.16 12:20:40.674,0.93825,0.93835,1.73,1.50
2013.10.16 12:20:41.234,0.93825,0.93835,1.73,1.50
2013.10.16 12:20:41.646,0.93825,0.93835,1.73,1.50
2013.10.16 12:20:42.534,0.93825,0.93835,1.73,1.50
2013.10.16 12:20:42.596,0.93825,0.93835,1.73,1.50
2013.10.16 12:20:43.915,0.93825,0.93835,1.13,1.50
2013.10.16 12:20:44.095,0.93822,0.9383,1.88,2.25
2013.10.16 12:20:44.215,0.9382,0.93829,1.73,1.50
2013.10.16 12:20:44.395,0.93818,0.93827,2.48,1.50
2013.10.16 12:20:44.576,0.93814,0.93822,1.88,1.50
2013.10.16 12:20:44.876,0.93811,0.93822,1.88,2.25
2013.10.16 12:20:45.637,0.9381,0.93822,1.13,2.25
2013.10.16 12:20:47.565,0.93812,0.93822,1.13,1.50
2013.10.16 12:20:47.745,0.93816,0.93823,3.38,1.50
2013.10.16 12:20:47.925,0.93817,0.93826,2.63,2.25
2013.10.16 12:20:48.106,0.93818,0.93829,2.25,1.50
2013.10.16 12:20:48.286,0.93822,0.93831,1.88,2.25
2013.10.16 12:20:48.345,0.93823,0.93831,2.63,2.25
2013.10.16 12:20:48.707,0.93822,0.9383,1.73,1.13
2013.10.16 12:20:48.834,0.93822,0.9383,1.35,1.13
2013.10.16 12:20:49.184,0.93822,0.9383,1.73,1.13
2013.10.16 12:20:49.835,0.9382,0.9383,2.85,1.88
2013.10.16 12:20:49.955,0.93819,0.93828,1.13,1.50
2013.10.16 12:20:50.135,0.93817,0.93827,1.13,1.50
2013.10.16 12:20:50.255,0.93815,0.93827,1.13,1.50
2013.10.16 12:20:50.816,0.93815,0.93827,1.88,1.50
2013.10.16 12:20:52.667,0.93815,0.93827,1.88,1.50
2013.10.16 12:20:52.966,0.93819,0.93827,1.50,1.50
2013.10.16 12:20:53.267,0.93826,0.93832,1.73,1.50
2013.10.16 12:20:53.327,0.93826,0.93835,1.73,2.25
2013.10.16 12:20:53.396,0.93826,0.93835,2.48,2.25
2013.10.16 12:20:53.755,0.93831,0.93838,1.50,1.50
2013.10.16 12:20:54.115,0.93832,0.93841,1.73,1.50
2013.10.16 12:20:54.452,0.93832,0.93844,1.73,1.50
2013.10.16 12:20:54.986,0.93833,0.93843,1.35,1.50
2013.10.16 12:20:55.571,0.93833,0.93843,1.35,1.50
2013.10.16 12:20:56.085,0.93833,0.93844,1.35,2.25
2013.10.16 12:20:56.615,0.93831,0.93842,3.23,1.50
2013.10.16 12:20:57.655,0.93831,0.93842,3.23,2.25
2013.10.16 12:20:57.775,0.93831,0.93842,2.85,2.25
2013.10.16 12:20:57.835,0.93831,0.93842,2.85,3.75
2013.10.16 12:20:58.136,0.93827,0.93836,1.13,1.50
2013.10.16 12:20:58.436,0.93823,0.93832,1.13,1.50
2013.10.16 12:20:58.555,0.93823,0.93833,1.13,1.50
2013.10.16 12:20:59.104,0.93823,0.93834,1.13,2.25
2013.10.16 12:20:59.646,0.93822,0.93831,1.35,2.25
2013.10.16 12:20:59.824,0.93815,0.93827,3.38,1.50
2013.10.16 12:20:59.885,0.93815,0.93827,2.25,1.50
2013.10.16 12:20:59.944,0.93814,0.93824,1.13,1.50
2013.10.16 12:21:00.279,0.93815,0.93824,1.13,1.50
2013.10.16 12:21:02.214,0.93814,0.93824,1.13,1.50
2013.10.16 12:21:02.715,0.93814,0.93824,1.13,1.50
2013.10.16 12:21:03.226,0.93816,0.93824,1.13,1.50
2013.10.16 12:21:03.344,0.93816,0.93827,1.88,1.50
2013.10.16 12:21:03.855,0.93816,0.93827,1.50,1.50
2013.10.16 12:21:06.757,0.93816,0.93826,1.50,1.50
2013.10.16 12:21:10.095,0.93816,0.93826,1.50,1.50
2013.10.16 12:21:10.975,0.93816,0.93826,1.50,2.25
2013.10.16 12:21:12.125,0.93816,0.93825,1.50,1.50
2013.10.16 12:21:12.626,0.93817,0.93826,1.50,1.50
2013.10.16 12:21:13.875,0.93815,0.93824,1.73,1.50
2013.10.16 12:21:14.114,0.93815,0.93824,1.73,1.50
2013.10.16 12:21:14.294,0.93815,0.93826,1.13,3.00
2013.10.16 12:21:14.535,0.93815,0.93826,3.38,2.25
2013.10.16 12:21:16.515,0.93815,0.93826,3.00,1.50
2013.10.16 12:21:17.778,0.93816,0.93828,2.25,1.50
2013.10.16 12:21:19.017,0.93817,0.93828,1.50,1.88
2013.10.16 12:21:19.134,0.93817,0.93828,1.50,1.50
2013.10.16 12:21:19.755,0.93816,0.93828,1.50,1.50
2013.10.16 12:21:21.921,0.93816,0.93828,1.50,1.50
2013.10.16 12:21:22.474,0.93816,0.93828,1.50,3.00
2013.10.16 12:21:23.028,0.93816,0.93828,1.50,1.50
2013.10.16 12:21:23.625,0.93817,0.93828,1.88,1.50
2013.10.16 12:21:23.985,0.93821,0.93834,1.50,3.38
2013.10.16 12:21:24.345,0.93823,0.93832,1.50,1.13
2013.10.16 12:21:24.645,0.93819,0.93828,3.00,1.13
2013.10.16 12:21:26.348,0.93822,0.9383,1.13,1.50
2013.10.16 12:21:26.525,0.93827,0.93834,1.50,1.13
2013.10.16 12:21:26.588,0.93827,0.93835,1.50,2.25
2013.10.16 12:21:26.765,0.93827,0.93837,1.50,2.63
2013.10.16 12:21:27.485,0.93827,0.93837,1.50,1.88
2013.10.16 12:21:28.824,0.93827,0.93837,1.50,1.50
2013.10.16 12:21:30.226,0.93827,0.93838,1.88,1.50
2013.10.16 12:21:30.527,0.93831,0.9384,1.50,1.50
2013.10.16 12:21:31.006,0.9383,0.93842,3.00,1.13
2013.10.16 12:21:31.126,0.93829,0.93841,2.85,1.50
2013.10.16 12:21:31.486,0.93831,0.93842,1.88,1.88
2013.10.16 12:21:32.623,0.93833,0.93842,2.63,1.50
2013.10.16 12:21:37.456,0.93833,0.93842,1.13,1.88
2013.10.16 12:21:38.906,0.93833,0.93842,1.13,1.88
2013.10.16 12:21:40.194,0.93831,0.93842,1.88,1.88
2013.10.16 12:21:40.715,0.93834,0.93842,2.25,1.50
2013.10.16 12:21:41.264,0.93835,0.93843,1.50,1.50
2013.10.16 12:21:41.954,0.93835,0.93844,1.50,1.13
2013.10.16 12:21:42.676,0.93833,0.93843,2.25,1.13
2013.10.16 12:21:43.096,0.93835,0.93846,2.25,2.25
2013.10.16 12:21:44.104,0.93834,0.93846,2.25,1.88
2013.10.16 12:21:45.376,0.93834,0.93846,2.25,1.88
2013.10.16 12:21:45.915,0.93836,0.93846,1.50,1.13
2013.10.16 12:21:47.567,0.93839,0.93846,1.50,1.13
2013.10.16 12:21:48.232,0.93839,0.93849,2.25,1.88
2013.10.16 12:21:48.975,0.93839,0.93848,1.50,1.13
2013.10.16 12:21:49.559,0.93835,0.93845,2.85,1.13
2013.10.16 12:21:52.445,0.93836,0.93845,1.13,1.13
2013.10.16 12:21:53.904,0.93835,0.93845,3.60,1.13
2013.10.16 12:21:55.366,0.93836,0.93845,2.25,1.13
2013.10.16 12:21:57.284,0.93838,0.93846,1.50,1.13
2013.10.16 12:22:00.135,0.93838,0.93845,1.50,1.13
2013.10.16 12:22:00.375,0.93838,0.93847,1.50,1.88
2013.10.16 12:22:01.305,0.93838,0.93847,1.50,1.13
2013.10.16 12:22:02.116,0.93837,0.93846,1.50,1.50
2013.10.16 12:22:04.315,0.93837,0.93846,1.50,1.50
2013.10.16 12:22:04.835,0.93835,0.93846,3.60,2.25
2013.10.16 12:22:05.874,0.93839,0.93846,1.50,1.50
2013.10.16 12:22:06.834,0.93836,0.93846,1.50,2.25
2013.10.16 12:22:08.455,0.93835,0.93846,1.35,3.00
2013.10.16 12:22:09.175,0.93834,0.93845,1.50,1.50
2013.10.16 12:22:09.477,0.93832,0.93843,2.25,1.50
2013.10.16 12:22:12.624,0.93833,0.93843,1.13,1.50
2013.10.16 12:22:15.145,0.93831,0.93843,3.00,2.25
2013.10.16 12:22:15.685,0.93831,0.93842,3.00,1.50
2013.10.16 12:22:18.167,0.93831,0.93842,2.25,1.50
2013.10.16 12:22:18.826,0.93831,0.93842,2.25,1.50
2013.10.16 12:22:21.135,0.93831,0.93842,2.25,1.50
2013.10.16 12:22:21.676,0.93831,0.93843,2.63,2.63
2013.10.16 12:22:23.325,0.93831,0.93842,1.13,1.50
2013.10.16 12:22:23.445,0.93831,0.93842,1.13,1.50
2013.10.16 12:22:24.166,0.93831,0.93842,1.88,2.63
2013.10.16 12:22:24.644,0.93832,0.93843,1.50,2.63
2013.10.16 12:22:26.576,0.93831,0.93843,2.63,2.25
2013.10.16 12:22:27.845,0.93832,0.93843,1.13,2.25
2013.10.16 12:22:29.938,0.93832,0.93843,1.13,2.25
2013.10.16 12:22:30.454,0.93832,0.93843,1.13,2.25
2013.10.16 12:22:31.255,0.93831,0.93842,2.25,1.50
2013.10.16 12:22:31.434,0.93832,0.93842,1.13,1.50
2013.10.16 12:22:32.515,0.93831,0.93842,3.75,1.50
2013.10.16 12:22:34.458,0.93832,0.93844,1.88,1.88
2013.10.16 12:22:34.727,0.93832,0.93844,1.13,1.88
2013.10.16 12:22:36.487,0.93831,0.93844,3.38,1.88
2013.10.16 12:22:37.448,0.9383,0.93841,1.50,1.50
2013.10.16 12:22:37.635,0.93827,0.93839,1.50,1.50
2013.10.16 12:22:39.208,0.93827,0.93838,2.25,1.13
2013.10.16 12:22:39.767,0.93827,0.93838,2.25,1.13
2013.10.16 12:22:40.356,0.93827,0.93838,2.25,1.13
2013.10.16 12:22:41.646,0.93827,0.93838,3.00,1.13
2013.10.16 12:22:45.945,0.93828,0.93838,1.50,1.13
2013.10.16 12:22:49.227,0.93828,0.93838,1.50,1.13
2013.10.16 12:22:50.326,0.93828,0.93838,1.50,1.13
2013.10.16 12:22:51.486,0.93827,0.93838,2.25,1.13
2013.10.16 12:22:53.387,0.93826,0.93837,1.50,2.25
2013.10.16 12:22:57.456,0.93826,0.93839,1.13,2.25
2013.10.16 12:22:57.575,0.93826,0.93838,1.13,1.88
2013.10.16 12:22:58.175,0.93826,0.93838,1.50,2.25
2013.10.16 12:23:00.358,0.93825,0.93837,4.73,2.25
2013.10.16 12:23:00.914,0.93825,0.93836,1.50,2.25
2013.10.16 12:23:03.565,0.93825,0.93836,1.50,1.88
2013.10.16 12:23:03.745,0.93827,0.93838,2.25,2.63
2013.10.16 12:23:04.884,0.93826,0.93837,1.50,3.00
2013.10.16 12:23:05.184,0.93825,0.93836,1.50,2.25
2013.10.16 12:23:06.066,0.93825,0.93836,1.50,1.50
2013.10.16 12:23:06.574,0.93825,0.93837,1.50,4.88
2013.10.16 12:23:07.005,0.93825,0.93834,1.50,1.50
2013.10.16 12:23:07.307,0.93823,0.93834,2.25,2.25
2013.10.16 12:23:07.586,0.93825,0.93836,1.50,1.88
2013.10.16 12:23:09.394,0.93825,0.93835,2.25,1.13
2013.10.16 12:23:09.635,0.93825,0.93834,1.50,1.50
2013.10.16 12:23:09.935,0.93821,0.9383,1.50,1.50
2013.10.16 12:23:09.995,0.93819,0.93829,1.50,1.13
2013.10.16 12:23:10.556,0.93818,0.93829,1.50,1.13
2013.10.16 12:23:12.637,0.93817,0.93829,2.25,1.13
2013.10.16 12:23:12.945,0.93817,0.93829,2.25,1.13
2013.10.16 12:23:13.466,0.93818,0.93829,1.50,1.13
2013.10.16 12:23:13.584,0.93818,0.93829,1.50,1.13
2013.10.16 12:23:15.154,0.93818,0.93829,1.50,1.13
2013.10.16 12:23:16.990,0.93817,0.93829,2.25,1.13
2013.10.16 12:23:18.077,0.93817,0.93829,2.25,1.13
2013.10.16 12:23:19.216,0.93817,0.93828,2.25,1.13
2013.10.16 12:23:19.574,0.93816,0.93826,2.25,1.13
2013.10.16 12:23:20.225,0.93813,0.93824,2.25,1.88
2013.10.16 12:23:20.346,0.93813,0.93824,1.50,1.88
2013.10.16 12:23:20.885,0.93814,0.93824,1.50,2.25
2013.10.16 12:23:20.947,0.93815,0.93826,1.50,2.63
2013.10.16 12:23:21.065,0.93816,0.93827,2.25,1.88
2013.10.16 12:23:21.365,0.93816,0.93827,3.00,1.13
2013.10.16 12:23:22.385,0.93816,0.93828,2.25,3.38
2013.10.16 12:23:22.567,0.93815,0.93825,1.50,1.50
2013.10.16 12:23:23.415,0.93817,0.93826,1.50,1.13
2013.10.16 12:23:23.534,0.93817,0.93826,1.50,1.13
2013.10.16 12:23:23.955,0.93819,0.93828,1.50,1.13
2013.10.16 12:23:24.195,0.93821,0.93831,1.50,1.13
2013.10.16 12:23:24.894,0.93819,0.93831,2.25,1.88
2013.10.16 12:23:26.046,0.93819,0.93831,1.50,1.50
2013.10.16 12:23:26.599,0.93819,0.93831,1.50,1.50
2013.10.16 12:23:27.105,0.93821,0.93832,2.25,2.25
2013.10.16 12:23:28.075,0.93821,0.93833,4.35,1.50
2013.10.16 12:23:29.138,0.93824,0.93837,1.50,2.63
2013.10.16 12:23:29.684,0.93823,0.93837,2.25,3.00
2013.10.16 12:23:29.745,0.93823,0.93836,2.25,1.50
2013.10.16 12:23:30.285,0.93822,0.93834,3.00,1.50
2013.10.16 12:23:33.465,0.93824,0.93837,1.50,1.50
2013.10.16 12:23:35.677,0.93824,0.93835,2.25,1.50
2013.10.16 12:23:36.216,0.93825,0.93834,2.25,1.50
2013.10.16 12:23:36.779,0.93825,0.93837,3.00,1.50
2013.10.16 12:23:37.217,0.93827,0.93837,1.50,1.88
2013.10.16 12:23:37.456,0.93832,0.93843,1.50,1.13
2013.10.16 12:23:37.635,0.93835,0.93845,1.50,1.13
2013.10.16 12:23:38.176,0.93834,0.93844,1.88,1.50
2013.10.16 12:23:38.355,0.93834,0.93844,1.50,1.88
2013.10.16 12:23:38.916,0.93833,0.93844,2.25,2.63
2013.10.16 12:23:39.536,0.93833,0.93844,2.25,1.88
2013.10.16 12:23:41.031,0.93833,0.93839,1.50,1.13
2013.10.16 12:23:41.335,0.9383,0.93838,1.13,1.50
2013.10.16 12:23:41.456,0.93833,0.9384,1.35,1.50
2013.10.16 12:23:41.515,0.93833,0.93842,1.35,1.50
2013.10.16 12:23:43.525,0.93831,0.93842,1.50,1.50
2013.10.16 12:23:43.645,0.93831,0.93841,1.50,1.50
2013.10.16 12:23:46.865,0.9383,0.93839,1.35,1.50
2013.10.16 12:23:47.719,0.93831,0.93838,1.13,1.50
2013.10.16 12:23:48.505,0.9383,0.93838,1.35,1.88
2013.10.16 12:23:49.128,0.9383,0.93839,1.35,1.88
2013.10.16 12:23:51.125,0.93829,0.93838,1.35,1.88
2013.10.16 12:23:52.740,0.93828,0.93838,1.50,1.50
2013.10.16 12:23:52.876,0.93826,0.93838,2.63,1.50
2013.10.16 12:23:52.936,0.93826,0.93838,2.63,1.50
2013.10.16 12:23:53.475,0.93826,0.93838,2.63,1.88
2013.10.16 12:23:55.045,0.93826,0.93836,1.13,1.50
2013.10.16 12:23:59.078,0.93825,0.93836,2.10,1.50
2013.10.16 12:23:59.136,0.93825,0.93836,1.35,1.50
2013.10.16 12:24:00.455,0.93824,0.93835,2.25,1.50
2013.10.16 12:24:01.276,0.93824,0.93835,2.25,1.50
2013.10.16 12:24:01.607,0.93824,0.93835,2.25,1.50
2013.10.16 12:24:02.326,0.93824,0.93835,2.25,1.50
2013.10.16 12:24:03.389,0.93824,0.93835,2.25,1.50
2013.10.16 12:24:03.462,0.93824,0.93835,2.25,1.50
2013.10.16 12:24:03.977,0.93824,0.93835,2.25,1.50
2013.10.16 12:24:04.617,0.93824,0.93835,3.00,1.50
2013.10.16 12:24:04.677,0.93824,0.93836,4.50,1.50
2013.10.16 12:24:05.035,0.93827,0.93838,2.25,1.13
2013.10.16 12:24:05.402,0.93828,0.93839,1.13,1.50
2013.10.16 12:24:06.756,0.93828,0.93839,1.88,1.50
2013.10.16 12:24:07.787,0.93828,0.93837,1.13,1.50
2013.10.16 12:24:07.906,0.93828,0.93836,1.50,1.13
2013.10.16 12:24:08.148,0.93827,0.9384,2.48,3.00
2013.10.16 12:24:08.446,0.93829,0.9384,1.13,1.50
2013.10.16 12:24:08.568,0.9383,0.93841,1.50,1.13
2013.10.16 12:24:08.875,0.9383,0.93841,1.88,1.50
2013.10.16 12:24:10.615,0.93829,0.9384,1.50,1.50
2013.10.16 12:24:11.108,0.93828,0.9384,1.88,1.50
2013.10.16 12:24:11.466,0.93825,0.93836,1.13,1.50
2013.10.16 12:24:11.528,0.93825,0.93836,1.13,1.50
2013.10.16 12:24:12.065,0.93823,0.93832,2.25,1.50
2013.10.16 12:24:12.816,0.93822,0.93832,1.50,1.50
2013.10.16 12:24:13.418,0.93823,0.93834,1.50,1.50
2013.10.16 12:24:21.037,0.93823,0.93834,3.38,3.00
2013.10.16 12:24:21.098,0.93826,0.93834,3.00,1.50
2013.10.16 12:24:21.226,0.93828,0.93839,1.35,1.88
2013.10.16 12:24:21.286,0.93831,0.93839,2.25,1.50
2013.10.16 12:24:21.346,0.93832,0.93843,1.50,1.88
2013.10.16 12:24:21.405,0.93831,0.93843,1.50,1.88
2013.10.16 12:24:21.525,0.93832,0.9384,1.50,1.88
2013.10.16 12:24:21.767,0.93832,0.93841,3.00,1.13
2013.10.16 12:24:21.825,0.93832,0.93842,3.00,1.88
2013.10.16 12:24:21.885,0.93833,0.93842,1.50,1.13
2013.10.16 12:24:22.306,0.93833,0.93841,1.50,1.13
2013.10.16 12:24:22.365,0.93832,0.93841,3.00,1.13
2013.10.16 12:24:22.616,0.93832,0.93841,2.25,1.13
2013.10.16 12:24:22.962,0.93832,0.93842,2.25,1.13
2013.10.16 12:24:25.135,0.93832,0.93842,1.50,1.13
2013.10.16 12:24:25.418,0.93832,0.93842,1.50,1.13
2013.10.16 12:24:26.005,0.93832,0.93842,1.50,1.13
2013.10.16 12:24:26.124,0.93833,0.93843,3.00,1.13
2013.10.16 12:24:26.475,0.93833,0.93843,3.00,1.13
2013.10.16 12:24:27.005,0.93833,0.93843,3.00,1.13
2013.10.16 12:24:27.856,0.93833,0.93842,3.00,1.13
2013.10.16 12:24:29.586,0.93833,0.93841,3.00,1.13
2013.10.16 12:24:30.205,0.93833,0.93842,2.25,1.73
2013.10.16 12:24:30.385,0.93828,0.93838,2.25,1.50
2013.10.16 12:24:30.956,0.93827,0.93837,1.50,1.50
2013.10.16 12:24:31.285,0.93826,0.93838,1.50,3.00
2013.10.16 12:24:33.105,0.93826,0.93838,1.50,2.25
2013.10.16 12:24:33.777,0.93826,0.93838,2.25,1.50
2013.10.16 12:24:36.565,0.93826,0.93838,3.00,1.88
2013.10.16 12:24:38.797,0.93826,0.93837,3.00,1.13
2013.10.16 12:24:40.571,0.93826,0.93838,3.00,1.88
2013.10.16 12:24:42.324,0.93826,0.93838,3.00,1.50
2013.10.16 12:24:42.956,0.93826,0.93838,3.00,1.50
2013.10.16 12:24:43.286,0.93826,0.93833,3.00,1.13
2013.10.16 12:24:43.467,0.93822,0.93833,3.98,2.25
2013.10.16 12:24:43.705,0.93825,0.93833,1.50,1.50
2013.10.16 12:24:44.066,0.93819,0.93832,3.00,2.63
2013.10.16 12:24:44.126,0.93821,0.93831,1.88,1.50
2013.10.16 12:24:44.247,0.93821,0.93831,1.88,1.50
2013.10.16 12:24:44.365,0.93822,0.93832,1.73,1.50
2013.10.16 12:24:44.547,0.93824,0.93833,2.63,3.00
2013.10.16 12:24:44.850,0.93825,0.93836,2.25,1.50
2013.10.16 12:24:48.456,0.93828,0.93838,2.25,1.13
2013.10.16 12:24:48.636,0.93827,0.93838,1.50,1.88
2013.10.16 12:24:48.876,0.93827,0.93838,1.50,1.88
2013.10.16 12:24:49.235,0.93827,0.93838,2.25,1.13
2013.10.16 12:24:49.818,0.93831,0.93841,1.13,2.63
2013.10.16 12:24:51.584,0.93832,0.93841,1.13,1.50
2013.10.16 12:24:52.148,0.93832,0.93841,1.13,1.50
2013.10.16 12:24:52.717,0.9383,0.93839,1.50,1.13
2013.10.16 12:24:52.787,0.93828,0.93839,2.25,1.50
2013.10.16 12:24:53.175,0.9383,0.93839,1.13,1.13
2013.10.16 12:24:54.141,0.9383,0.93839,1.13,1.13
2013.10.16 12:24:54.306,0.9383,0.93839,1.13,1.13
2013.10.16 12:24:54.485,0.93828,0.93839,2.25,1.50
2013.10.16 12:24:55.335,0.93829,0.93838,1.50,1.13
2013.10.16 12:24:55.727,0.93832,0.93839,1.13,1.50
2013.10.16 12:24:56.866,0.93832,0.93841,1.13,2.63
2013.10.16 12:25:01.766,0.93831,0.93842,1.88,1.50
2013.10.16 12:25:01.826,0.93831,0.93843,1.88,3.75
2013.10.16 12:25:02.415,0.93833,0.93843,1.13,2.25
2013.10.16 12:25:02.963,0.93833,0.93843,1.13,1.50
2013.10.16 12:25:03.373,0.93833,0.93843,1.13,1.88
2013.10.16 12:25:03.885,0.93833,0.93843,1.13,1.88
2013.10.16 12:25:06.356,0.93833,0.93843,1.13,1.50
2013.10.16 12:25:09.495,0.93834,0.93843,1.13,1.50
2013.10.16 12:25:10.745,0.93834,0.93843,1.13,1.50
2013.10.16 12:25:11.826,0.93832,0.93843,1.50,1.50
2013.10.16 12:25:12.066,0.93832,0.93843,1.13,1.50
2013.10.16 12:25:15.205,0.93832,0.9384,1.13,1.50
2013.10.16 12:25:17.856,0.93832,0.9384,1.13,1.50
2013.10.16 12:25:20.884,0.93831,0.9384,1.13,1.50
2013.10.16 12:25:21.871,0.93831,0.93841,1.13,1.50
2013.10.16 12:25:22.057,0.93831,0.93843,1.88,1.50
2013.10.16 12:25:23.688,0.93831,0.93843,2.63,2.25
2013.10.16 12:25:24.236,0.93831,0.93843,2.63,2.25
2013.10.16 12:25:25.295,0.93831,0.93843,2.63,2.25
2013.10.16 12:25:26.778,0.93834,0.93843,2.25,1.50
2013.10.16 12:25:28.797,0.93834,0.93846,1.50,1.88
2013.10.16 12:25:29.465,0.93834,0.93846,1.50,1.88
2013.10.16 12:25:29.824,0.93833,0.93844,2.25,1.50
2013.10.16 12:25:30.375,0.93833,0.93844,1.50,2.25
2013.10.16 12:25:31.295,0.9383,0.9384,1.50,2.25
2013.10.16 12:25:33.585,0.93829,0.9384,3.60,2.25
2013.10.16 12:25:35.285,0.9383,0.93842,2.25,2.25
2013.10.16 12:25:35.865,0.9383,0.93842,2.25,1.50
2013.10.16 12:25:37.706,0.9383,0.93842,1.88,2.25
2013.10.16 12:25:38.587,0.93832,0.93842,1.88,2.25
2013.10.16 12:25:38.946,0.93837,0.93848,1.88,1.50
2013.10.16 12:25:41.835,0.93837,0.93846,1.88,1.13
2013.10.16 12:25:41.896,0.93836,0.93845,1.13,1.13
2013.10.16 12:25:42.375,0.93835,0.93847,3.00,3.00
2013.10.16 12:25:42.675,0.93836,0.93848,3.38,1.13
2013.10.16 12:25:42.915,0.93839,0.93849,2.25,1.50
2013.10.16 12:25:43.457,0.9384,0.93852,1.88,1.50
2013.10.16 12:25:44.117,0.93841,0.93852,1.50,1.05
2013.10.16 12:25:45.556,0.9384,0.93849,1.13,1.13
2013.10.16 12:25:45.622,0.9384,0.9385,1.88,1.88
2013.10.16 12:25:47.526,0.93839,0.9385,3.00,1.88
2013.10.16 12:25:48.336,0.93839,0.93849,2.25,1.50
2013.10.16 12:25:49.847,0.93839,0.93849,2.25,1.50
2013.10.16 12:25:50.760,0.93839,0.93849,2.25,1.50
2013.10.16 12:25:52.266,0.9384,0.93852,3.38,1.50
2013.10.16 12:25:52.815,0.93842,0.93852,1.50,2.25
2013.10.16 12:25:53.115,0.93843,0.93855,2.63,1.50
2013.10.16 12:25:53.424,0.93843,0.93855,4.13,1.50
2013.10.16 12:25:53.545,0.93847,0.93858,1.50,2.25
2013.10.16 12:25:53.665,0.93849,0.93859,1.50,2.25
2013.10.16 12:25:54.085,0.93847,0.93859,2.25,2.25
2013.10.16 12:25:54.657,0.93847,0.93859,1.50,2.25
2013.10.16 12:25:54.895,0.93847,0.93859,1.50,2.25
2013.10.16 12:25:55.445,0.93847,0.93857,1.50,1.50
2013.10.16 12:25:55.766,0.93846,0.93857,2.25,3.00
2013.10.16 12:25:55.886,0.93846,0.93857,2.25,2.25
2013.10.16 12:25:56.189,0.93846,0.93857,1.50,2.25
2013.10.16 12:25:56.259,0.93846,0.93857,1.50,1.50
2013.10.16 12:25:56.685,0.93848,0.9386,1.88,1.50
2013.10.16 12:25:56.985,0.93848,0.93861,1.88,2.25
2013.10.16 12:25:58.067,0.93848,0.93861,2.25,2.25
2013.10.16 12:25:58.425,0.93847,0.93857,1.50,2.25
2013.10.16 12:25:58.785,0.93848,0.93859,1.50,1.50
2013.10.16 12:25:59.335,0.93847,0.93859,2.25,1.50
2013.10.16 12:26:00.825,0.93847,0.93859,2.63,1.50
2013.10.16 12:26:01.056,0.93848,0.93861,2.63,2.25
2013.10.16 12:26:02.296,0.93848,0.93861,2.25,2.25
2013.10.16 12:26:03.116,0.93848,0.93859,1.50,2.25
2013.10.16 12:26:03.177,0.93847,0.93858,2.25,1.50
2013.10.16 12:26:03.356,0.93847,0.93858,1.50,1.50
2013.10.16 12:26:03.715,0.93848,0.93859,2.63,3.00
2013.10.16 12:26:04.225,0.93849,0.93861,2.25,1.50
2013.10.16 12:26:04.796,0.93849,0.93861,2.25,1.50
2013.10.16 12:26:05.367,0.93849,0.93861,2.25,1.50
2013.10.16 12:26:08.446,0.93849,0.93861,1.50,1.50
2013.10.16 12:26:09.578,0.93848,0.9386,3.98,2.25
2013.10.16 12:26:12.936,0.93849,0.9386,1.50,1.50
2013.10.16 12:26:14.985,0.93849,0.9386,1.50,1.50
2013.10.16 12:26:15.945,0.93849,0.93861,2.25,1.50
2013.10.16 12:26:16.467,0.93848,0.93859,5.10,1.50
2013.10.16 12:26:18.635,0.93849,0.93859,1.50,1.50
2013.10.16 12:26:19.846,0.93849,0.93859,1.50,1.50
2013.10.16 12:26:21.145,0.93849,0.93862,3.00,2.25
2013.10.16 12:26:21.665,0.93851,0.93863,2.25,2.25
2013.10.16 12:26:22.166,0.9385,0.93861,1.50,1.50
2013.10.16 12:26:25.055,0.9385,0.93861,1.50,1.50
2013.10.16 12:26:25.726,0.9385,0.93863,3.75,1.50
2013.10.16 12:26:25.801,0.9385,0.9386,2.25,1.50
2013.10.16 12:26:26.357,0.9385,0.93863,4.13,1.50
2013.10.16 12:26:26.478,0.9385,0.93862,1.50,1.88
2013.10.16 12:26:27.076,0.9385,0.93862,1.50,2.63
2013.10.16 12:26:27.667,0.9385,0.93862,1.50,2.63
2013.10.16 12:26:28.216,0.9385,0.9386,1.50,1.50
2013.10.16 12:26:28.766,0.93851,0.93862,1.50,1.88
2013.10.16 12:26:30.405,0.9385,0.93862,2.25,1.13
2013.10.16 12:26:30.585,0.9385,0.93862,2.25,1.88
2013.10.16 12:26:31.255,0.93848,0.9386,2.25,1.50
2013.10.16 12:26:32.646,0.93848,0.9386,2.25,2.25
2013.10.16 12:26:34.777,0.93848,0.93859,2.25,1.50
2013.10.16 12:26:35.315,0.93848,0.9386,1.50,2.25
2013.10.16 12:26:38.386,0.93848,0.93859,1.50,3.00
2013.10.16 12:26:38.445,0.93848,0.93857,1.50,1.50
2013.10.16 12:26:38.566,0.93845,0.93856,3.00,1.50
2013.10.16 12:26:38.626,0.93845,0.93855,2.25,1.50
2013.10.16 12:26:38.745,0.93843,0.93854,1.50,1.50
2013.10.16 12:26:39.301,0.93842,0.93854,2.25,2.25
2013.10.16 12:26:40.424,0.93842,0.93853,2.25,1.50
2013.10.16 12:26:40.950,0.93842,0.93852,2.25,1.50
2013.10.16 12:26:41.275,0.93838,0.93851,2.63,3.00
2013.10.16 12:26:41.336,0.93838,0.93849,1.13,1.50
2013.10.16 12:26:41.396,0.93837,0.93848,2.63,1.50
2013.10.16 12:26:41.755,0.93835,0.93845,1.13,1.50
2013.10.16 12:26:41.976,0.93835,0.93845,1.13,1.50
2013.10.16 12:26:42.509,0.93834,0.93845,2.25,1.50
2013.10.16 12:26:44.936,0.93837,0.93846,1.13,2.25
2013.10.16 12:26:45.115,0.9384,0.93849,1.88,1.50
2013.10.16 12:26:45.655,0.93841,0.93849,1.50,1.50
2013.10.16 12:26:47.015,0.93841,0.9385,1.88,1.50
2013.10.16 12:26:47.075,0.93841,0.9385,1.88,1.50
2013.10.16 12:26:48.478,0.93839,0.9385,1.50,1.50
2013.10.16 12:26:48.546,0.93838,0.9385,2.10,1.50
2013.10.16 12:26:48.606,0.93838,0.9385,2.48,1.50
2013.10.16 12:26:49.975,0.93838,0.9385,1.50,1.50
2013.10.16 12:26:50.729,0.93838,0.9385,2.25,1.50
2013.10.16 12:26:51.736,0.93839,0.9385,1.50,3.00
2013.10.16 12:26:52.037,0.93838,0.9385,1.50,3.00
2013.10.16 12:26:52.275,0.93838,0.9385,2.25,3.00
2013.10.16 12:26:57.235,0.93838,0.93849,2.25,1.50
2013.10.16 12:26:59.025,0.93838,0.93849,1.50,3.38
2013.10.16 12:26:59.267,0.93837,0.93848,1.50,1.50
2013.10.16 12:26:59.839,0.93835,0.93845,1.50,1.50
2013.10.16 12:27:00.742,0.93835,0.93845,1.50,1.50
2013.10.16 12:27:01.895,0.93835,0.93844,1.50,1.50
2013.10.16 12:27:02.927,0.93833,0.93844,1.50,3.00
2013.10.16 12:27:03.467,0.93832,0.93844,1.50,3.75
2013.10.16 12:27:04.009,0.93831,0.93843,2.63,1.50
2013.10.16 12:27:04.736,0.93832,0.93844,1.50,4.50
2013.10.16 12:27:05.237,0.93832,0.93844,2.25,3.00
2013.10.16 12:27:05.987,0.93832,0.93843,2.25,1.13
2013.10.16 12:27:06.516,0.93832,0.93843,1.50,1.13
2013.10.16 12:27:13.526,0.93831,0.93843,2.25,2.63
2013.10.16 12:27:15.877,0.93831,0.93843,2.25,2.63
2013.10.16 12:27:19.274,0.93831,0.93844,3.75,3.75
2013.10.16 12:27:24.965,0.93831,0.93844,3.00,2.25
2013.10.16 12:27:26.011,0.93831,0.93843,1.50,1.50
2013.10.16 12:27:28.565,0.93832,0.93844,1.50,1.50
2013.10.16 12:27:29.045,0.93833,0.93845,1.50,2.63
2013.10.16 12:27:29.661,0.93834,0.93845,1.50,1.88
2013.10.16 12:27:31.035,0.93837,0.93847,1.50,1.88
2013.10.16 12:27:31.217,0.9384,0.93849,1.50,2.85
2013.10.16 12:27:31.635,0.93841,0.93853,2.25,2.25
2013.10.16 12:27:31.877,0.93841,0.93852,3.00,1.50
2013.10.16 12:27:32.477,0.93841,0.93854,2.25,1.50
2013.10.16 12:27:36.125,0.93841,0.93854,3.75,1.50
2013.10.16 12:27:37.276,0.93845,0.93855,1.50,1.88
2013.10.16 12:27:38.072,0.93844,0.93855,1.50,1.88
2013.10.16 12:27:38.952,0.93845,0.93855,1.50,1.88
2013.10.16 12:27:39.706,0.93845,0.93855,1.50,1.88
2013.10.16 12:27:40.429,0.93845,0.93855,1.50,1.13
2013.10.16 12:27:40.635,0.93847,0.93855,1.50,1.13
2013.10.16 12:27:40.815,0.93845,0.93856,1.50,1.50
2013.10.16 12:27:43.275,0.93848,0.93856,1.50,1.50
2013.10.16 12:27:43.575,0.9385,0.9386,1.50,1.50
2013.10.16 12:27:43.695,0.9385,0.93862,3.75,2.25
2013.10.16 12:27:46.056,0.93851,0.93862,1.50,2.25
2013.10.16 12:27:52.875,0.93849,0.93862,3.00,1.50
2013.10.16 12:27:52.935,0.93852,0.93863,1.50,2.25
2013.10.16 12:27:52.995,0.9385,0.93863,2.25,3.00
2013.10.16 12:28:00.727,0.9385,0.93861,2.25,1.50
2013.10.16 12:28:01.147,0.93851,0.93861,3.00,1.50
2013.10.16 12:28:01.207,0.93851,0.93862,3.00,1.50
2013.10.16 12:28:01.866,0.93853,0.93864,1.50,1.50
2013.10.16 12:28:02.108,0.93855,0.93865,1.50,1.50
2013.10.16 12:28:02.655,0.93853,0.93865,1.13,2.25
2013.10.16 12:28:06.725,0.93853,0.93865,1.88,1.50
2013.10.16 12:28:08.927,0.93853,0.93865,1.50,1.88
2013.10.16 12:28:09.586,0.93853,0.93865,1.88,1.50
2013.10.16 12:28:16.856,0.93856,0.93865,1.13,1.50
2013.10.16 12:28:17.215,0.9386,0.93872,3.38,2.25
2013.10.16 12:28:17.655,0.93861,0.93872,1.50,2.25
2013.10.16 12:28:19.146,0.93862,0.93872,1.13,2.25
2013.10.16 12:28:22.126,0.9386,0.93872,2.63,1.50
2013.10.16 12:28:23.178,0.9386,0.93871,2.63,1.13
2013.10.16 12:28:23.476,0.93862,0.93872,1.50,1.88
2013.10.16 12:28:24.586,0.93862,0.93872,2.25,1.13
2013.10.16 12:28:29.216,0.93864,0.93875,1.50,2.63
2013.10.16 12:28:29.276,0.93865,0.93876,1.50,2.63
2013.10.16 12:28:30.117,0.93869,0.93878,1.50,1.13
2013.10.16 12:28:30.675,0.93872,0.93878,1.13,1.13
2013.10.16 12:28:31.035,0.93869,0.93879,2.25,1.50
2013.10.16 12:28:31.157,0.93867,0.93874,1.50,1.13
2013.10.16 12:28:31.726,0.93866,0.93875,3.00,1.13
2013.10.16 12:28:46.186,0.93866,0.93874,1.50,1.13
2013.10.16 12:28:46.655,0.93865,0.93873,1.50,1.13
2013.10.16 12:28:49.156,0.93864,0.93874,3.00,1.13
2013.10.16 12:28:49.395,0.93863,0.93874,1.13,1.88
2013.10.16 12:28:49.785,0.93863,0.93874,1.13,1.50
2013.10.16 12:28:50.326,0.93864,0.93874,1.50,1.50
2013.10.16 12:28:51.277,0.93864,0.93874,1.50,1.88
2013.10.16 12:28:54.125,0.93864,0.93874,1.50,1.50
2013.10.16 12:28:54.892,0.93864,0.93875,2.25,2.10
2013.10.16 12:28:56.857,0.93864,0.93875,2.25,2.10
2013.10.16 12:28:57.471,0.93864,0.93873,2.25,2.48
2013.10.16 12:28:57.598,0.93861,0.93871,1.13,1.88
2013.10.16 12:28:57.956,0.9386,0.93866,1.50,1.13
2013.10.16 12:28:58.265,0.93859,0.93866,1.50,1.13
2013.10.16 12:28:58.885,0.93859,0.93866,2.25,1.13
2013.10.16 12:29:00.246,0.93859,0.93866,1.50,1.13
2013.10.16 12:29:00.427,0.93857,0.93865,1.50,1.13
2013.10.16 12:29:00.726,0.93855,0.93863,1.50,1.50
2013.10.16 12:29:00.965,0.93853,0.93863,1.50,1.50
2013.10.16 12:29:01.396,0.93853,0.93864,1.50,1.50
2013.10.16 12:29:01.517,0.93852,0.93862,2.25,1.50
2013.10.16 12:29:02.116,0.93851,0.93862,1.50,2.25
2013.10.16 12:29:02.236,0.93851,0.93862,1.50,2.25
2013.10.16 12:29:03.697,0.93851,0.93862,1.50,2.25
2013.10.16 12:29:03.905,0.93851,0.93862,1.50,2.63
2013.10.16 12:29:04.149,0.93849,0.93862,2.25,3.00
2013.10.16 12:29:04.336,0.93849,0.93862,2.25,3.75
2013.10.16 12:29:04.456,0.93849,0.93861,2.25,1.13
2013.10.16 12:29:04.695,0.93845,0.93857,1.50,3.00
2013.10.16 12:29:05.055,0.93847,0.93859,1.50,1.13
2013.10.16 12:29:05.633,0.93846,0.93857,2.25,2.25
2013.10.16 12:29:06.175,0.93846,0.93857,2.25,2.25
2013.10.16 12:29:06.999,0.93846,0.93857,2.25,2.25
2013.10.16 12:29:07.539,0.93844,0.93856,2.25,1.50
2013.10.16 12:29:07.606,0.93844,0.93855,1.50,1.50
2013.10.16 12:29:07.725,0.93844,0.93856,2.25,1.50
2013.10.16 12:29:07.785,0.93844,0.93856,1.50,2.25
2013.10.16 12:29:09.885,0.93844,0.93856,1.50,2.25
2013.10.16 12:29:10.635,0.93844,0.93856,1.50,2.25
2013.10.16 12:29:11.186,0.93847,0.93858,1.50,1.50
2013.10.16 12:29:11.365,0.93848,0.93858,1.50,1.50
2013.10.16 12:29:11.635,0.93849,0.9386,1.50,1.13
2013.10.16 12:29:11.756,0.93849,0.93861,1.50,2.25
2013.10.16 12:29:12.116,0.9385,0.93863,1.88,1.50
2013.10.16 12:29:13.077,0.93851,0.93863,1.50,2.25
2013.10.16 12:29:13.598,0.9385,0.93862,1.88,1.50
2013.10.16 12:29:20.159,0.9385,0.93862,1.50,1.50
2013.10.16 12:29:22.785,0.93849,0.93861,1.50,1.50
2013.10.16 12:29:26.136,0.93848,0.93861,2.48,1.50
2013.10.16 12:29:26.255,0.93848,0.93861,4.73,1.50
2013.10.16 12:29:26.736,0.93851,0.93863,1.50,3.00
2013.10.16 12:29:30.266,0.93851,0.93862,1.50,2.25
2013.10.16 12:29:30.329,0.93851,0.93858,1.13,1.50
2013.10.16 12:29:31.094,0.93851,0.93857,1.88,1.50
2013.10.16 12:29:31.447,0.93851,0.9386,1.88,1.50
2013.10.16 12:29:31.565,0.93851,0.93862,2.25,2.25
2013.10.16 12:29:37.587,0.93851,0.93862,3.00,1.50
2013.10.16 12:29:37.769,0.93851,0.93862,2.25,1.50
2013.10.16 12:29:38.406,0.93851,0.93864,2.25,4.13
2013.10.16 12:29:38.588,0.93852,0.93864,1.50,1.88
2013.10.16 12:29:39.365,0.93852,0.93864,1.50,1.88
2013.10.16 12:29:39.425,0.93852,0.93865,1.50,3.00
2013.10.16 12:29:41.246,0.93852,0.93864,1.50,1.50
2013.10.16 12:29:41.814,0.93852,0.93862,1.50,1.50
2013.10.16 12:29:42.387,0.93853,0.93864,1.50,1.13
2013.10.16 12:29:42.935,0.93853,0.93865,1.88,2.25
2013.10.16 12:29:43.056,0.93853,0.93866,2.63,1.13
2013.10.16 12:29:43.235,0.93854,0.93867,2.25,1.50
2013.10.16 12:29:43.546,0.93856,0.93867,2.25,1.50
2013.10.16 12:29:43.665,0.93857,0.93867,1.50,1.50
2013.10.16 12:29:44.205,0.93856,0.93867,1.50,1.50
2013.10.16 12:29:46.406,0.93856,0.93867,1.50,1.50
2013.10.16 12:29:47.505,0.93855,0.93867,1.88,3.00
2013.10.16 12:29:48.119,0.93854,0.93866,1.13,1.50
2013.10.16 12:29:50.686,0.93853,0.93866,3.00,1.50
2013.10.16 12:29:51.196,0.93853,0.93866,3.75,1.50
2013.10.16 12:29:51.500,0.93853,0.93864,3.00,1.50
2013.10.16 12:29:53.596,0.93853,0.93864,1.50,1.50
2013.10.16 12:29:53.907,0.93853,0.93866,1.50,1.50
2013.10.16 12:29:55.406,0.93852,0.93867,1.88,1.50
2013.10.16 12:29:56.246,0.93853,0.93867,2.25,1.50
2013.10.16 12:29:58.748,0.93853,0.93867,1.13,1.88
2013.10.16 12:30:00.826,0.93857,0.93869,1.50,1.50
2013.10.16 12:30:01.187,0.93861,0.93873,1.13,1.50
2013.10.16 12:30:01.727,0.93863,0.93874,2.25,1.50
2013.10.16 12:30:02.088,0.93863,0.93872,1.50,1.13
2013.10.16 12:30:02.145,0.93862,0.93872,1.50,1.13
2013.10.16 12:30:05.417,0.93861,0.93871,2.25,1.50
2013.10.16 12:30:05.776,0.93858,0.93866,1.50,1.13
2013.10.16 12:30:06.309,0.93857,0.93866,2.25,1.13
2013.10.16 12:30:07.098,0.93857,0.93867,2.25,1.13
2013.10.16 12:30:07.278,0.93857,0.93865,1.50,1.50
2013.10.16 12:30:07.338,0.93854,0.93865,1.50,1.50
2013.10.16 12:30:10.226,0.93853,0.93865,2.25,1.50
2013.10.16 12:30:16.430,0.93853,0.93864,1.50,1.50
2013.10.16 12:30:17.106,0.93853,0.93864,1.50,1.50
2013.10.16 12:30:17.865,0.93854,0.93865,3.00,1.50
2013.10.16 12:30:18.106,0.93855,0.93867,1.50,1.50
2013.10.16 12:30:18.346,0.93854,0.93868,2.25,1.88
2013.10.16 12:30:18.465,0.93854,0.93868,1.50,1.88
2013.10.16 12:30:18.526,0.93856,0.93868,1.50,1.50
2013.10.16 12:30:18.848,0.93851,0.93865,2.25,1.50
2013.10.16 12:30:19.366,0.93854,0.93866,3.00,1.13
2013.10.16 12:30:19.486,0.93857,0.93868,1.73,1.50
2013.10.16 12:30:20.215,0.93857,0.93869,2.10,1.13
2013.10.16 12:30:20.756,0.93857,0.9387,2.85,1.13
2013.10.16 12:30:20.937,0.93857,0.93871,3.60,1.50
2013.10.16 12:30:21.596,0.93857,0.9387,2.25,2.85
2013.10.16 12:30:21.671,0.93849,0.93862,2.25,1.50
2013.10.16 12:30:22.155,0.93849,0.93862,3.00,1.50
2013.10.16 12:30:22.736,0.93852,0.93863,1.13,1.50
2013.10.16 12:30:25.455,0.93849,0.93864,2.25,3.00
2013.10.16 12:30:26.437,0.93851,0.93864,1.88,3.00
2013.10.16 12:30:26.556,0.93855,0.93864,1.13,1.50
2013.10.16 12:30:26.676,0.93851,0.93866,3.00,1.88
2013.10.16 12:30:26.797,0.93855,0.93866,1.88,1.88
2013.10.16 12:30:26.986,0.93851,0.93866,3.00,2.63
2013.10.16 12:30:27.106,0.93855,0.93866,1.88,1.13
2013.10.16 12:30:27.346,0.93855,0.93866,1.50,1.13
2013.10.16 12:30:27.585,0.93855,0.93866,1.13,2.25
2013.10.16 12:30:27.646,0.93856,0.93866,1.13,1.50
2013.10.16 12:30:27.765,0.93855,0.93868,2.63,1.50
2013.10.16 12:30:27.886,0.93856,0.93868,1.13,1.50
2013.10.16 12:30:29.105,0.93856,0.93869,1.13,1.13
2013.10.16 12:30:29.348,0.93861,0.93871,1.13,1.13
2013.10.16 12:30:29.690,0.93861,0.93872,1.88,2.25
2013.10.16 12:30:30.206,0.93861,0.93872,1.50,1.50
2013.10.16 12:30:31.225,0.93861,0.93872,1.13,2.63
2013.10.16 12:30:32.167,0.93859,0.9387,2.10,2.25
2013.10.16 12:30:32.695,0.93859,0.9387,2.10,2.25
2013.10.16 12:30:32.827,0.93859,0.9387,2.10,2.25
2013.10.16 12:30:33.647,0.93858,0.93867,1.50,1.50
2013.10.16 12:30:33.727,0.93857,0.93867,1.50,1.50
2013.10.16 12:30:34.245,0.93857,0.93867,2.25,1.50
2013.10.16 12:30:34.845,0.93858,0.93868,3.00,1.50
2013.10.16 12:30:35.375,0.93859,0.93868,2.25,1.50
2013.10.16 12:30:35.716,0.9386,0.93872,1.13,1.88
2013.10.16 12:30:36.395,0.9386,0.93872,1.13,1.88
2013.10.16 12:30:47.176,0.93862,0.93872,1.13,1.13
2013.10.16 12:30:51.335,0.93862,0.93872,1.13,1.13
2013.10.16 12:30:52.596,0.93862,0.93872,2.63,1.13
2013.10.16 12:30:53.101,0.93862,0.93872,3.38,1.13
2013.10.16 12:30:53.656,0.93862,0.93872,1.13,1.13
2013.10.16 12:30:54.666,0.93861,0.93872,1.50,1.13
2013.10.16 12:30:55.985,0.9386,0.93871,1.13,1.50
2013.10.16 12:30:56.636,0.93858,0.93871,3.00,1.50
2013.10.16 12:31:00.639,0.9386,0.9387,1.50,2.25
2013.10.16 12:31:01.165,0.9386,0.9387,2.25,1.50
2013.10.16 12:31:10.317,0.93858,0.9387,1.88,2.25
2013.10.16 12:31:10.879,0.93858,0.9387,1.88,2.25
2013.10.16 12:31:15.287,0.93858,0.93868,1.88,1.50
2013.10.16 12:31:15.408,0.93858,0.93868,1.50,1.50
2013.10.16 12:31:15.586,0.93856,0.93865,1.50,1.50
2013.10.16 12:31:15.645,0.93855,0.93865,1.88,1.50
2013.10.16 12:31:15.908,0.93855,0.93865,1.13,1.50
2013.10.16 12:31:17.285,0.93852,0.93864,1.88,1.13
2013.10.16 12:31:17.525,0.93852,0.93863,1.88,1.50
2013.10.16 12:31:18.045,0.93852,0.93862,1.13,1.50
2013.10.16 12:31:18.365,0.9385,0.93862,3.98,1.50
2013.10.16 12:31:23.705,0.93851,0.93863,1.13,2.25
2013.10.16 12:31:23.926,0.9385,0.93861,2.48,1.13
2013.10.16 12:31:24.105,0.93848,0.93859,2.85,3.00
2013.10.16 12:31:24.406,0.93848,0.93856,1.50,1.50
2013.10.16 12:31:24.465,0.93848,0.93858,1.50,1.13
2013.10.16 12:31:24.829,0.93848,0.9386,4.35,1.50
2013.10.16 12:31:25.135,0.93849,0.93861,1.50,1.50
2013.10.16 12:31:27.154,0.9385,0.93862,1.50,2.25
2013.10.16 12:31:27.335,0.93851,0.93863,1.13,2.25
2013.10.16 12:31:27.995,0.93851,0.93862,1.13,1.50
2013.10.16 12:31:28.435,0.9385,0.93862,1.50,1.13
2013.10.16 12:31:28.957,0.93849,0.93862,2.63,1.88
2013.10.16 12:31:29.076,0.93853,0.93862,1.35,1.50
2013.10.16 12:31:29.259,0.93854,0.93861,1.13,1.13
2013.10.16 12:31:29.326,0.93853,0.93864,1.50,1.88
2013.10.16 12:31:29.507,0.93853,0.93863,1.50,1.88
2013.10.16 12:31:29.926,0.93852,0.93862,2.25,1.13
2013.10.16 12:31:30.477,0.93851,0.93861,1.50,1.13
2013.10.16 12:31:31.657,0.93852,0.93863,1.13,2.25
2013.10.16 12:31:31.716,0.93852,0.93863,1.13,1.50
2013.10.16 12:31:32.218,0.93852,0.93863,1.13,2.63
2013.10.16 12:31:32.890,0.93852,0.93863,1.13,1.50
2013.10.16 12:31:35.167,0.93852,0.93863,1.13,2.25
2013.10.16 12:31:36.037,0.93852,0.93863,1.13,2.63
2013.10.16 12:31:38.205,0.93852,0.93863,1.13,2.63
2013.10.16 12:31:43.615,0.93849,0.9386,1.88,1.50
2013.10.16 12:31:44.036,0.93848,0.93857,1.13,1.50
2013.10.16 12:31:44.576,0.93845,0.93856,1.13,1.50
2013.10.16 12:31:50.278,0.93846,0.93857,1.13,2.25
2013.10.16 12:31:50.636,0.93848,0.93859,1.88,2.25
2013.10.16 12:31:51.795,0.93848,0.93859,1.13,3.00
2013.10.16 12:31:52.336,0.93847,0.93859,1.13,3.38
2013.10.16 12:31:53.391,0.93846,0.93854,2.25,1.13
2013.10.16 12:31:53.534,0.93843,0.93852,2.25,1.88
2013.10.16 12:31:54.101,0.93842,0.93852,2.25,1.88
2013.10.16 12:31:55.169,0.93843,0.93852,1.50,1.88
2013.10.16 12:31:55.656,0.93844,0.93855,1.13,2.25
2013.10.16 12:31:55.715,0.93844,0.93855,1.13,1.50
2013.10.16 12:31:55.776,0.93847,0.93856,1.50,1.50
2013.10.16 12:31:56.707,0.93847,0.93854,1.50,1.13
2013.10.16 12:31:56.766,0.93845,0.93854,3.75,1.13
2013.10.16 12:31:57.906,0.93845,0.93854,3.00,1.13
2013.10.16 12:31:59.545,0.93845,0.93856,1.88,1.50
2013.10.16 12:32:00.506,0.93846,0.93857,1.50,2.63
2013.10.16 12:32:00.745,0.93846,0.93856,1.13,1.13
2013.10.16 12:32:00.806,0.93846,0.93857,1.13,2.63
2013.10.16 12:32:00.927,0.93846,0.93857,1.13,3.00
2013.10.16 12:32:02.075,0.93843,0.93854,1.50,1.88
2013.10.16 12:32:02.196,0.93844,0.93854,1.13,1.50
2013.10.16 12:32:02.969,0.93844,0.93856,1.13,3.00
2013.10.16 12:32:03.750,0.93845,0.93856,1.13,1.50
2013.10.16 12:32:06.200,0.93845,0.93856,1.13,2.25
2013.10.16 12:32:07.377,0.93844,0.93855,1.13,1.50
2013.10.16 12:32:10.116,0.93845,0.93856,1.13,3.00
2013.10.16 12:32:10.769,0.93846,0.93856,1.13,2.25
2013.10.16 12:32:21.537,0.93844,0.93856,1.88,2.25
2013.10.16 12:32:21.598,0.93844,0.93856,1.88,4.50
2013.10.16 12:32:22.137,0.93843,0.93853,1.50,3.00
