2009.09.21 01:00:09.764,0.79375,0.79395,1.60,2.40
2009.09.21 01:00:21.201,0.79375,0.794,1.60,4.00
2009.09.21 01:00:23.040,0.79375,0.7939,1.60,2.40
2009.09.21 01:00:23.220,0.79365,0.7939,1.70,2.40
2009.09.21 01:00:25.620,0.79375,0.79395,1.60,2.40
2009.09.21 01:00:25.909,0.79365,0.7939,1.70,2.40
2009.09.21 01:00:26.829,0.7937,0.7939,1.00,2.40
2009.09.21 01:00:27.919,0.79365,0.7939,1.60,2.40
2009.09.21 01:00:28.099,0.7936,0.79385,1.70,2.40
2009.09.21 01:00:28.319,0.79365,0.7939,1.70,2.40
2009.09.21 01:00:31.698,0.79365,0.7939,1.70,3.20
2009.09.21 01:00:31.968,0.7936,0.79385,1.00,2.40
2009.09.21 01:00:37.107,0.79365,0.7939,1.70,2.40
2009.09.21 01:00:40.226,0.7937,0.79395,1.60,2.40
2009.09.21 01:00:40.386,0.79365,0.79395,4.10,2.40
2009.09.21 01:00:41.936,0.7937,0.79395,1.00,2.40
2009.09.21 01:00:42.685,0.79365,0.7939,1.00,2.40
2009.09.21 01:00:42.965,0.79365,0.7939,1.70,4.00
2009.09.21 01:00:43.945,0.7937,0.7939,1.00,4.00
2009.09.21 01:00:44.295,0.7937,0.7939,1.00,2.40
2009.09.21 01:00:51.073,0.7937,0.7939,1.00,4.00
2009.09.21 01:01:03.930,0.79365,0.7939,1.00,4.00
2009.09.21 01:01:04.110,0.79365,0.79395,2.50,4.00
2009.09.21 01:01:04.910,0.7937,0.79395,1.00,4.00
2009.09.21 01:01:28.734,0.7937,0.79395,2.50,2.40
2009.09.21 01:01:38.142,0.7938,0.794,1.00,3.20
2009.09.21 01:01:38.492,0.79365,0.79395,1.00,2.40
2009.09.21 01:01:39.762,0.79365,0.79395,1.00,3.20
2009.09.21 01:01:40.042,0.7936,0.7939,2.40,3.20
2009.09.21 01:01:40.402,0.79345,0.79385,16.10,3.20
2009.09.21 01:01:40.701,0.7935,0.7939,1.00,1.00
2009.09.21 01:01:41.052,0.79345,0.79385,2.50,3.20
2009.09.21 01:01:52.719,0.79345,0.79385,3.30,2.40
2009.09.21 01:01:52.889,0.7935,0.79385,1.00,2.40
2009.09.21 01:01:53.009,0.7935,0.7939,1.00,1.20
2009.09.21 01:01:53.128,0.7935,0.7939,1.00,1.00
2009.09.21 01:01:53.289,0.7935,0.7939,3.30,2.80
2009.09.21 01:01:53.399,0.79355,0.79395,2.40,2.80
2009.09.21 01:01:53.568,0.7936,0.79395,1.00,1.00
2009.09.21 01:01:53.789,0.79355,0.79395,1.00,3.20
2009.09.21 01:01:54.138,0.7936,0.79395,1.00,1.00
2009.09.21 01:01:54.498,0.79355,0.7939,1.00,3.20
2009.09.21 01:02:00.237,0.79355,0.7939,1.00,2.40
2009.09.21 01:02:00.997,0.79355,0.7939,1.00,3.20
2009.09.21 01:02:24.731,0.79355,0.7938,1.00,2.40
2009.09.21 01:02:28.250,0.79355,0.79385,2.50,4.00
2009.09.21 01:02:28.430,0.79355,0.79385,4.10,4.00
2009.09.21 01:02:30.000,0.7936,0.79385,1.00,4.00
2009.09.21 01:02:33.209,0.7936,0.7939,2.50,2.40
2009.09.21 01:02:33.899,0.7937,0.7939,1.00,2.40
2009.09.21 01:02:57.093,0.79365,0.7939,1.00,4.00
2009.09.21 01:02:59.682,0.79365,0.79385,1.00,1.00
2009.09.21 01:02:59.972,0.7936,0.7938,2.40,1.60
2009.09.21 01:03:00.192,0.79355,0.7938,1.70,4.00
2009.09.21 01:03:00.552,0.79355,0.79375,1.00,1.60
2009.09.21 01:03:05.841,0.79355,0.7938,1.00,4.00
2009.09.21 01:03:09.780,0.79355,0.79385,2.50,4.00
2009.09.21 01:03:09.960,0.79355,0.7939,2.50,2.40
2009.09.21 01:03:10.990,0.7936,0.7939,1.00,2.40
2009.09.21 01:03:31.305,0.79365,0.79395,2.50,4.80
2009.09.21 01:03:32.915,0.7937,0.79395,1.00,4.80
2009.09.21 01:03:39.293,0.79365,0.79395,2.50,4.80
2009.09.21 01:03:40.912,0.79365,0.79395,2.40,4.80
2009.09.21 01:03:48.841,0.79365,0.79395,2.50,4.80
2009.09.21 01:03:49.071,0.79365,0.7939,2.50,1.00
2009.09.21 01:03:49.311,0.7936,0.7939,2.50,3.20
2009.09.21 01:03:50.060,0.7936,0.79385,1.00,2.40
2009.09.21 01:04:18.274,0.7936,0.7938,1.00,2.40
2009.09.21 01:04:18.803,0.79355,0.7938,1.70,2.40
2009.09.21 01:04:22.642,0.79355,0.7938,1.00,2.40
2009.09.21 01:04:22.823,0.7935,0.7938,2.50,2.40
2009.09.21 01:04:22.992,0.7935,0.79375,1.00,2.40
2009.09.21 01:04:23.172,0.7935,0.79375,1.00,4.80
2009.09.21 01:04:23.293,0.79345,0.79375,4.10,4.00
2009.09.21 01:04:23.463,0.7935,0.79375,1.00,4.00
2009.09.21 01:04:23.822,0.79345,0.79375,4.10,4.00
2009.09.21 01:04:24.532,0.7934,0.7937,2.50,2.40
2009.09.21 01:04:28.372,0.79345,0.7937,1.00,2.40
2009.09.21 01:04:28.991,0.7934,0.7937,2.50,2.40
2009.09.21 01:04:31.480,0.7934,0.79365,1.00,2.40
2009.09.21 01:04:33.540,0.79345,0.79365,1.00,2.40
2009.09.21 01:04:47.177,0.79345,0.79365,1.00,1.60
2009.09.21 01:04:47.756,0.79345,0.7937,2.50,1.60
2009.09.21 01:04:48.056,0.7935,0.7937,1.00,1.60
2009.09.21 01:04:48.406,0.7935,0.79375,2.50,1.60
2009.09.21 01:04:49.126,0.79355,0.79375,1.00,1.60
2009.09.21 01:04:52.066,0.7935,0.79375,2.50,1.60
2009.09.21 01:04:52.355,0.79355,0.79375,1.00,1.60
2009.09.21 01:05:08.672,0.79355,0.7938,2.50,1.60
2009.09.21 01:05:10.121,0.7936,0.7938,1.00,1.60
2009.09.21 01:05:31.756,0.7936,0.79385,2.50,1.60
2009.09.21 01:05:32.736,0.7936,0.7938,1.00,1.60
2009.09.21 01:05:43.233,0.79345,0.7937,2.50,2.40
2009.09.21 01:05:43.513,0.7934,0.7936,4.10,1.60
2009.09.21 01:05:43.623,0.7934,0.7936,1.00,1.60
2009.09.21 01:05:43.803,0.7934,0.7936,1.00,1.60
2009.09.21 01:05:45.253,0.7934,0.7936,2.50,1.60
2009.09.21 01:05:45.493,0.7934,0.79365,2.50,1.60
2009.09.21 01:05:45.893,0.79345,0.7937,2.40,1.60
2009.09.21 01:05:47.222,0.7935,0.7937,1.00,1.60
2009.09.21 01:05:47.912,0.79345,0.7936,1.00,1.60
2009.09.21 01:05:49.242,0.7935,0.7936,1.00,1.60
2009.09.21 01:05:50.401,0.79345,0.7937,2.50,1.60
2009.09.21 01:05:50.741,0.79345,0.7937,1.00,1.60
2009.09.21 01:05:51.031,0.79345,0.79365,1.00,1.60
2009.09.21 01:05:51.961,0.7934,0.79365,2.50,1.60
2009.09.21 01:05:52.721,0.79345,0.79365,1.00,1.60
2009.09.21 01:05:53.001,0.79345,0.7937,2.50,1.60
2009.09.21 01:05:53.840,0.7935,0.7937,1.00,1.60
2009.09.21 01:05:54.120,0.7935,0.7936,1.00,1.60
2009.09.21 01:05:54.480,0.79345,0.7936,2.50,1.60
2009.09.21 01:05:54.600,0.79345,0.7937,2.50,1.60
2009.09.21 01:05:55.880,0.7935,0.7937,1.00,1.60
2009.09.21 01:05:57.980,0.79355,0.7937,1.00,1.60
2009.09.21 01:06:00.059,0.7936,0.7937,1.00,1.60
2009.09.21 01:06:09.297,0.7936,0.79375,1.00,1.60
2009.09.21 01:06:10.697,0.7935,0.79375,2.50,1.60
2009.09.21 01:06:25.103,0.7935,0.7937,1.00,1.60
2009.09.21 01:06:32.201,0.7935,0.79375,2.40,1.60
2009.09.21 01:06:32.491,0.79355,0.79375,2.40,1.60
2009.09.21 01:06:33.171,0.7935,0.79375,2.50,1.60
2009.09.21 01:06:36.630,0.79355,0.79375,3.30,1.60
2009.09.21 01:06:36.920,0.79355,0.7938,3.30,1.60
2009.09.21 01:06:37.200,0.7936,0.7938,3.30,1.60
2009.09.21 01:06:37.480,0.7937,0.7939,2.40,1.60
2009.09.21 01:06:37.710,0.7937,0.79395,2.40,1.60
2009.09.21 01:06:37.880,0.79365,0.79395,2.40,1.60
2009.09.21 01:06:38.110,0.79365,0.79395,1.00,1.60
2009.09.21 01:06:38.500,0.7937,0.79395,2.40,1.60
2009.09.21 01:06:39.919,0.79375,0.794,2.40,1.60
2009.09.21 01:06:40.099,0.7937,0.794,1.00,1.60
2009.09.21 01:06:40.329,0.79375,0.794,2.40,1.60
2009.09.21 01:06:41.729,0.7937,0.794,2.50,1.60
2009.09.21 01:06:42.019,0.7938,0.794,1.00,1.60
2009.09.21 01:06:42.309,0.79375,0.794,1.00,1.60
2009.09.21 01:06:43.369,0.79375,0.79395,1.00,1.60
2009.09.21 01:06:44.628,0.7937,0.79395,2.50,1.60
2009.09.21 01:06:44.858,0.7937,0.79395,2.50,4.00
2009.09.21 01:06:45.268,0.79375,0.79395,1.00,1.60
2009.09.21 01:06:45.448,0.7938,0.79395,1.00,1.60
2009.09.21 01:06:45.908,0.7938,0.794,1.00,1.60
2009.09.21 01:06:46.778,0.7938,0.794,1.00,4.00
2009.09.21 01:06:47.118,0.7938,0.794,1.00,1.60
2009.09.21 01:06:47.408,0.7938,0.794,1.00,4.00
2009.09.21 01:06:47.688,0.7937,0.7939,2.50,1.60
2009.09.21 01:06:47.988,0.7937,0.79395,2.50,2.40
2009.09.21 01:06:54.156,0.79375,0.79395,1.00,2.40
2009.09.21 01:06:54.386,0.79375,0.79405,1.00,4.00
2009.09.21 01:06:54.566,0.79375,0.79405,1.00,2.40
2009.09.21 01:06:55.896,0.7938,0.7941,1.00,2.40
2009.09.21 01:06:56.416,0.79375,0.7941,2.50,2.40
2009.09.21 01:06:56.765,0.7938,0.79415,3.30,4.00
2009.09.21 01:06:56.936,0.79385,0.79415,2.40,2.40
2009.09.21 01:06:57.285,0.7939,0.7942,2.50,4.80
2009.09.21 01:06:57.685,0.7939,0.7942,4.00,4.80
2009.09.21 01:06:57.985,0.7939,0.7942,4.10,4.00
2009.09.21 01:06:58.285,0.7939,0.7942,4.10,4.80
2009.09.21 01:06:58.635,0.7939,0.79415,1.00,2.40
2009.09.21 01:07:00.605,0.79395,0.7942,1.00,4.00
2009.09.21 01:07:01.744,0.79395,0.7942,1.00,4.80
2009.09.21 01:07:03.524,0.79395,0.7942,1.00,4.00
2009.09.21 01:07:03.754,0.79395,0.7942,1.00,2.40
2009.09.21 01:07:03.994,0.79395,0.79425,2.50,2.40
2009.09.21 01:07:04.274,0.79405,0.79425,1.00,2.40
2009.09.21 01:07:04.563,0.794,0.79425,1.00,2.40
2009.09.21 01:07:04.913,0.794,0.7942,1.00,4.00
2009.09.21 01:07:05.203,0.79395,0.7942,1.00,4.00
2009.09.21 01:07:05.543,0.794,0.7942,1.00,4.00
2009.09.21 01:07:06.183,0.79405,0.7942,1.00,4.00
2009.09.21 01:07:06.483,0.794,0.7942,1.00,1.60
2009.09.21 01:07:06.773,0.794,0.79425,1.00,2.40
2009.09.21 01:07:07.123,0.794,0.7942,1.00,2.40
2009.09.21 01:07:07.473,0.794,0.7942,1.00,4.00
2009.09.21 01:07:07.823,0.794,0.7943,2.50,2.40
2009.09.21 01:07:07.943,0.7941,0.79435,1.00,3.20
2009.09.21 01:07:08.123,0.79405,0.79435,4.10,2.40
2009.09.21 01:07:08.413,0.79415,0.79435,1.00,2.40
2009.09.21 01:07:08.822,0.7941,0.79435,1.00,2.40
2009.09.21 01:07:09.742,0.79415,0.7944,1.00,2.40
2009.09.21 01:07:10.212,0.7941,0.7943,1.00,4.00
2009.09.21 01:07:10.672,0.7941,0.7943,2.50,1.60
2009.09.21 01:07:10.892,0.79415,0.7944,1.70,4.00
2009.09.21 01:07:11.232,0.7942,0.79445,1.00,3.20
2009.09.21 01:07:11.572,0.7942,0.79445,1.00,2.40
2009.09.21 01:07:11.912,0.7942,0.7944,1.00,4.00
2009.09.21 01:07:12.272,0.79415,0.7944,1.70,2.40
2009.09.21 01:07:12.662,0.79415,0.79445,4.10,2.40
2009.09.21 01:07:13.612,0.7942,0.79445,1.00,2.40
2009.09.21 01:07:19.930,0.79415,0.79445,4.10,2.40
2009.09.21 01:07:20.290,0.7942,0.79445,1.00,2.40
2009.09.21 01:07:24.419,0.79415,0.79445,4.10,2.40
2009.09.21 01:07:25.738,0.79415,0.79445,4.10,3.20
2009.09.21 01:07:30.597,0.7942,0.79445,1.00,3.20
2009.09.21 01:07:30.927,0.79415,0.79445,4.10,2.40
2009.09.21 01:07:31.287,0.7942,0.79445,1.00,2.40
2009.09.21 01:07:31.927,0.79415,0.79445,4.10,2.40
2009.09.21 01:07:32.227,0.7942,0.79445,1.00,2.40
2009.09.21 01:07:34.517,0.79415,0.7944,1.70,2.40
2009.09.21 01:07:34.696,0.79415,0.7944,1.00,2.40
2009.09.21 01:07:34.866,0.79415,0.79435,1.00,2.40
2009.09.21 01:07:35.096,0.7941,0.7944,2.50,4.80
2009.09.21 01:07:35.276,0.7941,0.7943,1.00,2.40
2009.09.21 01:07:35.456,0.79405,0.7943,1.00,2.40
2009.09.21 01:07:35.806,0.79405,0.7943,1.00,2.40
2009.09.21 01:07:40.205,0.79415,0.79435,1.00,2.40
2009.09.21 01:07:41.835,0.7941,0.79435,1.00,2.40
2009.09.21 01:07:42.175,0.7941,0.7943,1.00,4.00
2009.09.21 01:07:44.464,0.79405,0.7943,1.70,4.00
2009.09.21 01:07:44.584,0.79405,0.79435,4.10,2.40
2009.09.21 01:07:45.804,0.7941,0.79435,1.00,2.40
2009.09.21 01:07:51.782,0.79415,0.7944,1.00,4.00
2009.09.21 01:07:52.022,0.79415,0.7944,1.70,4.00
2009.09.21 01:07:53.062,0.7941,0.7943,1.00,4.00
2009.09.21 01:07:56.621,0.79405,0.7943,1.70,4.00
2009.09.21 01:07:56.971,0.7941,0.7943,1.00,4.00
2009.09.21 01:08:12.287,0.79405,0.79425,1.70,2.40
2009.09.21 01:08:12.577,0.79405,0.79425,1.00,2.40
2009.09.21 01:08:12.807,0.79405,0.7942,1.00,4.00
2009.09.21 01:08:13.047,0.794,0.7942,1.00,4.00
2009.09.21 01:08:13.277,0.79405,0.7942,1.00,4.00
2009.09.21 01:08:13.497,0.794,0.7942,1.00,4.00
2009.09.21 01:08:14.817,0.79405,0.7942,1.00,4.00
2009.09.21 01:08:14.997,0.79395,0.7942,1.70,4.00
2009.09.21 01:08:15.107,0.79395,0.79415,1.70,2.40
2009.09.21 01:08:15.287,0.79395,0.79415,1.00,4.00
2009.09.21 01:08:15.407,0.7939,0.7942,5.70,4.00
2009.09.21 01:08:15.697,0.7939,0.7942,5.70,4.80
2009.09.21 01:08:16.866,0.79395,0.7942,1.00,4.80
2009.09.21 01:08:24.864,0.79395,0.79415,1.00,4.80
2009.09.21 01:08:26.874,0.7939,0.79415,1.70,4.80
2009.09.21 01:08:27.564,0.7939,0.7942,5.70,4.00
2009.09.21 01:08:28.933,0.79395,0.7942,1.00,4.00
2009.09.21 01:08:29.353,0.79395,0.7942,2.50,1.60
2009.09.21 01:08:29.633,0.79395,0.79425,2.50,2.40
2009.09.21 01:08:29.753,0.79395,0.79425,2.50,3.20
2009.09.21 01:08:29.923,0.79395,0.79425,2.50,2.40
2009.09.21 01:08:31.952,0.794,0.79425,2.50,2.40
2009.09.21 01:08:33.092,0.79405,0.79425,1.00,2.40
2009.09.21 01:08:34.902,0.794,0.79425,2.50,2.40
2009.09.21 01:08:36.052,0.794,0.7942,1.00,1.60
2009.09.21 01:08:42.720,0.7941,0.79425,1.00,2.40
2009.09.21 01:08:43.000,0.794,0.79425,2.50,2.40
2009.09.21 01:08:49.009,0.794,0.7942,1.00,1.60
2009.09.21 01:08:58.906,0.79395,0.7942,4.10,1.60
2009.09.21 01:08:59.136,0.79395,0.7942,1.00,4.00
2009.09.21 01:09:01.886,0.7939,0.79415,1.00,4.80
2009.09.21 01:09:02.235,0.79385,0.79415,2.50,4.00
2009.09.21 01:09:02.626,0.79385,0.79415,2.50,2.40
2009.09.21 01:09:05.994,0.79385,0.79415,2.40,2.40
2009.09.21 01:09:06.334,0.79385,0.79415,2.50,2.40
2009.09.21 01:09:07.404,0.79385,0.79415,2.40,2.40
2009.09.21 01:09:07.744,0.79385,0.79415,2.50,2.40
2009.09.21 01:09:10.933,0.79385,0.79415,2.40,2.40
2009.09.21 01:09:11.173,0.79385,0.79415,2.50,2.40
2009.09.21 01:09:12.683,0.79385,0.79415,2.40,2.40
2009.09.21 01:09:12.983,0.79385,0.79415,2.50,2.40
2009.09.21 01:09:13.392,0.79385,0.79415,2.40,2.40
2009.09.21 01:09:16.522,0.79385,0.79415,3.30,2.40
2009.09.21 01:09:16.752,0.7939,0.7942,4.00,4.00
2009.09.21 01:09:17.811,0.7939,0.7942,4.10,4.00
2009.09.21 01:09:22.290,0.79395,0.7942,1.00,4.00
2009.09.21 01:09:27.439,0.79395,0.7942,4.10,1.60
2009.09.21 01:09:29.189,0.794,0.7942,1.00,1.60
2009.09.21 01:09:29.429,0.79395,0.7942,4.10,1.60
2009.09.21 01:09:29.718,0.79395,0.7942,4.00,1.60
2009.09.21 01:09:29.949,0.79395,0.7942,1.60,4.00
2009.09.21 01:09:30.289,0.7939,0.7942,4.00,4.00
2009.09.21 01:09:30.628,0.79395,0.7942,4.00,1.60
2009.09.21 01:09:31.908,0.79395,0.7942,4.10,1.60
2009.09.21 01:09:33.888,0.79395,0.7942,4.00,1.60
2009.09.21 01:09:36.947,0.7939,0.7942,4.00,4.00
2009.09.21 01:09:37.927,0.7939,0.7942,4.10,4.00
2009.09.21 01:09:42.846,0.79395,0.7942,1.00,4.00
2009.09.21 01:09:43.875,0.79395,0.79415,1.00,2.40
2009.09.21 01:09:44.045,0.7939,0.79415,1.00,4.00
2009.09.21 01:09:45.865,0.7939,0.79415,1.70,2.40
2009.09.21 01:09:46.035,0.7939,0.7942,4.10,4.00
2009.09.21 01:09:47.065,0.79395,0.7942,1.00,4.00
2009.09.21 01:09:57.042,0.7939,0.7942,4.10,4.00
2009.09.21 01:09:57.392,0.79395,0.7942,1.00,4.00
2009.09.21 01:10:00.441,0.7939,0.7942,4.10,4.00
2009.09.21 01:10:01.181,0.7939,0.7942,4.10,4.80
2009.09.21 01:10:01.361,0.79385,0.79415,5.70,4.00
2009.09.21 01:10:01.481,0.79385,0.79415,6.50,4.00
2009.09.21 01:10:01.821,0.7939,0.7942,4.00,4.00
2009.09.21 01:10:02.541,0.7939,0.7942,4.10,4.00
2009.09.21 01:10:04.330,0.79395,0.7942,1.00,4.00
2009.09.21 01:10:05.220,0.79395,0.7942,1.00,2.40
2009.09.21 01:10:05.460,0.79395,0.79425,2.40,2.40
2009.09.21 01:10:05.630,0.79395,0.79425,2.50,2.40
2009.09.21 01:10:07.450,0.79395,0.7942,1.00,4.00
2009.09.21 01:10:07.739,0.7939,0.79415,1.00,2.40
2009.09.21 01:10:07.969,0.7939,0.79415,1.70,2.40
2009.09.21 01:10:08.209,0.79395,0.7942,1.00,4.00
2009.09.21 01:10:08.389,0.79395,0.79425,4.10,2.40
2009.09.21 01:10:08.610,0.79395,0.79425,2.50,2.40
2009.09.21 01:10:09.179,0.79395,0.7942,1.00,2.40
2009.09.21 01:10:10.169,0.7939,0.7942,1.00,2.40
2009.09.21 01:10:10.349,0.7939,0.79415,1.00,2.40
2009.09.21 01:10:10.459,0.79395,0.79415,1.00,2.40
2009.09.21 01:10:10.759,0.7939,0.79415,1.00,2.40
2009.09.21 01:10:14.188,0.7939,0.7941,1.00,2.40
2009.09.21 01:10:14.538,0.79385,0.7941,1.00,2.40
2009.09.21 01:10:14.598,0.79385,0.7941,1.00,2.40
2009.09.21 01:10:19.087,0.79395,0.79415,1.00,4.00
2009.09.21 01:10:21.506,0.7939,0.79415,1.00,4.00
2009.09.21 01:10:29.504,0.79395,0.79415,1.00,4.00
2009.09.21 01:10:55.308,0.79395,0.79415,1.00,4.80
2009.09.21 01:10:55.428,0.7939,0.79415,1.00,4.80
2009.09.21 01:10:55.728,0.7939,0.7941,1.00,2.40
2009.09.21 01:10:55.908,0.79385,0.79405,1.00,4.00
2009.09.21 01:11:09.345,0.7938,0.79405,1.00,4.00
2009.09.21 01:11:09.515,0.7938,0.7941,4.10,2.40
2009.09.21 01:11:10.854,0.79385,0.7941,1.00,2.40
2009.09.21 01:11:12.584,0.79385,0.7941,1.00,3.20
2009.09.21 01:11:12.824,0.79385,0.79405,1.00,2.40
2009.09.21 01:11:13.094,0.79385,0.79405,1.00,4.00
2009.09.21 01:11:21.802,0.7938,0.79405,2.50,1.60
2009.09.21 01:11:22.032,0.7938,0.7941,4.10,2.40
2009.09.21 01:11:22.921,0.79385,0.7941,1.00,2.40
2009.09.21 01:11:30.450,0.79385,0.79405,1.00,2.40
2009.09.21 01:11:33.319,0.79385,0.794,1.00,2.40
2009.09.21 01:11:49.225,0.7938,0.79405,1.70,2.40
2009.09.21 01:11:50.435,0.79385,0.79405,1.00,2.40
2009.09.21 01:11:54.264,0.79385,0.794,1.00,2.40
2009.09.21 01:11:56.423,0.79375,0.794,4.10,2.40
2009.09.21 01:11:56.543,0.7938,0.79405,1.60,2.40
2009.09.21 01:11:57.533,0.7938,0.794,1.00,2.40
2009.09.21 01:12:00.942,0.79375,0.794,3.30,2.40
2009.09.21 01:12:05.101,0.79375,0.794,4.10,2.40
2009.09.21 01:12:05.381,0.7938,0.79405,1.60,2.40
2009.09.21 01:12:05.561,0.7938,0.794,1.70,2.40
2009.09.21 01:12:05.911,0.7938,0.794,1.00,2.40
2009.09.21 01:12:08.441,0.7938,0.794,1.70,2.40
2009.09.21 01:12:08.740,0.7938,0.794,1.00,2.40
2009.09.21 01:12:09.960,0.79375,0.794,3.30,2.40
2009.09.21 01:12:10.530,0.7938,0.794,1.60,2.40
2009.09.21 01:12:10.650,0.79375,0.794,3.30,2.40
2009.09.21 01:12:11.470,0.79385,0.79405,1.60,2.40
2009.09.21 01:12:12.159,0.7938,0.79405,1.70,2.40
2009.09.21 01:12:17.418,0.79385,0.79405,1.00,2.40
2009.09.21 01:12:19.058,0.79385,0.79405,1.00,4.00
2009.09.21 01:12:19.238,0.79385,0.794,1.00,2.40
2009.09.21 01:12:21.177,0.7938,0.794,1.00,2.40
2009.09.21 01:12:21.357,0.7938,0.794,1.70,2.40
2009.09.21 01:12:21.467,0.7938,0.79405,1.70,2.40
2009.09.21 01:12:22.867,0.79385,0.79405,1.00,2.40
2009.09.21 01:12:28.246,0.79385,0.794,1.00,2.40
2009.09.21 01:12:30.995,0.79385,0.7941,1.70,2.40
2009.09.21 01:12:31.925,0.7939,0.7941,1.00,2.40
2009.09.21 01:12:35.004,0.7939,0.79415,1.70,2.40
2009.09.21 01:12:35.414,0.7939,0.79415,1.60,2.40
2009.09.21 01:12:35.694,0.79395,0.79415,1.00,2.40
2009.09.21 01:12:39.243,0.7939,0.79415,1.70,2.40
2009.09.21 01:12:39.483,0.7939,0.7941,1.00,2.40
2009.09.21 01:12:43.372,0.7939,0.79415,1.70,2.40
2009.09.21 01:12:45.102,0.79395,0.79415,1.00,2.40
2009.09.21 01:13:03.657,0.7939,0.79415,1.70,2.40
2009.09.21 01:13:03.947,0.7939,0.7941,1.00,2.40
2009.09.21 01:13:13.895,0.79395,0.7942,1.60,4.00
2009.09.21 01:13:14.865,0.794,0.7942,1.00,4.00
2009.09.21 01:13:16.894,0.79395,0.7942,1.70,4.00
2009.09.21 01:13:17.064,0.79395,0.79415,1.70,2.40
2009.09.21 01:13:17.354,0.79395,0.79415,1.00,2.40
2009.09.21 01:13:18.664,0.7939,0.79415,1.70,2.40
2009.09.21 01:13:19.003,0.7939,0.7941,1.00,2.40
2009.09.21 01:13:21.123,0.79395,0.7941,1.00,2.40
2009.09.21 01:13:21.353,0.7939,0.7941,1.00,2.40
2009.09.21 01:13:28.751,0.79385,0.7941,3.30,2.40
2009.09.21 01:13:29.151,0.79385,0.79405,1.00,2.40
2009.09.21 01:13:29.441,0.79385,0.79405,1.00,2.40
2009.09.21 01:13:29.951,0.79385,0.794,1.00,2.40
2009.09.21 01:13:31.250,0.7938,0.79405,1.70,2.40
2009.09.21 01:13:32.910,0.79385,0.79405,1.00,2.40
2009.09.21 01:13:42.918,0.79385,0.794,1.00,2.40
2009.09.21 01:13:43.268,0.79375,0.794,1.70,2.40
2009.09.21 01:13:43.618,0.7938,0.794,1.00,2.40
2009.09.21 01:13:43.968,0.79375,0.79405,1.00,4.00
2009.09.21 01:13:44.308,0.79375,0.794,1.00,2.40
2009.09.21 01:13:58.284,0.7938,0.794,1.00,2.40
2009.09.21 01:13:58.874,0.79385,0.794,1.00,2.40
2009.09.21 01:14:00.573,0.79385,0.79395,1.00,2.40
2009.09.21 01:14:00.744,0.79375,0.79395,1.70,2.40
2009.09.21 01:14:00.923,0.79375,0.79395,1.00,4.00
2009.09.21 01:14:01.623,0.7937,0.79395,1.70,4.00
2009.09.21 01:14:01.973,0.79375,0.79395,1.00,4.00
2009.09.21 01:14:04.923,0.7937,0.79395,1.70,4.00
2009.09.21 01:14:05.042,0.79375,0.79395,1.00,4.00
2009.09.21 01:14:05.103,0.7937,0.79395,4.10,1.60
2009.09.21 01:14:05.212,0.7937,0.794,4.10,2.40
2009.09.21 01:14:05.602,0.79375,0.794,1.00,2.40
2009.09.21 01:14:05.662,0.79375,0.79405,2.50,4.00
2009.09.21 01:14:05.832,0.79375,0.79405,2.50,2.40
2009.09.21 01:14:07.112,0.7938,0.79405,1.00,2.40
2009.09.21 01:14:08.232,0.79375,0.79405,1.00,2.40
2009.09.21 01:14:08.581,0.79375,0.79395,1.00,4.00
2009.09.21 01:14:17.979,0.7937,0.79395,1.70,4.00
2009.09.21 01:14:18.309,0.79375,0.79395,1.00,4.00
2009.09.21 01:14:19.139,0.79365,0.7939,1.70,2.40
2009.09.21 01:14:19.479,0.79365,0.7939,1.00,2.40
2009.09.21 01:14:26.847,0.7936,0.79385,1.70,2.40
2009.09.21 01:14:27.017,0.7936,0.79385,1.00,2.40
2009.09.21 01:14:28.657,0.79355,0.79385,1.00,2.40
2009.09.21 01:14:28.767,0.79355,0.7938,1.00,2.40
2009.09.21 01:14:30.216,0.7936,0.7938,1.00,2.40
2009.09.21 01:14:30.556,0.79355,0.79375,1.00,2.40
2009.09.21 01:14:30.736,0.79355,0.79375,1.00,4.00
2009.09.21 01:14:33.705,0.7936,0.79385,1.60,4.00
2009.09.21 01:14:34.615,0.7936,0.7938,1.00,2.40
2009.09.21 01:14:34.895,0.7935,0.79375,1.00,2.40
2009.09.21 01:14:36.255,0.7935,0.7937,1.00,2.40
2009.09.21 01:14:37.575,0.7935,0.7938,1.00,2.40
2009.09.21 01:14:38.554,0.79345,0.79365,1.70,2.40
2009.09.21 01:14:38.794,0.79345,0.7937,1.70,2.40
2009.09.21 01:14:39.024,0.79345,0.7938,4.90,4.00
2009.09.21 01:14:39.254,0.79345,0.7938,4.90,2.40
2009.09.21 01:14:40.954,0.7935,0.7938,1.00,2.40
2009.09.21 01:14:41.294,0.7935,0.79375,1.00,1.60
2009.09.21 01:14:41.574,0.7935,0.7937,1.00,2.40
2009.09.21 01:14:41.813,0.7935,0.7938,1.00,2.40
2009.09.21 01:14:43.723,0.7935,0.7938,1.00,2.40
2009.09.21 01:14:43.953,0.79355,0.7938,1.00,2.40
2009.09.21 01:14:44.873,0.7936,0.7938,1.00,2.40
2009.09.21 01:14:48.222,0.7935,0.7938,4.80,2.40
2009.09.21 01:14:48.342,0.7935,0.79375,4.00,1.00
2009.09.21 01:14:48.512,0.79345,0.79365,1.00,4.00
2009.09.21 01:14:50.601,0.7935,0.7938,4.10,4.00
2009.09.21 01:14:50.831,0.7935,0.7938,4.90,2.40
2009.09.21 01:14:51.801,0.7936,0.7938,1.00,2.40
2009.09.21 01:14:53.751,0.79355,0.7938,1.00,2.40
2009.09.21 01:14:53.931,0.79355,0.79375,1.00,4.00
2009.09.21 01:14:54.401,0.79355,0.79375,1.00,1.60
2009.09.21 01:14:54.520,0.79355,0.79365,1.00,2.40
2009.09.21 01:14:54.700,0.79345,0.79365,1.30,4.00
2009.09.21 01:14:54.810,0.79345,0.79365,1.00,4.00
2009.09.21 01:14:54.870,0.79345,0.79365,1.00,4.00
2009.09.21 01:14:58.699,0.79345,0.7937,1.70,2.40
2009.09.21 01:14:59.259,0.79345,0.79365,1.00,4.00
2009.09.21 01:14:59.429,0.79345,0.7937,1.70,2.40
2009.09.21 01:14:59.819,0.79345,0.79375,4.90,4.00
2009.09.21 01:15:00.049,0.7935,0.79375,1.60,4.00
2009.09.21 01:15:00.289,0.7935,0.7938,4.80,2.40
2009.09.21 01:15:00.519,0.7935,0.7938,4.90,2.40
2009.09.21 01:15:00.739,0.7936,0.79385,1.60,4.00
2009.09.21 01:15:01.759,0.79345,0.79365,1.00,1.60
2009.09.21 01:15:03.128,0.79345,0.79375,4.10,4.00
2009.09.21 01:15:03.409,0.7935,0.79375,2.40,4.00
2009.09.21 01:15:03.638,0.7935,0.79375,4.00,4.00
2009.09.21 01:15:04.718,0.79355,0.7938,1.00,2.40
2009.09.21 01:15:05.978,0.7936,0.7938,1.00,2.40
2009.09.21 01:15:07.707,0.79355,0.7938,1.00,2.40
2009.09.21 01:15:07.987,0.7936,0.7938,1.00,2.40
2009.09.21 01:15:08.327,0.79355,0.7938,1.00,2.40
2009.09.21 01:15:11.986,0.7936,0.7938,1.00,2.40
2009.09.21 01:15:12.616,0.79355,0.7938,1.00,2.40
2009.09.21 01:15:12.956,0.79355,0.79375,1.00,4.00
2009.09.21 01:15:14.406,0.7935,0.79375,1.00,4.00
2009.09.21 01:15:19.235,0.7935,0.79385,2.90,5.60
2009.09.21 01:15:19.455,0.79355,0.79375,1.00,2.40
2009.09.21 01:15:19.625,0.79355,0.79385,2.90,1.00
2009.09.21 01:15:19.865,0.79355,0.7939,2.90,2.40
2009.09.21 01:15:20.025,0.7936,0.7939,4.00,2.40
2009.09.21 01:15:20.944,0.7936,0.7939,1.00,2.40
2009.09.21 01:15:21.884,0.79355,0.7939,2.90,2.40
2009.09.21 01:15:22.164,0.7936,0.7939,1.00,2.40
2009.09.21 01:15:22.664,0.7936,0.7939,4.10,2.40
2009.09.21 01:15:23.714,0.79365,0.79395,2.40,2.40
2009.09.21 01:15:24.003,0.7937,0.79395,1.00,2.40
2009.09.21 01:15:24.653,0.79375,0.794,1.00,2.40
2009.09.21 01:15:27.303,0.7937,0.794,4.10,2.40
2009.09.21 01:15:27.642,0.79375,0.794,1.00,2.40
2009.09.21 01:15:28.292,0.7937,0.794,4.10,2.40
2009.09.21 01:15:36.980,0.79375,0.79395,1.00,4.00
2009.09.21 01:15:38.110,0.79375,0.79395,1.00,1.60
2009.09.21 01:15:38.400,0.79375,0.794,1.00,4.00
2009.09.21 01:15:39.490,0.7937,0.794,4.00,4.00
2009.09.21 01:15:39.660,0.79365,0.79395,3.30,2.40
2009.09.21 01:15:39.829,0.7937,0.794,4.10,4.00
2009.09.21 01:15:40.359,0.79375,0.794,1.00,4.00
2009.09.21 01:15:40.709,0.7937,0.794,4.10,4.00
2009.09.21 01:15:40.869,0.79375,0.794,1.00,4.00
2009.09.21 01:15:43.069,0.7937,0.794,4.10,4.00
2009.09.21 01:15:43.349,0.79375,0.794,1.00,4.00
2009.09.21 01:15:43.579,0.7937,0.79395,1.70,2.40
2009.09.21 01:15:43.749,0.79365,0.79395,2.50,2.40
2009.09.21 01:15:44.169,0.7937,0.79395,1.00,2.40
2009.09.21 01:15:44.638,0.79365,0.79395,2.50,2.40
2009.09.21 01:15:44.998,0.7937,0.79395,1.00,2.40
2009.09.21 01:15:45.348,0.79365,0.79395,2.50,2.40
2009.09.21 01:15:47.428,0.7937,0.79395,1.00,2.40
2009.09.21 01:15:47.548,0.7937,0.794,4.10,4.00
2009.09.21 01:15:47.948,0.7938,0.794,1.00,4.00
2009.09.21 01:15:48.597,0.79375,0.794,1.00,4.00
2009.09.21 01:15:57.725,0.79375,0.794,1.00,4.80
2009.09.21 01:15:58.065,0.79375,0.79395,1.00,4.00
2009.09.21 01:15:59.675,0.7937,0.79395,2.50,1.60
2009.09.21 01:15:59.915,0.7937,0.794,4.10,4.00
2009.09.21 01:16:01.015,0.79375,0.794,1.00,4.00
2009.09.21 01:16:06.883,0.79375,0.794,2.50,2.40
2009.09.21 01:16:07.273,0.79375,0.794,4.10,2.40
2009.09.21 01:16:07.913,0.79385,0.79405,1.00,2.40
2009.09.21 01:16:13.092,0.79385,0.794,1.00,2.40
2009.09.21 01:16:13.432,0.7938,0.79405,1.00,2.40
2009.09.21 01:16:13.781,0.79375,0.79405,2.50,2.40
2009.09.21 01:16:15.041,0.7938,0.79405,1.00,2.40
2009.09.21 01:16:15.331,0.79375,0.79405,2.50,2.40
2009.09.21 01:16:16.431,0.7937,0.794,4.90,4.00
2009.09.21 01:16:16.781,0.7937,0.794,4.10,4.00
2009.09.21 01:16:17.351,0.79375,0.794,1.00,4.00
2009.09.21 01:16:17.940,0.7937,0.794,4.10,4.00
2009.09.21 01:16:19.500,0.79375,0.79405,2.50,2.40
2009.09.21 01:16:24.139,0.79375,0.794,2.50,1.60
2009.09.21 01:16:24.319,0.79375,0.794,1.00,4.00
2009.09.21 01:16:26.138,0.7938,0.794,1.00,1.60
2009.09.21 01:16:27.178,0.79385,0.794,1.00,1.60
2009.09.21 01:16:27.448,0.7938,0.794,1.00,1.60
2009.09.21 01:16:34.736,0.79385,0.794,1.00,1.60
2009.09.21 01:16:35.436,0.7938,0.794,1.00,1.60
2009.09.21 01:16:35.916,0.79385,0.794,1.00,1.60
2009.09.21 01:16:38.585,0.79375,0.794,1.00,4.80
2009.09.21 01:16:38.935,0.79375,0.79395,1.00,4.00
2009.09.21 01:16:39.275,0.79375,0.794,1.00,4.00
2009.09.21 01:16:40.495,0.79375,0.794,1.70,2.40
2009.09.21 01:16:40.605,0.79375,0.794,1.00,4.00
2009.09.21 01:16:41.005,0.7937,0.794,4.00,4.10
2009.09.21 01:16:41.335,0.79375,0.794,1.00,4.00
2009.09.21 01:16:42.664,0.7937,0.794,4.00,4.00
2009.09.21 01:16:43.004,0.7937,0.794,4.10,4.00
2009.09.21 01:16:43.344,0.79375,0.794,1.00,4.00
2009.09.21 01:16:43.704,0.79365,0.79395,2.50,2.40
2009.09.21 01:16:44.044,0.79365,0.79395,2.40,2.40
2009.09.21 01:16:45.644,0.79365,0.79395,2.50,2.40
2009.09.21 01:16:47.883,0.79365,0.79395,3.30,2.40
2009.09.21 01:16:48.063,0.7937,0.794,4.10,4.00
2009.09.21 01:16:50.222,0.79375,0.794,1.00,4.00
2009.09.21 01:16:57.271,0.7937,0.794,4.90,4.00
2009.09.21 01:16:57.671,0.79375,0.79405,2.40,2.40
2009.09.21 01:16:58.950,0.79375,0.79405,2.50,2.40
2009.09.21 01:16:59.350,0.7938,0.79405,1.00,2.40
2009.09.21 01:17:02.010,0.7938,0.79405,1.00,3.20
2009.09.21 01:17:02.300,0.79375,0.794,1.00,4.00
2009.09.21 01:17:02.600,0.7937,0.794,4.90,4.00
2009.09.21 01:17:02.870,0.79375,0.794,2.40,1.60
2009.09.21 01:17:03.109,0.79375,0.79405,2.40,2.40
2009.09.21 01:17:03.809,0.7938,0.79405,1.00,2.40
2009.09.21 01:17:04.149,0.79375,0.79405,2.40,3.20
2009.09.21 01:17:04.499,0.7937,0.794,2.50,2.40
2009.09.21 01:17:04.729,0.7937,0.79395,1.00,2.40
2009.09.21 01:17:06.589,0.79365,0.7939,1.00,2.40
2009.09.21 01:17:07.748,0.79365,0.79385,1.00,2.40
2009.09.21 01:17:08.108,0.7936,0.7939,4.10,2.40
2009.09.21 01:17:08.468,0.79365,0.79385,1.00,4.00
2009.09.21 01:17:08.768,0.7936,0.7939,4.10,2.40
2009.09.21 01:17:09.968,0.79365,0.7939,1.00,2.40
2009.09.21 01:17:10.678,0.7937,0.79395,1.00,4.00
2009.09.21 01:17:11.078,0.79365,0.79395,4.10,4.00
2009.09.21 01:17:11.258,0.79365,0.79395,4.10,4.80
2009.09.21 01:17:11.427,0.79365,0.7939,1.00,2.40
2009.09.21 01:17:17.426,0.7937,0.79395,1.00,4.00
2009.09.21 01:17:17.776,0.7937,0.79395,1.00,2.40
2009.09.21 01:17:19.166,0.7937,0.794,2.50,4.00
2009.09.21 01:17:19.406,0.79375,0.794,1.00,4.00
2009.09.21 01:17:29.143,0.79375,0.794,2.50,1.60
2009.09.21 01:17:29.263,0.79375,0.79405,2.50,2.40
2009.09.21 01:17:29.713,0.79375,0.794,1.00,4.00
2009.09.21 01:17:29.833,0.79375,0.79395,1.00,2.40
2009.09.21 01:17:29.953,0.7937,0.79395,1.00,2.40
2009.09.21 01:17:30.223,0.79375,0.794,1.00,4.00
2009.09.21 01:17:31.263,0.79375,0.79405,2.50,2.80
2009.09.21 01:17:31.443,0.79375,0.79405,2.50,3.60
2009.09.21 01:17:31.603,0.79375,0.79405,1.00,3.60
2009.09.21 01:17:32.193,0.79375,0.79395,1.00,2.40
2009.09.21 01:17:32.362,0.7937,0.79395,1.00,2.40
2009.09.21 01:17:37.481,0.79365,0.79395,2.40,2.40
2009.09.21 01:17:37.781,0.7936,0.7939,2.50,1.00
2009.09.21 01:17:38.141,0.7936,0.79395,2.50,3.20
2009.09.21 01:17:40.201,0.7936,0.7939,1.00,3.20
2009.09.21 01:17:40.421,0.7936,0.79385,1.00,1.00
2009.09.21 01:17:40.900,0.7936,0.7939,1.00,2.80
2009.09.21 01:17:41.140,0.7936,0.7939,4.10,2.40
2009.09.21 01:17:42.790,0.79365,0.7939,1.00,2.40
2009.09.21 01:17:43.320,0.79365,0.79395,2.50,4.80
2009.09.21 01:17:43.560,0.7937,0.79395,1.00,2.40
2009.09.21 01:17:48.189,0.7937,0.7939,1.00,2.40
2009.09.21 01:17:48.429,0.79365,0.7939,1.00,2.40
2009.09.21 01:17:59.176,0.7936,0.7939,4.10,2.40
2009.09.21 01:17:59.526,0.7936,0.79385,1.00,2.40
2009.09.21 01:18:01.536,0.7936,0.7939,2.50,3.60
2009.09.21 01:18:01.656,0.7936,0.7939,2.50,2.40
2009.09.21 01:18:01.835,0.7936,0.7939,4.10,2.40
2009.09.21 01:18:02.175,0.79365,0.7939,1.00,2.40
2009.09.21 01:18:08.984,0.79365,0.7939,1.00,3.20
2009.09.21 01:18:10.893,0.7936,0.79385,1.60,2.40
2009.09.21 01:18:11.233,0.79355,0.79385,2.50,3.20
2009.09.21 01:18:11.933,0.7936,0.79385,1.00,3.20
2009.09.21 01:18:13.542,0.7936,0.79385,1.00,2.40
2009.09.21 01:18:13.713,0.7936,0.7939,2.50,2.40
2009.09.21 01:18:13.892,0.7936,0.7939,4.10,2.40
2009.09.21 01:18:14.932,0.79365,0.7939,1.00,2.40
2009.09.21 01:18:20.121,0.79365,0.7939,1.00,3.20
2009.09.21 01:18:20.401,0.79365,0.79385,1.00,4.00
2009.09.21 01:18:22.360,0.7936,0.79385,1.70,2.40
2009.09.21 01:18:22.530,0.7936,0.7939,4.10,2.40
2009.09.21 01:18:24.040,0.79365,0.7939,1.00,2.40
2009.09.21 01:18:33.818,0.7937,0.7939,1.00,2.40
2009.09.21 01:18:34.108,0.7937,0.794,1.00,5.20
2009.09.21 01:18:44.645,0.7937,0.79395,1.00,1.00
2009.09.21 01:18:50.024,0.7937,0.79395,1.00,1.20
2009.09.21 01:19:12.288,0.79365,0.79395,2.50,1.20
2009.09.21 01:19:19.107,0.7937,0.79395,1.00,1.20
2009.09.21 01:19:20.476,0.79365,0.7939,2.50,1.00
2009.09.21 01:19:20.767,0.79365,0.7939,1.00,1.20
2009.09.21 01:19:21.066,0.7936,0.7939,1.00,3.60
2009.09.21 01:19:23.486,0.7936,0.7939,2.50,1.20
2009.09.21 01:19:23.786,0.7936,0.7939,1.00,3.60
2009.09.21 01:19:28.314,0.79355,0.7939,2.50,3.60
2009.09.21 01:19:31.004,0.7936,0.7939,1.00,3.60
2009.09.21 01:19:31.414,0.79355,0.7939,2.50,3.60
2009.09.21 01:19:31.754,0.7936,0.7939,1.00,3.60
2009.09.21 01:19:32.693,0.79355,0.7939,2.50,3.60
2009.09.21 01:19:34.923,0.7936,0.7939,1.00,3.60
2009.09.21 01:19:37.673,0.79365,0.79395,4.00,4.00
2009.09.21 01:19:38.912,0.7937,0.79395,1.00,4.00
2009.09.21 01:19:40.172,0.79375,0.79395,1.00,4.00
2009.09.21 01:19:44.331,0.7937,0.794,4.10,4.00
2009.09.21 01:19:45.860,0.79375,0.794,1.00,4.00
2009.09.21 01:19:46.700,0.7937,0.794,4.10,4.00
2009.09.21 01:19:46.810,0.7937,0.794,4.10,4.80
2009.09.21 01:19:46.920,0.79375,0.794,1.00,4.40
2009.09.21 01:19:47.310,0.7938,0.79405,4.00,1.00
2009.09.21 01:19:47.650,0.79385,0.7941,2.40,1.60
2009.09.21 01:19:48.000,0.79385,0.79415,2.40,2.40
2009.09.21 01:19:48.360,0.7939,0.7942,2.50,2.80
2009.09.21 01:19:48.740,0.79395,0.79425,2.40,2.80
2009.09.21 01:19:49.430,0.79395,0.79425,2.50,2.80
2009.09.21 01:19:49.779,0.79395,0.7942,1.00,4.00
2009.09.21 01:19:50.109,0.79395,0.7942,1.00,4.40
2009.09.21 01:19:51.149,0.79395,0.79415,1.00,2.40
2009.09.21 01:19:51.389,0.7939,0.79415,1.00,2.40
2009.09.21 01:19:51.909,0.7938,0.79415,2.50,3.20
2009.09.21 01:19:52.199,0.7938,0.7941,2.50,1.00
2009.09.21 01:19:52.909,0.7938,0.79415,2.50,3.60
2009.09.21 01:19:55.398,0.7938,0.79415,3.30,2.40
2009.09.21 01:19:55.738,0.7939,0.79415,1.00,2.40
2009.09.21 01:19:55.978,0.79385,0.79415,1.00,2.80
2009.09.21 01:19:56.268,0.7939,0.79415,1.00,2.80
2009.09.21 01:19:56.548,0.7938,0.79415,1.00,2.80
2009.09.21 01:19:56.898,0.7938,0.79415,3.30,2.80
2009.09.21 01:19:57.928,0.7939,0.79415,1.00,2.80
2009.09.21 01:19:58.227,0.79385,0.79415,1.00,2.80
2009.09.21 01:19:58.517,0.7939,0.79415,1.00,2.80
2009.09.21 01:19:59.147,0.79385,0.7941,1.00,2.40
2009.09.21 01:19:59.437,0.79385,0.7941,1.00,4.40
2009.09.21 01:19:59.777,0.79385,0.7941,1.00,5.20
2009.09.21 01:20:00.067,0.7938,0.79405,1.00,2.80
2009.09.21 01:20:01.067,0.79375,0.79405,2.50,2.80
2009.09.21 01:20:01.347,0.7938,0.79405,1.00,2.80
2009.09.21 01:20:11.954,0.7938,0.79405,1.00,3.60
2009.09.21 01:20:12.244,0.7937,0.79405,1.00,3.60
2009.09.21 01:20:13.624,0.7936,0.794,3.30,1.20
2009.09.21 01:20:13.894,0.7936,0.79395,1.00,1.00
2009.09.21 01:20:19.052,0.7936,0.794,2.50,3.60
2009.09.21 01:20:19.273,0.79365,0.794,2.40,3.20
2009.09.21 01:20:20.072,0.7937,0.794,1.00,3.20
2009.09.21 01:20:28.160,0.7937,0.794,4.90,2.40
2009.09.21 01:20:29.040,0.79375,0.794,1.00,2.40
2009.09.21 01:20:35.798,0.7937,0.794,1.00,2.40
2009.09.21 01:20:35.918,0.7937,0.794,1.00,3.20
2009.09.21 01:20:51.374,0.7937,0.794,1.00,3.60
2009.09.21 01:20:55.543,0.7937,0.79395,1.00,1.60
2009.09.21 01:20:55.893,0.7937,0.794,1.00,3.60
2009.09.21 01:20:57.053,0.79365,0.7939,1.00,2.40
2009.09.21 01:20:57.753,0.7937,0.794,1.00,3.60
2009.09.21 01:21:07.041,0.79365,0.79395,2.50,1.00
2009.09.21 01:21:07.201,0.79365,0.7939,1.00,2.40
2009.09.21 01:21:08.890,0.7937,0.7939,1.00,2.40
2009.09.21 01:21:28.296,0.79365,0.79385,1.00,4.00
2009.09.21 01:21:31.715,0.79365,0.79395,4.10,4.00
2009.09.21 01:21:32.975,0.79375,0.79395,1.00,4.00
2009.09.21 01:21:35.064,0.79375,0.79395,1.00,4.80
2009.09.21 01:21:35.184,0.7937,0.7939,1.00,2.40
2009.09.21 01:21:35.474,0.7937,0.79395,1.00,4.80
2009.09.21 01:21:35.774,0.7937,0.79395,1.00,4.00
2009.09.21 01:21:37.164,0.79375,0.79395,1.00,4.00
2009.09.21 01:21:41.813,0.7937,0.794,4.10,2.40
2009.09.21 01:21:43.152,0.79375,0.794,1.00,2.40
2009.09.21 01:21:55.939,0.79375,0.794,1.00,3.20
2009.09.21 01:21:56.099,0.7937,0.794,1.00,3.20
2009.09.21 01:21:56.689,0.7937,0.794,1.00,3.60
2009.09.21 01:21:57.778,0.7937,0.794,1.00,3.20
2009.09.21 01:21:58.428,0.7937,0.794,1.00,3.60
2009.09.21 01:22:00.978,0.79365,0.794,2.50,3.60
2009.09.21 01:22:02.827,0.7937,0.794,1.00,3.60
2009.09.21 01:22:03.007,0.79365,0.794,2.50,3.60
2009.09.21 01:22:03.177,0.7937,0.794,1.00,3.60
2009.09.21 01:22:03.467,0.79365,0.794,2.50,3.60
2009.09.21 01:22:08.786,0.79365,0.794,2.50,3.20
2009.09.21 01:22:10.765,0.7937,0.794,1.00,3.20
2009.09.21 01:22:10.935,0.79365,0.794,2.50,3.20
2009.09.21 01:22:11.855,0.7937,0.794,1.00,3.20
2009.09.21 01:22:14.505,0.79365,0.794,2.50,3.20
2009.09.21 01:22:14.744,0.7937,0.794,1.00,3.20
2009.09.21 01:22:18.823,0.7937,0.794,1.00,3.60
2009.09.21 01:22:19.173,0.79365,0.794,2.50,3.60
2009.09.21 01:22:19.513,0.79365,0.79395,1.00,3.60
2009.09.21 01:22:19.813,0.7936,0.7939,1.00,3.20
2009.09.21 01:22:20.173,0.79355,0.79385,1.00,2.40
2009.09.21 01:22:20.863,0.79355,0.79385,2.50,1.00
2009.09.21 01:22:21.033,0.79355,0.79385,2.50,4.80
2009.09.21 01:22:21.143,0.7936,0.79385,1.00,4.80
2009.09.21 01:22:21.313,0.79355,0.7938,1.00,2.40
2009.09.21 01:22:22.483,0.7936,0.79385,1.00,4.80
2009.09.21 01:22:29.311,0.7936,0.79385,2.50,2.40
2009.09.21 01:22:29.481,0.7936,0.79385,4.10,2.40
2009.09.21 01:22:29.651,0.79365,0.7939,1.00,2.80
2009.09.21 01:22:29.821,0.79365,0.79395,2.50,4.00
2009.09.21 01:22:30.121,0.79365,0.79395,2.50,3.20
2009.09.21 01:22:30.681,0.79365,0.794,2.50,1.00
2009.09.21 01:22:30.981,0.79375,0.794,2.50,1.00
2009.09.21 01:22:31.271,0.7937,0.794,4.10,3.20
2009.09.21 01:22:31.620,0.79375,0.794,1.00,3.20
2009.09.21 01:22:31.920,0.79375,0.794,1.00,1.00
2009.09.21 01:22:45.877,0.79375,0.79395,1.00,1.00
2009.09.21 01:22:46.117,0.7937,0.794,2.50,3.20
2009.09.21 01:22:46.337,0.79375,0.794,1.00,3.20
2009.09.21 01:22:46.517,0.7937,0.79395,1.00,3.20
2009.09.21 01:22:51.236,0.7937,0.794,2.50,3.60
2009.09.21 01:22:51.536,0.79375,0.794,1.00,3.20
2009.09.21 01:22:51.826,0.7937,0.79395,1.70,3.20
2009.09.21 01:22:52.126,0.7937,0.79395,1.00,3.20
2009.09.21 01:22:56.045,0.7937,0.7939,1.00,3.20
2009.09.21 01:22:59.154,0.79365,0.7939,1.00,3.20
2009.09.21 01:22:59.274,0.79365,0.7939,1.00,2.40
2009.09.21 01:22:59.564,0.79365,0.79395,2.50,3.20
2009.09.21 01:23:00.803,0.7937,0.79395,1.00,3.20
2009.09.21 01:23:08.621,0.79375,0.794,1.00,3.20
2009.09.21 01:23:10.251,0.79375,0.79395,1.00,1.00
2009.09.21 01:23:10.491,0.7937,0.79395,1.70,3.20
2009.09.21 01:23:10.671,0.7937,0.79395,1.00,3.20
2009.09.21 01:23:13.460,0.79375,0.79395,1.00,1.00
2009.09.21 01:23:13.630,0.79375,0.794,1.00,3.60
2009.09.21 01:23:13.800,0.7937,0.794,2.50,3.60
2009.09.21 01:23:13.920,0.7937,0.794,4.10,3.20
2009.09.21 01:23:14.090,0.79375,0.794,1.00,3.20
2009.09.21 01:23:15.690,0.79375,0.79395,1.00,1.00
2009.09.21 01:23:15.800,0.79375,0.79395,1.00,3.20
2009.09.21 01:23:15.910,0.7937,0.79395,1.00,3.20
2009.09.21 01:23:18.529,0.79375,0.794,1.00,3.20
2009.09.21 01:23:21.548,0.7937,0.7939,1.00,3.20
2009.09.21 01:23:30.246,0.79365,0.7938,1.00,2.40
2009.09.21 01:23:30.416,0.7936,0.7938,1.00,2.40
2009.09.21 01:23:35.865,0.7936,0.79385,1.00,3.20
2009.09.21 01:23:35.985,0.7936,0.7938,1.00,2.40
2009.09.21 01:23:36.335,0.7936,0.7938,1.00,3.20
2009.09.21 01:23:36.455,0.79355,0.79375,1.00,2.40
2009.09.21 01:23:36.565,0.79355,0.79375,1.00,4.00
2009.09.21 01:23:39.014,0.7935,0.7937,1.00,4.80
2009.09.21 01:23:40.664,0.7934,0.79365,1.00,2.40
2009.09.21 01:23:43.753,0.79335,0.79365,4.10,2.40
2009.09.21 01:23:43.913,0.79335,0.79365,2.50,2.40
2009.09.21 01:23:44.083,0.79335,0.7936,1.00,2.40
2009.09.21 01:23:46.963,0.7934,0.7936,1.00,2.40
2009.09.21 01:23:47.082,0.7934,0.7937,2.50,3.20
2009.09.21 01:23:47.252,0.79345,0.7937,1.00,2.40
2009.09.21 01:23:47.362,0.79345,0.7937,1.00,4.80
2009.09.21 01:23:47.862,0.7934,0.79365,1.00,2.40
2009.09.21 01:24:00.559,0.7934,0.79365,1.00,4.00
2009.09.21 01:24:00.919,0.7935,0.79365,1.00,4.00
2009.09.21 01:24:05.188,0.79355,0.7938,1.00,2.40
2009.09.21 01:24:05.988,0.7936,0.7938,1.00,2.40
2009.09.21 01:24:06.618,0.7936,0.79385,1.00,2.40
2009.09.21 01:24:06.738,0.7936,0.7939,2.50,2.40
2009.09.21 01:24:06.857,0.79365,0.7939,1.00,2.40
2009.09.21 01:24:06.977,0.7937,0.7939,1.00,2.40
2009.09.21 01:24:07.278,0.7937,0.79385,1.00,2.40
2009.09.21 01:24:07.738,0.7936,0.79385,1.00,2.40
2009.09.21 01:24:08.437,0.79355,0.79385,1.00,3.20
2009.09.21 01:24:08.777,0.79345,0.79385,2.50,3.20
2009.09.21 01:24:09.077,0.79345,0.79375,1.00,3.20
2009.09.21 01:24:12.806,0.7934,0.7937,2.50,3.20
2009.09.21 01:24:14.186,0.79345,0.7937,1.00,3.20
2009.09.21 01:24:24.833,0.79345,0.79375,1.00,3.20
2009.09.21 01:24:28.392,0.7934,0.7937,2.50,3.20
2009.09.21 01:24:29.842,0.79345,0.7937,1.00,3.20
2009.09.21 01:24:38.060,0.79345,0.7937,1.00,2.40
2009.09.21 01:24:38.180,0.79345,0.7937,1.70,2.40
2009.09.21 01:24:38.470,0.79345,0.7937,1.60,2.40
2009.09.21 01:24:38.710,0.7934,0.7937,2.50,3.20
2009.09.21 01:24:39.880,0.79345,0.7937,1.00,3.20
2009.09.21 01:24:47.108,0.79345,0.7937,1.00,2.40
2009.09.21 01:24:47.218,0.79345,0.7937,1.70,2.40
2009.09.21 01:24:47.998,0.7935,0.7937,1.00,2.40
2009.09.21 01:24:49.887,0.79345,0.7937,1.70,2.40
2009.09.21 01:24:50.337,0.79345,0.7937,2.50,2.40
2009.09.21 01:24:50.567,0.79345,0.79375,4.90,2.40
2009.09.21 01:24:51.917,0.7935,0.79375,1.00,2.40
2009.09.21 01:24:53.746,0.7935,0.7937,1.00,2.40
2009.09.21 01:24:57.035,0.79345,0.7937,1.70,2.40
2009.09.21 01:24:57.675,0.79345,0.79365,1.00,1.60
2009.09.21 01:24:57.795,0.7935,0.79365,1.00,1.60
2009.09.21 01:24:58.495,0.7934,0.79365,4.10,1.60
2009.09.21 01:24:58.855,0.7935,0.79365,1.00,1.60
2009.09.21 01:24:59.205,0.7934,0.79365,4.10,1.60
2009.09.21 01:25:01.675,0.79345,0.7937,4.00,2.40
2009.09.21 01:25:02.364,0.79335,0.79365,4.10,4.00
2009.09.21 01:25:02.944,0.7934,0.7936,1.00,2.40
2009.09.21 01:25:03.334,0.7934,0.79365,1.00,4.00
2009.09.21 01:25:03.694,0.79335,0.7936,1.00,2.40
2009.09.21 01:25:13.912,0.7933,0.79355,1.00,2.40
2009.09.21 01:25:15.351,0.7933,0.7936,2.50,2.40
2009.09.21 01:25:17.071,0.79335,0.7936,1.00,2.40
2009.09.21 01:25:18.630,0.7933,0.7936,1.00,3.20
2009.09.21 01:25:19.470,0.7933,0.7936,1.00,2.40
2009.09.21 01:25:19.830,0.7933,0.7936,1.00,3.20
2009.09.21 01:25:22.329,0.79325,0.7936,1.00,4.80
2009.09.21 01:25:22.440,0.79325,0.7935,1.00,2.40
2009.09.21 01:25:22.729,0.79325,0.79355,2.50,2.40
2009.09.21 01:25:22.849,0.79335,0.79355,1.00,2.40
2009.09.21 01:25:26.268,0.7933,0.7936,2.50,2.40
2009.09.21 01:25:26.558,0.79335,0.7936,1.00,2.40
2009.09.21 01:25:27.648,0.79335,0.79355,1.00,2.40
2009.09.21 01:25:50.582,0.79335,0.7936,1.00,4.00
2009.09.21 01:25:50.882,0.79335,0.79355,1.00,2.40
2009.09.21 01:25:51.622,0.79335,0.7936,1.00,2.40
2009.09.21 01:25:59.180,0.79335,0.79365,4.10,4.00
2009.09.21 01:25:59.880,0.7934,0.79365,1.00,4.00
2009.09.21 01:26:05.839,0.7934,0.7937,2.50,2.40
2009.09.21 01:26:05.959,0.7934,0.7937,2.40,3.20
2009.09.21 01:26:06.139,0.79335,0.79365,1.00,2.40
2009.09.21 01:26:27.434,0.79335,0.79365,1.00,3.20
2009.09.21 01:26:27.784,0.79335,0.7936,1.00,2.40
2009.09.21 01:27:03.275,0.79335,0.7936,1.00,4.00
2009.09.21 01:27:03.445,0.79335,0.79355,1.00,2.40
2009.09.21 01:27:07.594,0.79325,0.79345,1.70,2.40
2009.09.21 01:27:07.774,0.79325,0.79345,1.00,2.40
2009.09.21 01:27:08.004,0.79325,0.7935,1.00,2.40
2009.09.21 01:27:11.533,0.79325,0.79345,1.00,2.40
2009.09.21 01:27:11.813,0.79325,0.7935,1.70,4.00
2009.09.21 01:27:12.543,0.79325,0.7935,1.70,2.40
2009.09.21 01:27:12.713,0.7933,0.7936,2.40,4.10
2009.09.21 01:27:13.063,0.79335,0.7936,1.60,4.00
2009.09.21 01:27:13.923,0.7934,0.7936,1.00,4.00
2009.09.21 01:27:18.042,0.79335,0.79355,1.00,4.00
2009.09.21 01:27:18.332,0.79335,0.7935,1.00,2.40
2009.09.21 01:27:18.491,0.7933,0.79355,1.00,2.40
2009.09.21 01:27:19.891,0.79335,0.79355,1.00,2.40
2009.09.21 01:27:20.871,0.79325,0.7935,1.00,2.40
2009.09.21 01:27:21.171,0.7932,0.7935,2.50,2.40
2009.09.21 01:27:22.990,0.79325,0.7935,1.00,2.40
2009.09.21 01:27:27.950,0.7932,0.7935,1.00,2.40
2009.09.21 01:27:58.792,0.79315,0.7935,3.30,2.40
2009.09.21 01:27:59.443,0.7932,0.7935,1.00,2.40
2009.09.21 01:27:59.622,0.7932,0.7935,2.50,2.40
2009.09.21 01:28:01.021,0.79325,0.7935,1.00,2.40
2009.09.21 01:28:01.361,0.7932,0.7935,2.50,2.40
2009.09.21 01:28:01.701,0.7932,0.7935,1.00,2.40
2009.09.21 01:28:02.221,0.79315,0.7934,1.00,2.40
2009.09.21 01:28:11.989,0.79315,0.79335,1.00,2.40
2009.09.21 01:28:12.518,0.7931,0.7934,1.00,2.40
2009.09.21 01:28:12.808,0.7931,0.79335,1.00,2.40
2009.09.21 01:28:16.868,0.79315,0.79335,1.00,2.40
2009.09.21 01:28:17.207,0.79315,0.7933,1.00,2.40
2009.09.21 01:28:17.557,0.79315,0.7933,1.00,4.00
2009.09.21 01:28:22.786,0.79315,0.7933,1.00,1.60
2009.09.21 01:28:22.896,0.7931,0.7933,1.00,1.60
2009.09.21 01:28:23.196,0.79315,0.7933,1.00,1.60
2009.09.21 01:28:25.645,0.79315,0.7933,1.00,4.00
2009.09.21 01:28:33.404,0.79315,0.7933,1.00,1.60
2009.09.21 01:28:33.693,0.79315,0.79335,1.00,2.40
2009.09.21 01:28:34.803,0.7932,0.7934,1.00,4.00
2009.09.21 01:28:34.973,0.79315,0.79335,1.00,2.40
2009.09.21 01:28:35.083,0.79315,0.7934,1.00,4.00
2009.09.21 01:28:35.253,0.7932,0.7934,1.00,4.00
2009.09.21 01:28:35.483,0.7932,0.79335,1.00,2.40
2009.09.21 01:28:35.663,0.79315,0.79335,1.00,2.40
2009.09.21 01:28:37.312,0.7931,0.79335,1.00,2.40
2009.09.21 01:28:40.442,0.79305,0.79335,4.90,2.40
2009.09.21 01:28:40.492,0.79305,0.79335,4.10,2.40
2009.09.21 01:28:40.612,0.79305,0.79335,2.50,2.40
2009.09.21 01:28:40.722,0.79305,0.7933,2.50,2.40
2009.09.21 01:28:41.301,0.79305,0.7933,1.00,4.00
2009.09.21 01:29:02.826,0.79305,0.7933,1.00,4.80
2009.09.21 01:29:03.056,0.793,0.79325,1.00,2.40
2009.09.21 01:29:04.566,0.793,0.7933,2.50,4.80
2009.09.21 01:29:05.846,0.79305,0.7933,1.00,4.80
2009.09.21 01:29:11.554,0.79305,0.7933,1.00,4.00
2009.09.21 01:29:14.623,0.793,0.79325,1.00,2.40
2009.09.21 01:29:16.923,0.793,0.7933,2.50,4.80
2009.09.21 01:29:17.863,0.79305,0.7933,1.00,4.80
2009.09.21 01:29:19.632,0.79305,0.79325,1.00,1.00
2009.09.21 01:29:19.872,0.793,0.7932,1.00,1.60
2009.09.21 01:29:22.082,0.793,0.7933,2.50,4.80
2009.09.21 01:29:22.362,0.793,0.7933,2.50,4.00
2009.09.21 01:29:23.861,0.79305,0.7933,1.00,4.00
2009.09.21 01:29:55.683,0.793,0.7933,2.50,4.10
2009.09.21 01:30:00.602,0.79305,0.7933,1.00,4.80
2009.09.21 01:30:00.713,0.79295,0.79325,2.50,2.40
2009.09.21 01:30:03.842,0.793,0.7933,2.50,4.80
2009.09.21 01:30:04.931,0.79305,0.7933,1.00,4.80
2009.09.21 01:30:06.321,0.79305,0.7933,1.00,4.00
2009.09.21 01:30:07.821,0.793,0.7933,2.50,4.10
2009.09.21 01:30:10.700,0.79305,0.7933,1.00,4.00
2009.09.21 01:30:11.250,0.79305,0.7933,2.50,2.40
2009.09.21 01:30:11.650,0.79315,0.79335,1.60,2.40
2009.09.21 01:30:11.940,0.79315,0.7934,1.60,4.00
2009.09.21 01:30:12.290,0.7932,0.7934,1.00,4.00
2009.09.21 01:30:31.875,0.7932,0.79335,1.00,1.00
2009.09.21 01:30:32.165,0.79305,0.7933,2.50,2.40
2009.09.21 01:31:07.797,0.79305,0.7933,2.50,3.20
2009.09.21 01:31:07.917,0.79305,0.7933,1.00,3.20
2009.09.21 01:31:08.037,0.79305,0.7933,1.00,4.80
2009.09.21 01:31:14.315,0.793,0.7933,2.50,4.80
2009.09.21 01:31:14.426,0.793,0.79325,1.00,2.40
2009.09.21 01:31:15.065,0.793,0.7933,1.00,2.40
2009.09.21 01:31:25.853,0.79305,0.7933,2.50,2.40
2009.09.21 01:31:27.022,0.7931,0.7933,1.00,2.40
2009.09.21 01:31:27.262,0.79305,0.7933,2.50,2.40
2009.09.21 01:31:27.482,0.7931,0.7933,1.00,2.40
2009.09.21 01:31:27.942,0.79305,0.7933,2.50,2.40
2009.09.21 01:31:29.102,0.79305,0.7933,1.00,2.40
2009.09.21 01:31:29.392,0.79305,0.7933,1.00,4.00
2009.09.21 01:31:30.592,0.79305,0.7933,1.00,4.80
2009.09.21 01:31:30.891,0.79305,0.7932,1.00,1.60
2009.09.21 01:31:32.661,0.79305,0.7933,4.10,1.60
2009.09.21 01:31:33.931,0.79315,0.7933,1.00,1.60
2009.09.21 01:31:41.889,0.79305,0.7933,4.10,1.60
2009.09.21 01:31:42.059,0.79305,0.7933,1.00,4.00
2009.09.21 01:31:42.589,0.79305,0.7933,1.00,4.80
2009.09.21 01:31:56.455,0.79305,0.7933,4.10,1.60
2009.09.21 01:31:56.815,0.79305,0.7933,1.00,4.80
2009.09.21 01:32:00.984,0.79305,0.7933,1.00,4.00
2009.09.21 01:32:10.382,0.7931,0.7933,1.00,4.00
2009.09.21 01:32:10.542,0.79305,0.7933,1.00,4.80
2009.09.21 01:32:10.722,0.79305,0.7932,1.00,1.60
2009.09.21 01:32:11.422,0.79295,0.7932,1.70,4.00
2009.09.21 01:32:11.771,0.79295,0.7932,1.00,4.00
2009.09.21 01:32:13.191,0.79295,0.7932,2.50,4.00
2009.09.21 01:32:13.371,0.79295,0.7932,1.00,4.00
2009.09.21 01:32:15.591,0.79295,0.7932,2.50,1.60
2009.09.21 01:32:15.811,0.793,0.7932,1.00,1.60
2009.09.21 01:32:16.920,0.79305,0.7932,1.00,1.60
2009.09.21 01:32:22.269,0.79305,0.79315,1.00,1.60
2009.09.21 01:33:03.859,0.79305,0.79325,1.70,3.20
2009.09.21 01:33:04.499,0.79305,0.79325,1.70,2.40
2009.09.21 01:33:13.707,0.79305,0.79325,1.70,3.20
2009.09.21 01:33:14.007,0.793,0.7932,1.60,2.40
2009.09.21 01:33:16.836,0.793,0.7932,1.60,3.20
2009.09.21 01:33:17.006,0.79295,0.79315,1.70,2.40
2009.09.21 01:33:19.725,0.79295,0.79315,1.60,2.40
2009.09.21 01:33:20.065,0.793,0.7932,1.60,2.40
2009.09.21 01:33:27.883,0.793,0.79315,1.60,2.40
2009.09.21 01:33:28.053,0.79295,0.79315,1.60,2.40
2009.09.21 01:33:28.393,0.79295,0.79315,1.60,3.20
2009.09.21 01:33:28.743,0.79285,0.7931,1.60,3.20
2009.09.21 01:33:29.093,0.79285,0.7931,1.60,2.40
2009.09.21 01:33:39.290,0.7928,0.79305,1.00,1.60
2009.09.21 01:33:39.630,0.7927,0.79305,1.00,2.40
2009.09.21 01:33:39.800,0.7927,0.793,1.00,2.40
2009.09.21 01:33:40.380,0.79275,0.793,1.60,2.40
2009.09.21 01:33:43.170,0.79275,0.793,1.60,3.20
2009.09.21 01:33:43.290,0.7927,0.793,1.70,3.20
2009.09.21 01:33:43.400,0.7927,0.79295,1.70,1.00
2009.09.21 01:33:43.520,0.7927,0.7929,1.70,2.40
2009.09.21 01:33:43.580,0.7927,0.7929,1.60,2.40
2009.09.21 01:33:44.609,0.79265,0.7929,1.60,2.40
2009.09.21 01:33:45.659,0.79265,0.7929,1.60,3.20
2009.09.21 01:33:46.000,0.7926,0.7929,4.10,2.40
2009.09.21 01:33:46.339,0.79265,0.7929,1.60,4.00
2009.09.21 01:33:47.858,0.79265,0.7929,1.70,4.00
2009.09.21 01:33:48.528,0.7927,0.79295,1.60,2.40
2009.09.21 01:33:50.128,0.7927,0.79295,1.70,2.40
2009.09.21 01:33:51.568,0.79275,0.793,1.60,5.60
2009.09.21 01:33:52.827,0.79275,0.793,1.70,5.60
2009.09.21 01:33:53.577,0.7927,0.79295,1.70,2.40
2009.09.21 01:33:55.777,0.7927,0.79295,1.60,3.20
2009.09.21 01:33:55.956,0.79265,0.7929,1.70,4.00
2009.09.21 01:34:05.494,0.7927,0.79295,1.60,2.40
2009.09.21 01:34:06.854,0.7927,0.79295,1.70,2.40
2009.09.21 01:34:10.083,0.79265,0.7929,1.70,4.00
2009.09.21 01:34:12.573,0.7927,0.79295,1.60,2.40
2009.09.21 01:34:13.852,0.7927,0.79295,1.70,2.40
2009.09.21 01:34:24.260,0.79275,0.793,1.60,2.40
2009.09.21 01:34:25.839,0.79285,0.7931,1.60,3.20
2009.09.21 01:34:26.169,0.7928,0.793,1.60,2.40
2009.09.21 01:34:26.510,0.79275,0.793,1.60,2.40
2009.09.21 01:34:31.818,0.79275,0.793,1.60,3.20
2009.09.21 01:34:32.058,0.7927,0.79295,1.70,2.40
2009.09.21 01:34:32.568,0.79275,0.793,1.60,2.40
2009.09.21 01:34:36.867,0.7928,0.793,1.60,2.40
2009.09.21 01:34:37.217,0.79275,0.793,1.60,2.40
2009.09.21 01:34:40.596,0.7928,0.7931,1.60,2.40
2009.09.21 01:34:40.936,0.79285,0.7931,1.60,2.40
2009.09.21 01:34:43.155,0.7928,0.7931,1.70,2.40
2009.09.21 01:34:43.385,0.79285,0.7931,1.60,2.40
2009.09.21 01:34:43.615,0.7928,0.793,1.70,2.40
2009.09.21 01:34:50.103,0.79275,0.793,1.60,2.40
2009.09.21 01:34:53.713,0.79275,0.793,1.70,2.40
2009.09.21 01:34:53.832,0.79275,0.793,4.10,2.40
2009.09.21 01:34:53.943,0.7928,0.793,1.60,2.40
2009.09.21 01:34:54.892,0.7928,0.793,1.70,2.40
2009.09.21 01:35:08.179,0.7928,0.793,1.00,2.40
2009.09.21 01:35:09.069,0.7927,0.793,2.50,2.40
2009.09.21 01:35:09.239,0.7928,0.793,1.00,2.40
2009.09.21 01:35:09.939,0.7928,0.79305,1.00,4.00
2009.09.21 01:35:10.918,0.79285,0.79305,1.00,4.00
2009.09.21 01:35:18.436,0.79285,0.79305,1.70,2.40
2009.09.21 01:35:20.336,0.79285,0.79305,1.00,2.40
2009.09.21 01:36:05.785,0.7929,0.79315,1.60,4.00
2009.09.21 01:36:06.865,0.79295,0.79315,1.00,4.00
2009.09.21 01:36:14.253,0.7929,0.79315,2.50,4.00
2009.09.21 01:36:14.423,0.79295,0.7932,1.60,2.40
2009.09.21 01:36:15.393,0.79285,0.79305,1.00,2.40
2009.09.21 01:36:16.293,0.79285,0.7931,1.70,2.40
2009.09.21 01:36:16.623,0.79285,0.7931,1.60,2.40
2009.09.21 01:36:17.962,0.79285,0.7931,1.70,2.40
2009.09.21 01:36:18.922,0.79285,0.79305,1.00,2.40
2009.09.21 01:36:30.379,0.7928,0.79305,1.60,2.40
2009.09.21 01:36:31.819,0.79285,0.79305,1.00,2.40
2009.09.21 01:36:33.629,0.7928,0.79305,1.70,2.40
2009.09.21 01:36:33.808,0.7928,0.793,1.70,2.40
2009.09.21 01:36:38.287,0.7928,0.79305,1.70,2.40
2009.09.21 01:36:39.037,0.79285,0.79305,1.00,2.40
2009.09.21 01:36:42.587,0.7928,0.793,1.70,2.40
2009.09.21 01:36:54.414,0.7928,0.79305,1.70,2.40
2009.09.21 01:36:55.323,0.79285,0.79305,1.60,2.40
2009.09.21 01:36:55.853,0.79285,0.79305,1.70,2.40
2009.09.21 01:37:05.481,0.79285,0.79305,2.50,2.40
2009.09.21 01:37:05.831,0.7929,0.79315,1.60,2.40
2009.09.21 01:37:06.541,0.79295,0.79315,1.00,2.40
2009.09.21 01:37:07.220,0.79295,0.7932,1.70,4.00
2009.09.21 01:37:09.790,0.79295,0.7932,1.60,4.00
2009.09.21 01:37:09.850,0.79295,0.79315,1.60,2.40
2009.09.21 01:37:10.320,0.7929,0.7931,1.60,2.40
2009.09.21 01:37:17.208,0.79295,0.79315,1.60,2.40
2009.09.21 01:37:19.867,0.79295,0.7932,1.60,2.40
2009.09.21 01:37:19.978,0.79295,0.7932,1.70,2.40
2009.09.21 01:37:48.330,0.79295,0.7932,1.60,2.40
2009.09.21 01:37:48.450,0.7929,0.7932,4.10,4.00
2009.09.21 01:37:48.611,0.7929,0.7932,4.10,4.80
2009.09.21 01:37:48.790,0.7929,0.7932,4.10,5.60
2009.09.21 01:37:49.130,0.79295,0.7932,1.60,4.00
2009.09.21 01:37:49.480,0.7929,0.79315,1.70,2.40
2009.09.21 01:37:53.829,0.7929,0.7932,4.10,5.60
2009.09.21 01:37:53.889,0.79295,0.7932,1.60,4.00
2009.09.21 01:37:54.539,0.7929,0.7932,4.00,4.00
2009.09.21 01:37:54.889,0.7929,0.79315,1.70,2.40
2009.09.21 01:37:55.249,0.7929,0.79315,1.60,2.40
2009.09.21 01:38:00.378,0.79285,0.79315,4.10,4.00
2009.09.21 01:38:06.856,0.7929,0.79315,1.00,4.00
2009.09.21 01:38:07.216,0.7928,0.7931,4.10,2.40
2009.09.21 01:38:07.546,0.79275,0.79305,4.10,4.00
2009.09.21 01:38:07.896,0.7928,0.79305,1.00,4.00
2009.09.21 01:38:08.246,0.79275,0.79305,4.10,4.00
2009.09.21 01:38:10.995,0.79275,0.79305,4.00,4.00
2009.09.21 01:38:11.735,0.7928,0.79305,1.00,4.00
2009.09.21 01:38:12.095,0.79275,0.79305,4.00,4.00
2009.09.21 01:38:12.915,0.79275,0.79305,4.10,4.00
2009.09.21 01:38:13.095,0.7928,0.79305,1.00,4.00
2009.09.21 01:38:13.434,0.79275,0.79305,4.10,4.00
2009.09.21 01:38:20.423,0.79285,0.79305,1.60,2.40
2009.09.21 01:38:21.873,0.7929,0.7931,1.60,2.40
2009.09.21 01:38:22.172,0.79295,0.79315,1.60,1.60
2009.09.21 01:38:22.402,0.7929,0.79315,1.60,1.60
2009.09.21 01:38:22.573,0.7929,0.7931,1.60,2.40
2009.09.21 01:38:27.671,0.7929,0.79315,1.60,1.60
2009.09.21 01:38:27.841,0.79295,0.79315,1.60,1.00
2009.09.21 01:38:27.961,0.79295,0.7932,1.60,2.40
2009.09.21 01:38:29.521,0.79295,0.7932,1.60,3.20
2009.09.21 01:38:29.820,0.7929,0.7931,1.60,2.40
2009.09.21 01:39:19.848,0.79285,0.7931,1.70,2.40
2009.09.21 01:39:20.069,0.79285,0.793,1.60,2.40
2009.09.21 01:39:20.308,0.7928,0.79305,1.60,2.40
2009.09.21 01:39:20.478,0.79285,0.79305,1.60,2.40
2009.09.21 01:39:24.797,0.7928,0.793,1.60,2.40
2009.09.21 01:39:27.847,0.7927,0.793,2.50,2.40
2009.09.21 01:39:28.007,0.79275,0.793,1.60,2.40
2009.09.21 01:40:00.669,0.7927,0.793,4.00,3.20
2009.09.21 01:40:00.839,0.7927,0.79295,1.60,2.40
2009.09.21 01:40:04.568,0.79275,0.793,1.60,4.10
2009.09.21 01:40:04.918,0.7927,0.79295,1.60,2.40
2009.09.21 01:40:14.425,0.7927,0.79295,1.60,3.20
2009.09.21 01:40:14.595,0.79265,0.7929,1.60,4.00
2009.09.21 01:40:15.935,0.79265,0.7929,1.60,4.10
2009.09.21 01:40:18.234,0.79265,0.7929,1.70,4.00
2009.09.21 01:40:23.653,0.79265,0.7929,1.60,4.90
2009.09.21 01:40:23.833,0.7926,0.79285,1.60,2.40
2009.09.21 01:40:24.183,0.79255,0.7928,4.10,4.00
2009.09.21 01:40:24.533,0.79255,0.7928,4.00,1.60
2009.09.21 01:40:24.873,0.7926,0.79285,1.60,2.40
2009.09.21 01:40:28.982,0.79265,0.7929,1.60,4.80
2009.09.21 01:40:29.332,0.79265,0.7929,1.60,2.40
2009.09.21 01:40:31.022,0.79265,0.7929,1.60,3.20
2009.09.21 01:40:31.251,0.7926,0.7929,1.60,3.20
2009.09.21 01:40:31.601,0.7926,0.79285,1.60,2.40
2009.09.21 01:40:36.670,0.79255,0.79285,8.90,4.00
2009.09.21 01:40:39.709,0.7926,0.79285,2.40,1.60
2009.09.21 01:40:39.989,0.7926,0.7929,2.40,2.40
2009.09.21 01:40:41.109,0.7926,0.79295,2.50,8.80
2009.09.21 01:40:41.219,0.7926,0.79295,2.50,7.20
2009.09.21 01:40:46.098,0.7926,0.79295,2.40,7.20
2009.09.21 01:40:46.158,0.7926,0.7929,2.40,2.40
2009.09.21 01:40:51.537,0.79255,0.79285,7.20,2.40
2009.09.21 01:40:52.036,0.79255,0.79285,4.80,2.40
2009.09.21 01:40:52.266,0.79255,0.79285,2.40,2.40
2009.09.21 01:41:02.534,0.79255,0.79285,2.50,2.40
2009.09.21 01:41:02.764,0.79255,0.79285,2.40,2.40
2009.09.21 01:41:13.881,0.79255,0.7929,3.20,4.80
2009.09.21 01:41:14.001,0.79255,0.79285,2.50,2.40
2009.09.21 01:41:14.181,0.79255,0.7929,2.50,5.60
2009.09.21 01:41:14.301,0.79255,0.79285,3.30,2.40
2009.09.21 01:41:14.461,0.79255,0.7929,3.30,4.80
2009.09.21 01:41:15.151,0.7926,0.7929,1.00,4.80
2009.09.21 01:41:15.501,0.79265,0.7929,2.40,2.40
2009.09.21 01:41:16.840,0.79265,0.7929,2.50,2.40
2009.09.21 01:41:23.649,0.79265,0.79295,2.50,8.80
2009.09.21 01:41:32.777,0.79265,0.79295,2.50,9.60
2009.09.21 01:41:33.107,0.79255,0.7929,3.30,2.40
2009.09.21 01:41:34.147,0.79265,0.79295,2.40,8.80
2009.09.21 01:41:35.016,0.79255,0.7929,3.30,2.40
2009.09.21 01:41:36.096,0.7926,0.7929,1.00,2.40
2009.09.21 01:41:36.336,0.79265,0.79295,2.40,8.80
2009.09.21 01:41:37.875,0.79265,0.79295,2.50,8.80
2009.09.21 01:41:42.264,0.79265,0.79295,2.40,8.90
2009.09.21 01:41:42.324,0.79265,0.79295,2.40,9.70
2009.09.21 01:41:42.664,0.79255,0.7929,2.50,2.40
2009.09.21 01:41:46.343,0.79265,0.7929,1.60,2.40
2009.09.21 01:41:51.702,0.7927,0.79295,1.60,7.20
2009.09.21 01:41:59.020,0.7927,0.79295,4.10,2.40
2009.09.21 01:42:00.650,0.7927,0.793,4.10,6.50
2009.09.21 01:42:01.050,0.7927,0.793,4.10,4.10
2009.09.21 01:42:06.059,0.7927,0.793,4.90,4.10
2009.09.21 01:42:06.179,0.7927,0.793,4.90,6.50
2009.09.21 01:42:06.359,0.7927,0.793,5.70,6.50
2009.09.21 01:42:09.378,0.7927,0.79295,3.20,2.40
2009.09.21 01:42:09.718,0.79275,0.79295,1.60,2.40
2009.09.21 01:42:10.067,0.7927,0.79295,3.20,2.40
2009.09.21 01:42:10.308,0.79275,0.79295,1.60,2.40
2009.09.21 01:42:11.107,0.7927,0.793,5.70,4.00
2009.09.21 01:42:11.227,0.79275,0.793,1.60,2.40
2009.09.21 01:42:11.807,0.79275,0.79295,1.60,2.40
2009.09.21 01:42:12.037,0.7927,0.79295,3.20,2.40
2009.09.21 01:42:12.377,0.7927,0.79295,1.60,2.40
2009.09.21 01:42:19.735,0.7927,0.793,1.60,5.60
2009.09.21 01:42:19.855,0.79275,0.79295,1.60,2.40
2009.09.21 01:42:20.025,0.79275,0.793,1.60,4.80
2009.09.21 01:42:24.794,0.7927,0.79295,1.60,2.40
2009.09.21 01:42:43.880,0.7927,0.793,1.60,5.60
2009.09.21 01:43:03.545,0.79265,0.793,2.40,5.60
2009.09.21 01:43:03.895,0.7927,0.793,2.40,2.40
2009.09.21 01:43:16.511,0.79275,0.793,1.60,2.40
2009.09.21 01:43:19.431,0.79275,0.793,1.60,2.50
2009.09.21 01:43:19.721,0.7927,0.793,4.00,7.30
2009.09.21 01:43:20.951,0.7927,0.79295,4.00,1.00
2009.09.21 01:43:37.766,0.7927,0.793,4.00,7.30
2009.09.21 01:43:38.296,0.7927,0.793,4.00,6.40
2009.09.21 01:43:38.466,0.79275,0.79305,1.60,8.90
2009.09.21 01:43:38.627,0.79275,0.79305,1.60,8.10
2009.09.21 01:43:39.776,0.79275,0.79305,4.00,3.20
2009.09.21 01:43:42.445,0.79275,0.79305,4.00,5.70
2009.09.21 01:43:47.174,0.7928,0.79305,2.40,3.30
2009.09.21 01:43:48.384,0.79275,0.79305,4.00,3.30
2009.09.21 01:43:48.724,0.79275,0.79305,4.00,5.60
2009.09.21 01:43:49.004,0.79275,0.79305,4.00,8.00
2009.09.21 01:43:51.513,0.79275,0.79305,4.00,8.10
2009.09.21 01:43:54.802,0.7928,0.79305,2.40,6.10
2009.09.21 01:43:55.432,0.79275,0.793,1.60,2.80
2009.09.21 01:43:55.722,0.79275,0.79295,1.60,1.00
2009.09.21 01:43:55.892,0.79275,0.793,1.60,2.40
2009.09.21 01:43:59.291,0.79275,0.793,1.60,2.80
2009.09.21 01:44:00.701,0.7927,0.793,1.60,6.00
2009.09.21 01:44:02.551,0.7927,0.79295,1.60,1.00
2009.09.21 01:44:02.731,0.79265,0.79295,1.60,3.60
2009.09.21 01:44:02.891,0.79265,0.79295,1.60,6.00
2009.09.21 01:44:03.480,0.79265,0.79295,1.60,5.60
2009.09.21 01:44:06.429,0.79265,0.79285,1.60,1.00
2009.09.21 01:44:06.590,0.79255,0.79285,4.00,3.20
2009.09.21 01:44:06.770,0.79255,0.79285,1.60,3.20
2009.09.21 01:44:07.529,0.7926,0.7929,1.60,3.20
2009.09.21 01:44:07.759,0.79265,0.79295,1.60,3.20
2009.09.21 01:44:08.099,0.7927,0.793,1.60,6.00
2009.09.21 01:44:08.439,0.7927,0.79295,1.60,2.40
2009.09.21 01:44:10.558,0.7926,0.79285,1.60,2.40
2009.09.21 01:44:10.849,0.7927,0.79295,1.60,2.40
2009.09.21 01:44:11.888,0.7927,0.7929,1.60,2.40
2009.09.21 01:44:12.008,0.79265,0.7929,1.60,2.40
2009.09.21 01:44:12.368,0.7927,0.79295,1.60,2.40
2009.09.21 01:44:12.608,0.79265,0.79295,4.00,2.40
2009.09.21 01:44:13.148,0.7927,0.79295,1.60,2.40
2009.09.21 01:44:14.128,0.79275,0.79305,4.00,8.00
2009.09.21 01:44:14.478,0.7928,0.79305,4.00,6.40
2009.09.21 01:44:14.868,0.7928,0.79305,2.40,5.60
2009.09.21 01:44:15.218,0.79275,0.79305,1.60,8.00
2009.09.21 01:44:15.517,0.79275,0.79305,1.60,5.60
2009.09.21 01:44:17.157,0.79275,0.79295,1.60,2.40
2009.09.21 01:44:17.457,0.79265,0.79295,6.40,2.40
2009.09.21 01:44:17.617,0.7927,0.793,2.40,2.40
2009.09.21 01:44:17.797,0.79275,0.79305,2.40,5.60
2009.09.21 01:44:18.197,0.7927,0.793,2.40,2.40
2009.09.21 01:44:19.207,0.79275,0.793,1.60,2.40
2009.09.21 01:44:21.426,0.79275,0.793,1.60,3.20
2009.09.21 01:44:21.656,0.79265,0.79295,2.40,2.40
2009.09.21 01:44:21.826,0.7927,0.793,2.40,2.40
2009.09.21 01:44:30.994,0.79275,0.793,1.00,2.40
2009.09.21 01:44:33.523,0.7928,0.79305,1.00,8.80
2009.09.21 01:44:33.763,0.7928,0.79305,1.00,6.40
2009.09.21 01:44:34.053,0.7928,0.79305,1.00,4.80
2009.09.21 01:44:34.523,0.7928,0.793,1.00,2.40
2009.09.21 01:44:37.672,0.7927,0.793,5.70,2.40
2009.09.21 01:44:38.712,0.7927,0.793,2.40,2.40
2009.09.21 01:44:39.062,0.7926,0.79295,7.30,2.40
2009.09.21 01:44:39.422,0.7926,0.79295,5.70,2.40
2009.09.21 01:44:39.761,0.7926,0.79295,3.30,2.40
2009.09.21 01:44:40.051,0.7926,0.79295,2.50,2.40
2009.09.21 01:44:42.321,0.79265,0.79295,1.00,2.40
2009.09.21 01:44:42.561,0.7927,0.79295,1.60,2.40
2009.09.21 01:44:42.741,0.7927,0.793,4.00,5.20
2009.09.21 01:44:42.961,0.7927,0.79295,4.00,1.60
2009.09.21 01:44:43.361,0.7927,0.79295,2.40,1.60
2009.09.21 01:44:43.701,0.7926,0.79295,4.10,3.60
2009.09.21 01:44:44.050,0.7927,0.79295,2.40,2.40
2009.09.21 01:44:44.341,0.7927,0.79295,2.40,1.00
2009.09.21 01:44:44.570,0.79265,0.79295,2.40,4.80
2009.09.21 01:44:44.860,0.79265,0.79295,2.40,5.20
2009.09.21 01:44:45.150,0.79265,0.79295,2.50,5.20
2009.09.21 01:44:46.360,0.7927,0.79295,1.60,3.60
2009.09.21 01:44:50.989,0.7927,0.79295,1.70,3.60
2009.09.21 01:44:51.109,0.7927,0.79295,4.10,1.00
2009.09.21 01:44:51.279,0.7927,0.793,4.10,7.60
2009.09.21 01:44:51.849,0.7927,0.79295,4.00,1.00
2009.09.21 01:44:52.029,0.7927,0.79295,1.60,3.60
2009.09.21 01:44:54.878,0.7927,0.79295,1.60,2.80
2009.09.21 01:44:55.168,0.7927,0.79295,1.60,3.60
2009.09.21 01:45:00.597,0.79265,0.7929,4.10,1.20
2009.09.21 01:45:00.837,0.79265,0.7929,1.60,3.60
2009.09.21 01:45:01.286,0.79265,0.79285,1.60,1.00
2009.09.21 01:45:04.296,0.7926,0.79285,1.60,2.80
2009.09.21 01:45:05.065,0.79265,0.79285,1.60,1.00
2009.09.21 01:45:19.932,0.79265,0.79285,1.60,2.80
2009.09.21 01:45:20.292,0.7926,0.79285,1.60,8.40
2009.09.21 01:45:20.582,0.79255,0.79285,1.60,8.40
2009.09.21 01:45:22.531,0.79255,0.7928,1.60,1.00
2009.09.21 01:45:22.831,0.7925,0.79275,1.60,2.40
2009.09.21 01:45:24.911,0.79245,0.79275,4.00,2.40
2009.09.21 01:45:25.081,0.79245,0.7927,1.60,2.40
2009.09.21 01:45:26.300,0.79255,0.7928,1.60,5.30
2009.09.21 01:45:26.580,0.79255,0.7928,1.60,5.20
2009.09.21 01:45:28.210,0.79255,0.7928,1.60,2.80
2009.09.21 01:45:28.800,0.7926,0.7928,1.60,1.00
2009.09.21 01:45:32.579,0.79265,0.79285,1.60,5.20
2009.09.21 01:45:32.689,0.79265,0.79285,1.60,2.80
2009.09.21 01:45:34.189,0.79265,0.79285,1.60,1.00
2009.09.21 01:45:35.708,0.7926,0.79285,1.60,2.80
2009.09.21 01:45:36.068,0.7926,0.7928,1.60,1.00
2009.09.21 01:45:39.417,0.79265,0.79285,1.60,5.20
2009.09.21 01:45:39.697,0.79265,0.79285,1.60,4.80
2009.09.21 01:45:40.047,0.7926,0.79285,1.60,7.60
2009.09.21 01:45:41.087,0.79265,0.79285,1.60,4.80
2009.09.21 01:45:42.486,0.79265,0.79285,1.60,5.20
2009.09.21 01:45:42.596,0.7926,0.79285,1.60,7.60
2009.09.21 01:45:52.504,0.7925,0.79285,2.40,7.60
2009.09.21 01:45:52.744,0.7925,0.79285,2.50,7.60
2009.09.21 01:45:52.964,0.79255,0.79285,2.40,2.40
2009.09.21 01:45:53.424,0.7925,0.79285,2.50,2.40
2009.09.21 01:45:53.644,0.79255,0.79285,1.00,2.80
2009.09.21 01:45:53.994,0.7925,0.79285,2.50,2.80
2009.09.21 01:45:58.203,0.79265,0.79295,2.50,2.80
2009.09.21 01:45:58.543,0.7926,0.79295,4.10,5.60
2009.09.21 01:45:58.873,0.7926,0.79295,4.10,5.20
2009.09.21 01:45:59.152,0.7926,0.79295,6.50,5.20
2009.09.21 01:46:06.611,0.7926,0.79295,7.30,4.40
2009.09.21 01:46:06.901,0.79265,0.79295,2.50,1.60
2009.09.21 01:46:07.201,0.79265,0.793,2.50,5.20
2009.09.21 01:46:07.530,0.7926,0.79295,4.10,4.40
2009.09.21 01:46:16.708,0.79275,0.79295,1.60,1.00
2009.09.21 01:46:17.908,0.79275,0.793,1.60,2.80
2009.09.21 01:46:18.258,0.79275,0.793,1.60,1.00
2009.09.21 01:46:35.404,0.7927,0.79295,1.60,2.40
2009.09.21 01:46:46.601,0.7927,0.79295,1.70,2.40
2009.09.21 01:46:47.361,0.7927,0.79295,1.60,2.40
2009.09.21 01:46:50.980,0.7927,0.79295,1.60,3.20
2009.09.21 01:46:51.200,0.79265,0.7929,1.60,1.00
2009.09.21 01:46:51.430,0.79265,0.7929,1.60,3.20
2009.09.21 01:47:02.697,0.7926,0.79285,1.60,2.80
2009.09.21 01:47:05.507,0.7926,0.7929,4.00,4.80
2009.09.21 01:47:05.806,0.79265,0.7929,1.60,3.20
2009.09.21 01:47:06.466,0.7926,0.79285,1.60,2.40
2009.09.21 01:47:06.826,0.7926,0.79285,1.60,2.80
2009.09.21 01:47:23.792,0.7925,0.7928,2.50,2.80
2009.09.21 01:47:24.462,0.79255,0.7928,1.60,2.40
2009.09.21 01:47:26.181,0.79255,0.7928,1.60,2.80
2009.09.21 01:47:26.632,0.79255,0.7928,1.60,2.40
2009.09.21 01:47:26.812,0.79255,0.7928,1.70,2.40
2009.09.21 01:47:29.031,0.7926,0.79285,1.60,7.60
2009.09.21 01:47:29.381,0.7926,0.79285,1.60,5.20
2009.09.21 01:47:29.681,0.7926,0.79285,1.60,2.80
2009.09.21 01:47:31.940,0.79255,0.7928,1.60,2.80
2009.09.21 01:47:32.870,0.79255,0.7928,1.70,2.80
2009.09.21 01:47:47.047,0.79255,0.7928,1.60,2.80
2009.09.21 01:47:47.276,0.79255,0.7928,1.70,2.80
2009.09.21 01:47:48.606,0.79255,0.7928,1.60,2.80
2009.09.21 01:47:49.406,0.7926,0.7928,1.60,1.00
2009.09.21 01:47:49.756,0.7926,0.79285,1.60,5.20
2009.09.21 01:47:58.953,0.79255,0.7928,1.60,2.40
2009.09.21 01:48:00.743,0.79255,0.7928,1.60,3.20
2009.09.21 01:48:01.033,0.7924,0.79275,4.90,2.40
2009.09.21 01:48:01.383,0.7924,0.79275,2.50,2.80
2009.09.21 01:48:05.792,0.7924,0.79275,2.40,2.80
2009.09.21 01:48:06.122,0.7924,0.79275,2.40,5.20
2009.09.21 01:48:07.221,0.7924,0.79275,3.30,5.20
2009.09.21 01:48:07.401,0.7925,0.79275,2.40,2.80
2009.09.21 01:48:07.621,0.7925,0.79275,2.40,3.60
2009.09.21 01:48:07.781,0.79235,0.79275,8.80,2.80
2009.09.21 01:48:08.001,0.7924,0.79275,2.40,2.80
2009.09.21 01:48:09.151,0.7924,0.79275,2.50,2.80
2009.09.21 01:48:10.600,0.79235,0.79275,9.60,3.60
2009.09.21 01:48:10.960,0.79235,0.79275,10.40,6.00
2009.09.21 01:48:13.600,0.7924,0.79275,2.40,5.20
2009.09.21 01:48:14.949,0.7924,0.79275,2.50,5.20
2009.09.21 01:48:18.799,0.7924,0.79275,2.40,5.20
2009.09.21 01:48:18.908,0.7924,0.79275,2.40,6.00
2009.09.21 01:48:19.079,0.79235,0.79275,11.20,5.20
2009.09.21 01:48:19.258,0.7924,0.79275,2.40,5.20
2009.09.21 01:48:21.048,0.7924,0.79275,2.50,5.20
2009.09.21 01:48:21.518,0.7924,0.7927,2.50,2.80
2009.09.21 01:48:21.688,0.7924,0.7927,2.40,3.60
2009.09.21 01:48:21.868,0.79235,0.7927,8.00,3.20
2009.09.21 01:48:24.827,0.79235,0.7926,8.00,1.00
2009.09.21 01:48:25.067,0.79235,0.79255,3.20,4.00
2009.09.21 01:48:25.367,0.79235,0.7926,1.60,4.00
2009.09.21 01:48:25.707,0.7923,0.79255,2.40,1.60
2009.09.21 01:48:25.997,0.7923,0.7926,2.50,2.40
2009.09.21 01:48:26.297,0.79225,0.79255,8.90,4.00
2009.09.21 01:48:29.526,0.79225,0.7925,6.50,2.40
2009.09.21 01:48:29.696,0.79225,0.79255,8.90,4.00
2009.09.21 01:48:29.926,0.79225,0.79255,7.30,4.80
2009.09.21 01:48:30.156,0.79225,0.79255,8.90,4.00
2009.09.21 01:48:31.375,0.79225,0.7925,4.80,2.40
2009.09.21 01:48:32.006,0.79225,0.7925,2.40,2.40
2009.09.21 01:48:32.345,0.7922,0.7925,2.40,2.40
2009.09.21 01:48:32.625,0.79215,0.7925,8.00,2.50
2009.09.21 01:48:33.275,0.79215,0.7925,7.20,2.50
2009.09.21 01:48:34.625,0.79215,0.7925,7.30,2.40
2009.09.21 01:48:46.662,0.79215,0.7925,4.90,2.40
2009.09.21 01:48:49.541,0.79215,0.7925,2.40,3.70
2009.09.21 01:48:49.881,0.79215,0.7925,2.40,3.30
2009.09.21 01:48:50.231,0.7922,0.79255,2.40,10.10
2009.09.21 01:48:50.531,0.7922,0.7925,2.40,1.20
2009.09.21 01:48:50.821,0.79215,0.79245,2.40,1.00
2009.09.21 01:48:51.061,0.7921,0.79245,4.90,3.60
2009.09.21 01:48:51.571,0.7921,0.79245,2.50,3.60
2009.09.21 01:48:52.270,0.7921,0.79245,2.50,3.70
2009.09.21 01:48:52.570,0.79215,0.79245,1.00,3.20
2009.09.21 01:48:55.270,0.7922,0.79245,1.00,3.20
2009.09.21 01:48:55.560,0.79215,0.79245,1.00,3.20
2009.09.21 01:48:55.790,0.79205,0.7924,4.90,4.80
2009.09.21 01:48:56.060,0.79205,0.7924,2.50,5.20
2009.09.21 01:48:56.340,0.79205,0.79245,5.70,2.80
2009.09.21 01:48:56.629,0.79205,0.7924,8.00,2.40
2009.09.21 01:48:56.859,0.79205,0.7925,8.00,6.10
2009.09.21 01:48:58.139,0.79205,0.7925,8.10,6.10
2009.09.21 01:48:58.369,0.79205,0.79245,7.30,1.00
2009.09.21 01:48:58.489,0.79205,0.7924,7.30,2.40
2009.09.21 01:48:59.999,0.79205,0.7924,7.20,2.40
2009.09.21 01:49:00.458,0.79205,0.7924,7.30,2.40
2009.09.21 01:49:00.738,0.79205,0.7924,7.20,2.40
2009.09.21 01:49:03.028,0.79205,0.7924,7.30,2.40
2009.09.21 01:49:03.778,0.7921,0.7924,1.00,2.40
2009.09.21 01:49:04.238,0.7921,0.79245,2.50,2.40
2009.09.21 01:49:04.987,0.7921,0.79245,4.90,2.40
2009.09.21 01:49:05.567,0.7921,0.79245,4.90,3.20
2009.09.21 01:49:05.917,0.79215,0.7924,1.60,4.00
2009.09.21 01:49:06.257,0.79215,0.7924,4.00,1.60
2009.09.21 01:49:06.907,0.79215,0.7924,4.10,1.60
2009.09.21 01:49:12.356,0.7922,0.79245,2.40,2.40
2009.09.21 01:49:12.696,0.79225,0.79255,1.00,5.60
2009.09.21 01:49:13.045,0.79225,0.79255,1.00,4.80
2009.09.21 01:49:13.935,0.7922,0.79255,5.30,4.80
2009.09.21 01:49:14.165,0.7922,0.79255,4.90,4.80
2009.09.21 01:49:19.704,0.7922,0.79245,4.80,2.40
2009.09.21 01:49:19.884,0.7922,0.79245,2.40,2.40
2009.09.21 01:49:21.075,0.79215,0.79245,2.80,2.40
2009.09.21 01:49:21.483,0.79215,0.79245,1.00,2.40
2009.09.21 01:49:22.163,0.7921,0.79245,5.30,2.40
2009.09.21 01:49:22.623,0.79215,0.7925,2.40,4.80
2009.09.21 01:49:22.863,0.79215,0.7925,2.80,3.30
2009.09.21 01:49:23.103,0.79215,0.7925,2.90,3.20
2009.09.21 01:49:23.333,0.79215,0.7925,2.80,3.20
2009.09.21 01:49:24.833,0.7922,0.79255,2.40,10.10
2009.09.21 01:49:25.063,0.7922,0.79255,2.90,7.20
2009.09.21 01:49:25.293,0.79225,0.79255,2.40,4.80
2009.09.21 01:49:25.473,0.79225,0.79255,2.80,4.80
2009.09.21 01:49:25.822,0.79225,0.79255,2.80,2.40
2009.09.21 01:49:27.422,0.79225,0.79255,2.80,3.20
2009.09.21 01:49:27.652,0.79225,0.79255,2.40,3.20
2009.09.21 01:49:29.411,0.79225,0.79255,2.40,5.60
2009.09.21 01:49:29.871,0.79225,0.79255,2.40,3.20
2009.09.21 01:49:34.220,0.79225,0.79255,2.40,7.20
2009.09.21 01:49:35.310,0.79225,0.79255,2.50,7.20
2009.09.21 01:49:35.490,0.79225,0.79255,2.40,7.20
2009.09.21 01:49:36.530,0.79225,0.7925,1.60,4.80
2009.09.21 01:49:37.040,0.79225,0.7925,1.70,4.80
2009.09.21 01:49:37.729,0.79225,0.79245,1.00,1.60
2009.09.21 01:49:38.199,0.79225,0.7925,1.70,4.80
2009.09.21 01:49:41.779,0.7923,0.79255,4.00,2.80
2009.09.21 01:49:41.899,0.7923,0.79255,4.00,2.40
2009.09.21 01:49:42.008,0.7923,0.7926,4.00,4.00
2009.09.21 01:49:42.128,0.7923,0.79255,4.00,1.60
2009.09.21 01:49:42.948,0.79235,0.79255,1.00,1.60
2009.09.21 01:49:46.927,0.79235,0.7926,1.00,4.00
2009.09.21 01:49:47.557,0.7923,0.7926,4.00,6.40
2009.09.21 01:49:48.387,0.79235,0.7926,1.00,6.40
2009.09.21 01:49:48.737,0.7923,0.79255,4.00,1.60
2009.09.21 01:49:56.725,0.79225,0.7925,1.60,4.90
2009.09.21 01:49:56.895,0.7922,0.79245,4.00,1.60
2009.09.21 01:49:57.005,0.7922,0.79245,4.10,1.60
2009.09.21 01:49:57.335,0.79225,0.79245,1.00,1.60
2009.09.21 01:50:01.124,0.7922,0.79245,4.00,1.60
2009.09.21 01:50:01.884,0.79215,0.7924,1.60,4.00
2009.09.21 01:50:02.294,0.79215,0.7924,1.70,4.00
2009.09.21 01:50:02.524,0.79215,0.7924,1.60,4.00
2009.09.21 01:50:06.723,0.79205,0.7923,6.50,1.60
2009.09.21 01:50:06.903,0.7921,0.79235,2.40,1.00
2009.09.21 01:50:07.472,0.7921,0.7924,2.40,4.10
2009.09.21 01:50:07.992,0.7921,0.7924,2.50,4.00
2009.09.21 01:50:09.662,0.79205,0.79235,4.00,2.40
2009.09.21 01:50:09.832,0.79205,0.79235,2.40,3.20
2009.09.21 01:50:10.002,0.79195,0.7923,16.50,2.40
2009.09.21 01:50:10.122,0.79195,0.7923,7.70,2.40
2009.09.21 01:50:22.909,0.79195,0.7923,5.30,7.20
2009.09.21 01:50:22.969,0.79195,0.7923,2.90,7.20
2009.09.21 01:50:23.088,0.79195,0.7923,2.50,9.60
2009.09.21 01:50:24.878,0.79195,0.79225,2.50,3.20
2009.09.21 01:50:26.268,0.79195,0.79225,2.50,2.40
2009.09.21 01:50:26.628,0.79195,0.7923,2.50,9.60
2009.09.21 01:50:27.098,0.79195,0.7923,2.50,5.60
2009.09.21 01:50:40.764,0.79195,0.79225,2.50,1.00
2009.09.21 01:50:40.994,0.79195,0.79225,2.50,3.20
2009.09.21 01:50:42.094,0.79195,0.79225,2.50,5.60
2009.09.21 01:50:42.264,0.79195,0.79225,2.50,4.80
2009.09.21 01:50:42.494,0.79195,0.79225,2.50,2.40
2009.09.21 01:50:45.673,0.79195,0.7923,2.50,4.80
2009.09.21 01:50:45.903,0.79195,0.7923,2.50,2.40
2009.09.21 01:50:49.622,0.79195,0.7923,2.50,3.20
2009.09.21 01:50:49.852,0.79195,0.79225,2.50,2.40
2009.09.21 01:50:50.812,0.792,0.7923,2.40,4.00
2009.09.21 01:50:51.832,0.792,0.7923,2.50,4.00
2009.09.21 01:50:56.341,0.79205,0.7923,2.80,1.60
2009.09.21 01:50:56.681,0.79205,0.7924,2.80,7.20
2009.09.21 01:50:57.040,0.79205,0.7924,2.80,3.20
2009.09.21 01:50:57.870,0.79205,0.7924,2.90,3.20
2009.09.21 01:51:02.809,0.79205,0.7924,2.50,3.20
2009.09.21 01:51:02.979,0.79205,0.7924,2.50,5.60
2009.09.21 01:51:03.709,0.79205,0.79235,2.40,3.20
2009.09.21 01:51:05.088,0.79205,0.79235,2.50,3.20
2009.09.21 01:51:07.058,0.79205,0.79235,2.40,3.20
2009.09.21 01:51:07.228,0.792,0.7923,2.50,4.00
2009.09.21 01:51:07.348,0.79205,0.79235,2.40,8.00
2009.09.21 01:51:07.518,0.79205,0.79235,2.40,12.00
2009.09.21 01:51:07.688,0.79205,0.79235,2.40,4.80
2009.09.21 01:51:07.848,0.79205,0.79235,2.40,2.40
2009.09.21 01:51:08.028,0.79205,0.7924,2.40,7.20
2009.09.21 01:51:08.538,0.79205,0.7924,2.40,5.60
2009.09.21 01:51:09.227,0.79205,0.7924,2.50,5.60
2009.09.21 01:51:10.547,0.79205,0.7924,2.90,5.60
2009.09.21 01:51:10.767,0.79205,0.7924,5.30,3.20
2009.09.21 01:51:11.657,0.79205,0.7924,6.10,2.40
2009.09.21 01:51:11.887,0.7921,0.7924,2.40,2.40
2009.09.21 01:51:12.917,0.7921,0.7924,2.50,2.40
2009.09.21 01:51:25.564,0.7921,0.7923,1.00,2.40
2009.09.21 01:51:25.743,0.79205,0.7923,6.40,4.00
2009.09.21 01:51:25.904,0.792,0.7923,2.50,4.00
2009.09.21 01:51:35.171,0.792,0.7923,2.90,4.00
2009.09.21 01:51:35.451,0.79205,0.7923,4.00,1.60
2009.09.21 01:51:35.741,0.79205,0.7923,4.10,1.60
2009.09.21 01:51:51.167,0.7921,0.79235,2.40,2.40
2009.09.21 01:51:51.457,0.7921,0.7924,2.40,2.40
2009.09.21 01:51:51.807,0.7921,0.79245,2.80,7.20
2009.09.21 01:51:52.147,0.7921,0.7923,2.80,1.60
2009.09.21 01:51:52.447,0.79215,0.79245,4.80,7.20
2009.09.21 01:51:52.797,0.7922,0.79255,2.80,13.70
2009.09.21 01:51:53.147,0.7922,0.79255,2.80,4.90
2009.09.21 01:51:53.947,0.7923,0.79265,1.00,7.20
2009.09.21 01:51:54.347,0.79235,0.79265,1.00,6.40
2009.09.21 01:51:54.677,0.7924,0.7927,2.40,2.40
2009.09.21 01:51:55.016,0.7924,0.7927,2.80,2.40
2009.09.21 01:51:56.106,0.7924,0.7927,2.50,2.40
2009.09.21 01:51:58.426,0.7924,0.7927,2.90,2.40
2009.09.21 01:51:58.816,0.7924,0.79275,2.50,1.00
2009.09.21 01:51:59.175,0.79235,0.79265,5.30,4.00
2009.09.21 01:51:59.525,0.79245,0.79275,1.00,13.60
2009.09.21 01:51:59.755,0.79245,0.79265,1.00,1.60
2009.09.21 01:52:00.265,0.7925,0.79275,2.40,4.00
2009.09.21 01:52:00.435,0.7925,0.79275,2.40,1.60
2009.09.21 01:52:01.005,0.79245,0.79275,2.50,4.80
2009.09.21 01:52:01.645,0.7924,0.7927,3.70,2.40
2009.09.21 01:52:01.935,0.7924,0.7927,1.70,2.40
2009.09.21 01:52:02.515,0.7924,0.7927,1.60,3.20
2009.09.21 01:52:02.625,0.7924,0.79265,1.60,2.40
2009.09.21 01:52:02.675,0.7924,0.79265,1.60,4.00
2009.09.21 01:52:04.554,0.7924,0.79265,4.00,1.60
2009.09.21 01:52:04.894,0.7924,0.7927,4.00,3.20
2009.09.21 01:52:05.214,0.7924,0.79265,1.60,4.00
2009.09.21 01:52:05.394,0.7924,0.79265,1.00,4.00
2009.09.21 01:52:05.554,0.7924,0.79265,1.00,4.00
2009.09.21 01:52:06.614,0.7924,0.7927,1.00,6.40
2009.09.21 01:52:06.963,0.7924,0.7927,1.00,2.40
2009.09.21 01:52:08.823,0.7924,0.79275,2.50,7.20
2009.09.21 01:52:09.163,0.7924,0.79275,2.50,5.60
2009.09.21 01:52:09.333,0.7924,0.79275,2.50,3.20
2009.09.21 01:52:11.003,0.7924,0.79275,4.90,3.20
2009.09.21 01:52:12.472,0.7924,0.7927,1.00,2.40
2009.09.21 01:52:13.922,0.7925,0.79275,2.40,5.60
2009.09.21 01:52:14.262,0.7924,0.7927,4.10,2.40
2009.09.21 01:52:14.552,0.7924,0.7927,1.00,2.40
2009.09.21 01:52:35.577,0.7924,0.7927,2.50,1.00
2009.09.21 01:52:35.867,0.7924,0.7927,2.40,1.00
2009.09.21 01:52:36.436,0.7924,0.79275,2.50,12.00
2009.09.21 01:52:36.716,0.7924,0.79275,2.50,8.00
2009.09.21 01:52:37.066,0.7924,0.7927,2.50,3.20
2009.09.21 01:52:37.286,0.7924,0.79275,2.50,8.40
2009.09.21 01:52:37.516,0.7924,0.7927,2.40,3.20
2009.09.21 01:52:37.996,0.7924,0.79275,2.50,14.00
2009.09.21 01:52:38.226,0.7924,0.79275,2.50,8.40
2009.09.21 01:52:39.166,0.7924,0.79275,2.50,8.00
2009.09.21 01:52:42.985,0.7924,0.7927,1.00,2.40
2009.09.21 01:52:46.094,0.7924,0.7927,1.00,3.20
2009.09.21 01:52:46.434,0.79235,0.79265,2.50,4.00
2009.09.21 01:52:47.464,0.79235,0.79265,2.50,4.80
2009.09.21 01:52:47.524,0.79235,0.79265,2.40,4.80
2009.09.21 01:52:47.584,0.7923,0.7926,1.70,2.40
2009.09.21 01:52:47.644,0.7923,0.7926,1.00,2.40
2009.09.21 01:52:49.243,0.79225,0.79255,2.50,4.00
2009.09.21 01:52:49.893,0.7922,0.7925,2.50,2.40
2009.09.21 01:52:50.223,0.79215,0.79245,8.10,4.00
2009.09.21 01:52:50.453,0.79215,0.79245,4.10,4.00
2009.09.21 01:52:53.432,0.79215,0.79245,4.90,4.00
2009.09.21 01:52:53.832,0.7922,0.7925,2.40,2.40
2009.09.21 01:52:54.172,0.79225,0.79255,2.40,4.80
2009.09.21 01:52:54.502,0.79225,0.79255,2.40,2.40
2009.09.21 01:52:57.431,0.79225,0.79255,2.40,6.40
2009.09.21 01:52:57.662,0.79225,0.79255,2.40,2.40
2009.09.21 01:52:58.121,0.7923,0.7926,2.40,4.90
2009.09.21 01:53:00.721,0.79235,0.7926,2.40,3.20
2009.09.21 01:53:01.001,0.79225,0.79255,2.40,2.40
2009.09.21 01:53:02.360,0.79225,0.79255,3.20,2.40
2009.09.21 01:53:02.590,0.7923,0.79255,1.60,2.40
2009.09.21 01:53:02.880,0.79235,0.79265,2.40,9.30
2009.09.21 01:53:02.990,0.79225,0.79255,2.40,2.40
2009.09.21 01:53:04.040,0.7923,0.7926,2.40,4.90
2009.09.21 01:53:09.339,0.79235,0.7926,2.40,2.40
2009.09.21 01:53:09.459,0.79235,0.79265,2.40,8.90
2009.09.21 01:53:10.878,0.79235,0.79265,2.50,8.90
2009.09.21 01:53:19.336,0.7923,0.7926,2.40,2.50
2009.09.21 01:53:29.524,0.7923,0.7926,2.40,1.70
2009.09.21 01:53:30.514,0.7923,0.7926,2.40,2.50
2009.09.21 01:53:31.824,0.7923,0.79255,2.40,1.60
2009.09.21 01:53:31.943,0.79225,0.79255,10.50,4.80
2009.09.21 01:53:32.103,0.79225,0.79255,4.10,4.80
2009.09.21 01:53:32.453,0.79225,0.7925,4.00,1.00
2009.09.21 01:53:32.623,0.7922,0.7925,6.50,3.20
2009.09.21 01:53:32.783,0.7922,0.7925,2.50,3.20
2009.09.21 01:53:33.463,0.7922,0.79245,1.00,4.80
2009.09.21 01:53:34.073,0.7922,0.7924,1.00,2.40
2009.09.21 01:53:34.413,0.79215,0.7924,1.00,4.80
2009.09.21 01:53:34.952,0.7921,0.79235,4.90,4.80
2009.09.21 01:53:35.242,0.7921,0.79235,2.50,4.80
2009.09.21 01:53:35.582,0.79205,0.7923,8.10,1.60
2009.09.21 01:53:36.092,0.79205,0.7923,4.10,1.60
2009.09.21 01:53:39.662,0.79205,0.7923,1.60,4.80
2009.09.21 01:53:39.821,0.792,0.7923,2.50,4.80
2009.09.21 01:53:40.171,0.792,0.7923,2.50,7.20
2009.09.21 01:53:40.391,0.792,0.79225,2.50,1.00
2009.09.21 01:53:40.621,0.792,0.7922,1.00,1.60
2009.09.21 01:53:41.571,0.792,0.79225,2.50,7.20
2009.09.21 01:53:41.801,0.792,0.7922,1.00,1.60
2009.09.21 01:53:42.041,0.792,0.79225,2.40,4.80
2009.09.21 01:53:42.321,0.792,0.79225,2.50,4.80
2009.09.21 01:53:42.431,0.792,0.79225,2.50,2.40
2009.09.21 01:53:42.661,0.792,0.7923,2.50,2.40
2009.09.21 01:53:42.771,0.792,0.7923,2.50,1.00
2009.09.21 01:53:43.011,0.792,0.79235,3.30,5.20
2009.09.21 01:53:43.130,0.792,0.79235,3.30,4.80
2009.09.21 01:53:43.540,0.792,0.7924,7.30,3.20
2009.09.21 01:53:43.900,0.792,0.7924,9.70,3.20
2009.09.21 01:53:44.520,0.79205,0.7924,4.00,3.20
2009.09.21 01:53:44.760,0.79205,0.7923,4.00,1.00
2009.09.21 01:53:44.930,0.79205,0.79225,4.00,2.40
2009.09.21 01:53:45.160,0.79195,0.79225,6.50,3.20
2009.09.21 01:53:45.620,0.79195,0.79225,4.10,3.20
2009.09.21 01:53:45.910,0.792,0.79225,1.00,3.20
2009.09.21 01:53:47.370,0.79195,0.79225,4.10,3.30
2009.09.21 01:53:47.599,0.792,0.79225,1.00,3.20
2009.09.21 01:53:47.899,0.79195,0.79225,4.10,3.30
2009.09.21 01:53:48.919,0.792,0.79225,1.60,3.30
2009.09.21 01:53:51.028,0.792,0.7922,1.60,2.40
2009.09.21 01:53:51.198,0.79195,0.7922,1.70,3.20
2009.09.21 01:53:51.318,0.79195,0.7922,4.00,1.00
2009.09.21 01:53:51.489,0.7919,0.79215,1.70,3.20
2009.09.21 01:53:51.658,0.7919,0.7921,1.00,1.00
2009.09.21 01:53:51.829,0.79185,0.7921,2.50,3.20
2009.09.21 01:53:52.008,0.79185,0.7921,1.70,3.20
2009.09.21 01:53:52.308,0.79185,0.7921,1.60,3.20
2009.09.21 01:53:53.118,0.7919,0.7921,1.60,2.40
2009.09.21 01:53:55.668,0.79185,0.7921,1.60,3.20
2009.09.21 01:53:55.907,0.79185,0.7921,1.60,7.30
2009.09.21 01:53:56.537,0.7918,0.792,1.60,2.40
2009.09.21 01:53:57.877,0.79185,0.79205,1.60,2.40
2009.09.21 01:53:59.067,0.7919,0.7921,1.60,2.40
2009.09.21 01:54:01.026,0.79185,0.79205,1.60,2.40
2009.09.21 01:54:04.115,0.7918,0.79205,1.70,4.00
2009.09.21 01:54:06.385,0.79175,0.792,2.50,1.60
2009.09.21 01:54:06.675,0.79175,0.79195,1.00,2.40
2009.09.21 01:54:10.914,0.7917,0.79195,1.70,2.40
2009.09.21 01:54:11.144,0.79175,0.792,1.00,4.00
2009.09.21 01:54:11.264,0.79185,0.79205,1.60,4.80
2009.09.21 01:54:11.374,0.79185,0.7921,1.60,4.80
2009.09.21 01:54:11.554,0.79185,0.7921,1.60,2.40
2009.09.21 01:54:13.343,0.79185,0.792,1.60,2.40
2009.09.21 01:54:13.403,0.79175,0.792,5.70,2.40
2009.09.21 01:54:13.453,0.79175,0.792,1.70,2.40
2009.09.21 01:54:19.941,0.79175,0.792,2.50,2.40
2009.09.21 01:54:20.231,0.79175,0.79205,4.80,2.40
2009.09.21 01:54:20.812,0.7918,0.79205,1.00,2.40
2009.09.21 01:54:21.401,0.7918,0.79205,2.40,2.40
2009.09.21 01:54:22.751,0.7918,0.79205,1.60,2.40
2009.09.21 01:54:22.871,0.7918,0.792,1.60,2.40
2009.09.21 01:54:22.931,0.79175,0.792,1.70,2.40
2009.09.21 01:54:26.300,0.79175,0.79195,1.00,2.40
2009.09.21 01:54:26.530,0.7918,0.79195,1.60,2.40
2009.09.21 01:54:35.308,0.79185,0.792,1.60,2.40
2009.09.21 01:54:35.878,0.79185,0.79205,1.60,4.00
2009.09.21 01:54:36.098,0.79185,0.79205,1.70,2.40
2009.09.21 01:54:41.046,0.79185,0.79205,1.60,2.40
2009.09.21 01:54:41.427,0.79195,0.7921,1.60,2.40
2009.09.21 01:54:45.445,0.79195,0.79215,1.60,2.40
2009.09.21 01:54:45.625,0.792,0.79215,1.60,2.40
2009.09.21 01:54:51.224,0.79205,0.7922,1.60,2.40
2009.09.21 01:54:52.144,0.79205,0.79215,1.60,2.40
2009.09.21 01:54:52.474,0.79195,0.79215,1.60,2.40
2009.09.21 01:55:03.211,0.79195,0.7922,1.60,2.50
2009.09.21 01:55:03.441,0.792,0.7922,1.60,2.50
2009.09.21 01:55:03.611,0.79195,0.79215,1.60,2.40
2009.09.21 01:55:04.081,0.79205,0.7922,1.60,2.40
2009.09.21 01:55:12.959,0.79205,0.79215,1.60,2.40
2009.09.21 01:55:13.139,0.79195,0.79215,1.60,2.40
2009.09.21 01:55:13.969,0.792,0.79215,1.60,2.40
2009.09.21 01:55:14.668,0.79195,0.79215,1.60,2.40
2009.09.21 01:55:17.458,0.792,0.79215,1.60,2.40
2009.09.21 01:55:22.277,0.79185,0.79205,1.60,2.40
2009.09.21 01:55:22.687,0.79195,0.7921,1.60,2.40
2009.09.21 01:55:33.894,0.79185,0.7921,1.00,2.40
2009.09.21 01:55:43.861,0.7919,0.7921,1.00,1.60
2009.09.21 01:55:44.161,0.7919,0.79215,1.00,4.00
2009.09.21 01:55:48.301,0.79195,0.79215,1.60,2.40
2009.09.21 01:56:03.517,0.79195,0.7922,1.60,4.00
2009.09.21 01:56:03.577,0.79195,0.7922,1.60,2.40
2009.09.21 01:56:04.916,0.79195,0.7922,1.70,2.40
2009.09.21 01:56:09.265,0.792,0.79225,1.00,11.20
2009.09.21 01:56:09.435,0.79205,0.79225,1.60,7.20
2009.09.21 01:56:09.555,0.79205,0.79225,1.60,2.40
2009.09.21 01:56:09.795,0.79205,0.7923,1.60,4.80
2009.09.21 01:56:10.075,0.7921,0.79235,1.60,12.00
2009.09.21 01:56:10.355,0.79215,0.79235,1.60,7.20
2009.09.21 01:56:10.635,0.79215,0.79235,1.60,2.40
2009.09.21 01:56:11.175,0.7922,0.79245,1.60,12.10
2009.09.21 01:56:11.465,0.7922,0.79245,1.60,8.00
2009.09.21 01:56:14.894,0.7922,0.79245,1.60,5.60
2009.09.21 01:56:15.134,0.7922,0.79245,1.60,4.80
2009.09.21 01:56:15.424,0.7922,0.79245,1.60,2.40
2009.09.21 01:56:18.153,0.79225,0.79245,1.60,2.40
2009.09.21 01:56:18.793,0.7923,0.7925,1.60,2.40
2009.09.21 01:56:19.143,0.79235,0.79265,1.60,11.20
2009.09.21 01:56:19.493,0.7924,0.79265,1.60,6.40
2009.09.21 01:56:20.073,0.7924,0.79265,1.60,2.40
2009.09.21 01:56:23.662,0.7924,0.79265,1.60,3.20
2009.09.21 01:56:23.842,0.79235,0.79265,1.70,5.60
2009.09.21 01:56:26.971,0.79235,0.79265,1.70,9.60
2009.09.21 01:56:27.551,0.79235,0.79265,1.70,5.60
2009.09.21 01:56:29.001,0.79235,0.79265,1.60,5.60
2009.09.21 01:56:29.350,0.79235,0.79265,1.70,5.60
2009.09.21 01:56:29.980,0.79235,0.79265,1.60,9.60
2009.09.21 01:56:31.320,0.79235,0.79265,1.60,5.60
2009.09.21 01:56:40.548,0.79235,0.79255,1.70,2.40
2009.09.21 01:56:40.778,0.79235,0.7926,1.70,2.40
2009.09.21 01:56:41.008,0.79235,0.7926,1.70,4.00
2009.09.21 01:56:44.167,0.79235,0.79255,1.70,2.40
2009.09.21 01:56:44.517,0.7923,0.7925,1.70,2.40
2009.09.21 01:56:45.047,0.7923,0.7925,1.00,2.40
2009.09.21 01:56:45.516,0.7923,0.79245,1.70,2.40
2009.09.21 01:56:45.737,0.7923,0.7925,1.70,2.40
2009.09.21 01:56:45.976,0.7923,0.7925,1.60,2.40
2009.09.21 01:56:46.266,0.7923,0.79245,1.70,2.40
2009.09.21 01:56:46.496,0.7923,0.7925,1.00,2.40
2009.09.21 01:56:47.006,0.7923,0.7925,1.70,2.40
2009.09.21 01:56:48.326,0.7923,0.7925,1.00,2.40
2009.09.21 01:56:50.425,0.7923,0.7925,1.70,2.40
2009.09.21 01:56:50.765,0.7923,0.7925,1.00,2.40
2009.09.21 01:56:52.825,0.7923,0.7925,1.70,2.40
2009.09.21 01:56:59.973,0.7922,0.79245,1.00,4.00
2009.09.21 01:57:05.202,0.7923,0.7925,1.00,4.00
2009.09.21 01:57:05.382,0.7923,0.79245,1.00,4.00
2009.09.21 01:57:05.552,0.7922,0.79245,1.00,4.00
2009.09.21 01:57:11.720,0.79215,0.79245,10.40,4.00
2009.09.21 01:57:12.070,0.79215,0.79245,10.50,4.00
2009.09.21 01:57:12.750,0.79215,0.7924,6.50,2.40
2009.09.21 01:57:14.540,0.7922,0.7924,1.00,2.40
2009.09.21 01:57:14.920,0.7922,0.79245,1.00,4.00
2009.09.21 01:57:16.809,0.79225,0.79245,1.00,1.60
2009.09.21 01:57:17.139,0.79225,0.7925,1.00,4.00
2009.09.21 01:57:17.599,0.79225,0.7925,1.70,4.00
2009.09.21 01:57:17.989,0.7923,0.79245,1.00,1.60
2009.09.21 01:57:26.577,0.7923,0.79255,1.60,4.00
2009.09.21 01:57:27.267,0.7923,0.79255,4.00,1.60
2009.09.21 01:57:28.196,0.7923,0.79255,4.80,1.60
2009.09.21 01:57:28.836,0.79235,0.79255,1.00,1.60
2009.09.21 01:57:32.525,0.79235,0.79255,1.00,4.00
2009.09.21 01:57:32.645,0.7923,0.79255,1.00,4.00
2009.09.21 01:57:32.935,0.79235,0.79255,1.00,1.60
2009.09.21 01:57:33.285,0.7923,0.79255,1.00,4.00
2009.09.21 01:57:33.635,0.79235,0.79255,1.00,1.60
2009.09.21 01:57:39.504,0.79235,0.7926,1.00,2.40
2009.09.21 01:57:39.784,0.79235,0.79265,3.30,4.00
2009.09.21 01:57:40.014,0.79235,0.79265,3.30,2.40
2009.09.21 01:57:40.184,0.7924,0.7927,1.00,8.80
2009.09.21 01:57:40.414,0.79245,0.79275,2.40,6.40
2009.09.21 01:57:40.643,0.79245,0.79275,2.40,4.00
2009.09.21 01:57:41.513,0.7925,0.7928,2.50,5.60
2009.09.21 01:57:41.863,0.7925,0.79275,1.00,4.00
2009.09.21 01:57:43.253,0.79255,0.79275,1.60,2.40
2009.09.21 01:57:43.373,0.79255,0.7928,1.60,8.00
2009.09.21 01:57:43.473,0.79255,0.7928,1.60,4.00
2009.09.21 01:57:43.743,0.7925,0.79275,1.70,2.40
2009.09.21 01:57:49.361,0.7925,0.79275,1.00,2.40
2009.09.21 01:57:49.711,0.7925,0.7927,1.00,2.40
2009.09.21 01:57:50.051,0.79245,0.7927,1.60,2.40
2009.09.21 01:57:55.110,0.79245,0.79265,1.60,1.00
2009.09.21 01:57:55.290,0.79235,0.79255,4.80,2.40
2009.09.21 01:57:55.690,0.79235,0.79255,1.60,2.40
2009.09.21 01:57:59.219,0.7923,0.7925,1.70,2.40
2009.09.21 01:57:59.449,0.79225,0.7925,1.70,2.40
2009.09.21 01:57:59.669,0.79225,0.79245,1.70,2.40
2009.09.21 01:58:00.468,0.7922,0.7924,1.60,2.40
2009.09.21 01:58:01.288,0.7922,0.79245,1.60,2.40
2009.09.21 01:58:03.028,0.7922,0.7924,1.60,2.40
2009.09.21 01:58:04.068,0.79215,0.7924,1.60,2.40
2009.09.21 01:58:05.557,0.7922,0.7924,1.60,2.40
2009.09.21 01:58:06.087,0.7922,0.7925,1.60,8.80
2009.09.21 01:58:06.317,0.79225,0.7925,1.60,6.40
2009.09.21 01:58:06.557,0.79225,0.7925,1.60,2.40
2009.09.21 01:58:07.637,0.79225,0.79245,1.60,1.00
2009.09.21 01:58:07.997,0.79215,0.7924,4.00,2.40
2009.09.21 01:58:08.057,0.79215,0.7924,1.60,2.40
2009.09.21 01:58:09.037,0.7921,0.7924,4.10,2.40
2009.09.21 01:58:11.346,0.79215,0.7924,1.00,2.40
2009.09.21 01:58:11.526,0.7921,0.7924,4.10,2.40
2009.09.21 01:58:11.986,0.79215,0.7924,1.00,2.40
2009.09.21 01:58:12.196,0.7921,0.7924,4.10,2.40
2009.09.21 01:58:13.665,0.79215,0.7924,1.60,2.40
2009.09.21 01:58:14.725,0.79215,0.7924,1.70,2.40
2009.09.21 01:58:14.965,0.79215,0.7924,1.60,2.40
2009.09.21 01:58:15.775,0.7922,0.7924,1.60,2.40
2009.09.21 01:58:24.253,0.7922,0.7924,1.70,2.40
2009.09.21 01:58:24.603,0.7922,0.7924,1.60,2.40
2009.09.21 01:58:30.921,0.79225,0.7924,1.60,2.40
2009.09.21 01:58:37.680,0.7923,0.79245,1.60,2.40
2009.09.21 01:58:37.849,0.79235,0.79245,1.60,2.40
2009.09.21 01:58:38.130,0.79235,0.79255,1.60,8.00
2009.09.21 01:58:38.309,0.7924,0.79255,1.60,4.80
2009.09.21 01:58:38.530,0.7924,0.79255,1.60,2.40
2009.09.21 01:58:39.679,0.79235,0.7925,1.60,2.40
2009.09.21 01:58:41.359,0.79235,0.79245,1.60,2.40
2009.09.21 01:58:41.659,0.7923,0.7925,1.60,2.40
2009.09.21 01:58:41.999,0.7923,0.79245,1.60,2.40
2009.09.21 01:58:50.137,0.79235,0.7925,1.60,2.40
2009.09.21 01:58:58.295,0.79235,0.79255,1.60,8.00
2009.09.21 01:59:11.242,0.7923,0.79245,1.60,2.40
2009.09.21 01:59:16.820,0.7923,0.7924,1.60,2.40
2009.09.21 01:59:16.990,0.79225,0.7924,1.60,2.40
2009.09.21 01:59:22.839,0.79215,0.7924,1.00,2.40
2009.09.21 01:59:26.888,0.79215,0.7924,1.70,2.40
2009.09.21 01:59:31.797,0.7922,0.7924,1.60,2.40
2009.09.21 01:59:32.207,0.79215,0.7924,1.60,2.40
2009.09.21 01:59:32.446,0.7922,0.7924,1.60,2.40
2009.09.21 01:59:38.565,0.79225,0.7924,1.60,2.40
2009.09.21 01:59:38.735,0.79225,0.79245,1.60,2.40
2009.09.21 01:59:41.034,0.79225,0.79245,1.70,2.40
2009.09.21 01:59:41.334,0.79225,0.79245,1.60,2.40
2009.09.21 01:59:41.454,0.79225,0.79245,1.70,2.40
2009.09.21 01:59:43.424,0.79225,0.79245,1.60,2.40
2009.09.21 01:59:43.884,0.7923,0.7925,1.60,4.80
2009.09.21 01:59:44.234,0.79235,0.79255,1.60,4.80
2009.09.21 01:59:44.594,0.79235,0.79255,1.60,2.40
2009.09.21 01:59:44.934,0.79225,0.79245,4.00,2.40
2009.09.21 01:59:45.324,0.79235,0.79255,1.60,2.40
2009.09.21 01:59:46.943,0.79245,0.7926,1.60,2.40
2009.09.21 01:59:47.233,0.79245,0.79265,1.60,2.40
2009.09.21 01:59:49.132,0.79245,0.7927,1.60,2.40
2009.09.21 01:59:49.782,0.79255,0.79275,1.60,6.40
2009.09.21 01:59:50.122,0.79255,0.79275,1.60,2.40
2009.09.21 01:59:51.852,0.7925,0.7927,1.00,4.00
2009.09.21 01:59:52.141,0.79255,0.79275,1.60,2.40
2009.09.21 01:59:53.252,0.79255,0.7928,1.60,4.10
2009.09.21 01:59:53.482,0.79255,0.7928,1.60,4.00
2009.09.21 01:59:53.841,0.7926,0.7928,1.60,2.40
2009.09.21 01:59:54.181,0.79265,0.7929,1.60,8.80
2009.09.21 01:59:54.521,0.7927,0.7929,1.60,2.40
2009.09.21 01:59:58.200,0.7928,0.7929,1.60,2.40
2009.09.21 01:59:58.940,0.7928,0.79285,1.60,2.40
2009.09.21 01:59:59.280,0.7928,0.7929,1.60,4.00
2009.09.21 01:59:59.860,0.79285,0.79295,1.60,2.40
