2016.01.08 11:00:00.646,0.83038,0.83049,1.00,2.25
2016.01.08 11:00:00.992,0.83036,0.83049,1.57,2.25
2016.01.08 11:00:01.697,0.83036,0.83047,1.00,1.00
2016.01.08 11:00:01.953,0.83032,0.83044,1.50,1.00
2016.01.08 11:00:02.461,0.83035,0.83046,1.37,1.47
2016.01.08 11:00:02.563,0.83034,0.83048,1.95,1.50
2016.01.08 11:00:03.476,0.83035,0.83048,1.37,2.25
2016.01.08 11:00:04.404,0.83034,0.83047,1.95,1.10
2016.01.08 11:00:04.930,0.83035,0.83047,1.37,1.20
2016.01.08 11:00:05.183,0.83034,0.83044,1.00,1.00
2016.01.08 11:00:05.285,0.83032,0.83044,1.10,1.50
2016.01.08 11:00:05.489,0.83033,0.83044,1.37,1.50
2016.01.08 11:00:05.590,0.83033,0.83046,1.37,1.00
2016.01.08 11:00:06.109,0.83033,0.83045,1.57,1.00
2016.01.08 11:00:06.974,0.83032,0.83045,1.50,1.00
2016.01.08 11:00:07.179,0.83031,0.83044,1.00,1.50
2016.01.08 11:00:07.555,0.83029,0.83044,1.57,3.37
2016.01.08 11:00:08.172,0.83028,0.83042,3.00,1.00
2016.01.08 11:00:08.554,0.83029,0.8304,1.20,1.00
2016.01.08 11:00:10.458,0.83028,0.8304,1.50,1.00
2016.01.08 11:00:10.790,0.83028,0.83038,1.50,1.00
2016.01.08 11:00:11.307,0.83027,0.83036,1.10,1.75
2016.01.08 11:00:11.460,0.83023,0.83031,1.12,1.12
2016.01.08 11:00:11.863,0.83015,0.83022,2.25,1.00
2016.01.08 11:00:12.015,0.8301,0.83022,2.32,1.00
2016.01.08 11:00:12.116,0.8301,0.8302,2.32,1.00
2016.01.08 11:00:12.522,0.83009,0.83018,2.32,1.00
2016.01.08 11:00:12.993,0.83007,0.83018,2.25,1.12
2016.01.08 11:00:13.516,0.83007,0.83018,1.50,1.00
2016.01.08 11:00:14.515,0.83002,0.83012,2.25,1.87
2016.01.08 11:00:15.210,0.83002,0.83011,2.25,1.37
2016.01.08 11:00:15.740,0.82998,0.83012,1.12,1.87
2016.01.08 11:00:16.368,0.82998,0.83011,2.62,1.37
2016.01.08 11:00:16.962,0.82999,0.83012,1.00,1.87
2016.01.08 11:00:19.023,0.82996,0.83009,1.20,1.10
2016.01.08 11:00:19.074,0.82996,0.83006,1.00,1.37
2016.01.08 11:00:19.277,0.82989,0.83003,1.20,1.37
2016.01.08 11:00:19.379,0.82987,0.83002,1.87,1.95
2016.01.08 11:00:20.029,0.82986,0.83,1.12,1.12
2016.01.08 11:00:20.182,0.82984,0.82997,1.00,1.50
2016.01.08 11:00:20.385,0.82981,0.82995,1.95,1.37
2016.01.08 11:00:21.005,0.82985,0.82995,1.50,1.50
2016.01.08 11:00:21.058,0.82987,0.82997,1.85,1.00
2016.01.08 11:00:21.109,0.82989,0.82994,1.27,1.00
2016.01.08 11:00:21.313,0.82988,0.82997,2.25,1.37
2016.01.08 11:00:21.415,0.82989,0.82999,1.07,1.00
2016.01.08 11:00:22.275,0.82989,0.83,1.07,1.00
2016.01.08 11:00:22.532,0.82989,0.83002,1.57,1.87
2016.01.08 11:00:22.786,0.82992,0.83003,1.47,1.00
2016.01.08 11:00:22.888,0.82995,0.83009,1.57,1.87
2016.01.08 11:00:22.939,0.82996,0.83009,1.87,1.50
2016.01.08 11:00:22.991,0.83,0.8301,1.87,1.00
2016.01.08 11:00:23.369,0.82997,0.83001,1.12,1.12
2016.01.08 11:00:23.573,0.82979,0.82986,1.75,1.87
2016.01.08 11:00:23.777,0.82975,0.82988,1.00,1.57
2016.01.08 11:00:23.981,0.82976,0.8299,1.10,1.50
2016.01.08 11:00:24.083,0.82978,0.82989,1.00,1.47
2016.01.08 11:00:24.134,0.82978,0.82992,1.00,1.07
2016.01.08 11:00:24.477,0.82979,0.82994,1.00,1.57
2016.01.08 11:00:24.528,0.82981,0.82995,1.47,1.37
2016.01.08 11:00:24.579,0.82981,0.82996,1.57,1.47
2016.01.08 11:00:24.886,0.82979,0.82993,1.50,1.00
2016.01.08 11:00:25.776,0.82982,0.82993,1.37,1.00
2016.01.08 11:00:25.878,0.82981,0.82995,1.57,1.12
2016.01.08 11:00:26.411,0.82981,0.82994,1.57,1.00
2016.01.08 11:00:26.462,0.82982,0.82994,1.37,1.00
2016.01.08 11:00:26.615,0.82986,0.83001,1.50,3.07
2016.01.08 11:00:26.934,0.82988,0.83001,1.75,2.62
2016.01.08 11:00:27.392,0.8299,0.83004,1.07,1.00
2016.01.08 11:00:28.221,0.82992,0.83005,1.57,1.87
2016.01.08 11:00:29.746,0.82993,0.83004,1.37,1.87
2016.01.08 11:00:30.304,0.82993,0.83003,1.10,1.00
2016.01.08 11:00:30.755,0.82995,0.83005,1.47,1.00
2016.01.08 11:00:31.425,0.82996,0.83008,1.37,1.12
2016.01.08 11:00:32.084,0.82995,0.83006,1.10,1.37
2016.01.08 11:00:32.542,0.82993,0.83007,1.20,1.12
2016.01.08 11:00:33.016,0.82993,0.83008,1.20,2.32
2016.01.08 11:00:33.548,0.82993,0.83008,1.27,1.50
2016.01.08 11:00:34.104,0.82995,0.83008,1.20,1.00
2016.01.08 11:00:34.155,0.83,0.8301,1.12,1.10
2016.01.08 11:00:34.208,0.83,0.83012,1.50,1.75
2016.01.08 11:00:34.259,0.83002,0.83012,1.00,1.00
2016.01.08 11:00:34.311,0.83002,0.83015,1.47,1.47
2016.01.08 11:00:34.362,0.83002,0.83015,1.82,1.00
2016.01.08 11:00:34.779,0.83005,0.83019,1.57,1.95
2016.01.08 11:00:35.357,0.83006,0.83018,1.12,1.12
2016.01.08 11:00:36.647,0.83005,0.83019,1.85,1.95
2016.01.08 11:00:38.170,0.83004,0.83019,1.87,2.70
2016.01.08 11:00:39.718,0.83006,0.83021,2.20,2.40
2016.01.08 11:00:39.770,0.83009,0.83019,1.00,1.00
2016.01.08 11:00:42.337,0.83006,0.8302,1.20,1.85
2016.01.08 11:00:42.389,0.83007,0.83018,1.00,1.00
2016.01.08 11:00:43.890,0.83012,0.83018,1.00,1.00
2016.01.08 11:00:44.094,0.83019,0.83029,1.00,1.75
2016.01.08 11:00:44.297,0.83017,0.8303,1.12,1.95
2016.01.08 11:00:44.551,0.83021,0.83031,1.00,1.20
2016.01.08 11:00:45.096,0.83021,0.83031,1.00,1.95
2016.01.08 11:00:45.779,0.83021,0.83031,1.00,1.20
2016.01.08 11:00:46.949,0.83021,0.83031,1.00,1.95
2016.01.08 11:00:47.485,0.83021,0.83031,1.00,1.20
2016.01.08 11:00:47.588,0.83017,0.8303,1.85,1.12
2016.01.08 11:00:48.114,0.83016,0.83029,1.85,1.07
2016.01.08 11:00:49.604,0.83027,0.83032,1.87,1.12
2016.01.08 11:00:49.656,0.83029,0.83042,1.37,1.57
2016.01.08 11:00:49.860,0.8303,0.83045,1.87,2.70
2016.01.08 11:00:50.125,0.83031,0.83046,1.57,1.07
2016.01.08 11:00:50.782,0.8303,0.83046,2.70,1.07
2016.01.08 11:00:50.834,0.8303,0.83045,1.12,1.47
2016.01.08 11:00:50.936,0.83028,0.83043,2.77,1.45
2016.01.08 11:00:51.443,0.83027,0.83042,2.32,1.07
2016.01.08 11:00:54.457,0.83027,0.83043,1.82,1.07
2016.01.08 11:00:54.965,0.83028,0.83044,1.50,2.70
2016.01.08 11:00:55.589,0.83034,0.83044,1.57,1.00
2016.01.08 11:00:55.694,0.83038,0.8305,1.47,1.87
2016.01.08 11:00:55.798,0.83036,0.83048,1.00,1.95
2016.01.08 11:00:55.951,0.83032,0.83047,1.37,1.50
2016.01.08 11:00:56.002,0.83031,0.83046,1.95,1.57
2016.01.08 11:00:56.549,0.83031,0.83046,1.95,2.32
2016.01.08 11:00:56.859,0.83029,0.83041,2.62,1.37
2016.01.08 11:00:57.215,0.83026,0.83042,1.95,1.20
2016.01.08 11:00:57.862,0.83027,0.83042,1.07,1.10
2016.01.08 11:00:58.702,0.83029,0.83042,1.37,1.10
2016.01.08 11:00:59.215,0.83029,0.83044,1.95,1.50
2016.01.08 11:01:01.619,0.83029,0.83046,3.00,3.75
2016.01.08 11:01:01.822,0.83029,0.83044,1.47,1.57
2016.01.08 11:01:02.388,0.83029,0.83044,1.10,1.20
2016.01.08 11:01:02.693,0.83032,0.83045,1.10,1.50
2016.01.08 11:01:02.998,0.83034,0.83045,1.12,1.00
2016.01.08 11:01:03.049,0.83033,0.83048,1.57,2.32
2016.01.08 11:01:03.100,0.83036,0.83048,1.12,1.50
2016.01.08 11:01:03.647,0.83036,0.83046,1.37,1.00
2016.01.08 11:01:03.812,0.83041,0.83054,1.12,3.37
2016.01.08 11:01:04.326,0.83041,0.83053,1.12,1.95
2016.01.08 11:01:04.880,0.83041,0.83053,1.12,1.20
2016.01.08 11:01:05.526,0.83041,0.83053,1.12,1.95
2016.01.08 11:01:06.221,0.83041,0.83053,1.12,1.20
2016.01.08 11:01:06.807,0.83041,0.83053,1.95,1.37
2016.01.08 11:01:07.418,0.83043,0.83053,1.00,1.12
2016.01.08 11:01:07.882,0.83039,0.83047,1.00,1.37
2016.01.08 11:01:07.987,0.83034,0.83045,1.12,1.00
2016.01.08 11:01:08.038,0.83034,0.83045,1.37,1.37
2016.01.08 11:01:08.191,0.83032,0.83043,1.95,1.00
2016.01.08 11:01:08.242,0.83032,0.83045,3.37,1.50
2016.01.08 11:01:08.293,0.83037,0.83047,1.00,1.95
2016.01.08 11:01:08.446,0.83038,0.83049,1.45,1.00
2016.01.08 11:01:08.548,0.83041,0.83051,1.37,1.00
2016.01.08 11:01:09.005,0.83047,0.83057,1.00,2.62
2016.01.08 11:01:09.319,0.83048,0.83057,1.47,1.87
2016.01.08 11:01:09.724,0.83048,0.83058,1.10,1.87
2016.01.08 11:01:10.301,0.83048,0.83061,1.00,1.12
2016.01.08 11:01:11.726,0.83044,0.83054,2.62,1.00
2016.01.08 11:01:11.779,0.83044,0.83054,2.25,1.00
2016.01.08 11:01:12.298,0.83045,0.83054,1.57,1.50
2016.01.08 11:01:13.067,0.83044,0.83054,2.25,1.00
2016.01.08 11:01:13.613,0.83045,0.83054,2.02,1.37
2016.01.08 11:01:14.465,0.83045,0.83055,1.27,1.37
2016.01.08 11:01:14.974,0.83045,0.83054,2.02,1.37
2016.01.08 11:01:15.479,0.83044,0.8305,1.95,1.00
2016.01.08 11:01:15.581,0.8304,0.83049,1.12,1.10
2016.01.08 11:01:15.921,0.83039,0.83051,1.12,1.50
2016.01.08 11:01:16.074,0.83037,0.83051,1.10,3.82
2016.01.08 11:01:16.227,0.83035,0.83045,1.57,1.00
2016.01.08 11:01:16.734,0.83035,0.83048,1.00,1.95
2016.01.08 11:01:17.651,0.83034,0.83047,1.00,1.95
2016.01.08 11:01:21.852,0.83033,0.83045,1.50,1.50
2016.01.08 11:01:22.106,0.83026,0.83039,1.07,1.75
2016.01.08 11:01:22.208,0.83024,0.83037,1.47,1.75
2016.01.08 11:01:22.721,0.83022,0.83033,1.47,1.00
2016.01.08 11:01:23.188,0.83021,0.83034,1.50,1.20
2016.01.08 11:01:23.391,0.83022,0.83034,1.20,1.10
2016.01.08 11:01:24.466,0.83021,0.83035,1.12,3.00
2016.01.08 11:01:25.228,0.83019,0.83029,1.20,1.00
2016.01.08 11:01:25.801,0.83019,0.83033,1.50,1.95
2016.01.08 11:01:28.592,0.83018,0.83032,1.57,1.20
2016.01.08 11:01:29.988,0.83016,0.8303,1.12,2.32
2016.01.08 11:01:30.496,0.83014,0.8303,1.82,2.32
2016.01.08 11:01:30.998,0.83017,0.83027,1.00,1.00
2016.01.08 11:01:31.796,0.83014,0.83028,1.82,1.50
2016.01.08 11:01:33.185,0.83014,0.8303,2.32,2.32
2016.01.08 11:01:33.739,0.83015,0.83029,1.87,1.87
2016.01.08 11:01:34.787,0.83016,0.83028,1.95,1.00
2016.01.08 11:01:35.295,0.83019,0.83029,1.00,1.00
2016.01.08 11:01:36.069,0.83022,0.83029,1.37,1.50
2016.01.08 11:01:36.171,0.83025,0.83037,1.57,3.00
2016.01.08 11:01:36.222,0.83026,0.83039,1.20,1.20
2016.01.08 11:01:36.324,0.83026,0.8304,3.75,1.50
2016.01.08 11:01:37.083,0.83027,0.8304,1.95,1.75
2016.01.08 11:01:37.236,0.83029,0.83042,2.77,2.25
2016.01.08 11:01:37.287,0.8303,0.83044,1.20,3.07
2016.01.08 11:01:37.492,0.83033,0.83045,1.12,1.50
2016.01.08 11:01:38.117,0.83035,0.83046,1.10,2.70
2016.01.08 11:01:38.626,0.83035,0.83046,1.20,3.00
2016.01.08 11:01:43.663,0.83032,0.83042,1.57,1.00
2016.01.08 11:01:47.911,0.83032,0.83046,1.57,1.87
2016.01.08 11:01:48.321,0.83035,0.83047,2.02,2.25
2016.01.08 11:01:56.449,0.83034,0.83047,2.62,2.25
2016.01.08 11:01:58.034,0.83034,0.83047,2.62,2.25
2016.01.08 11:01:58.753,0.83034,0.83047,2.25,2.62
2016.01.08 11:02:01.030,0.83034,0.83046,2.62,2.25
2016.01.08 11:02:03.873,0.83036,0.83046,1.00,2.25
2016.01.08 11:02:03.924,0.83036,0.83048,1.87,1.20
2016.01.08 11:02:03.976,0.83041,0.83051,1.12,1.37
2016.01.08 11:02:04.281,0.83042,0.83056,3.45,1.95
2016.01.08 11:02:06.666,0.83044,0.83057,2.40,2.25
2016.01.08 11:02:06.980,0.83049,0.83061,2.32,2.25
2016.01.08 11:02:07.437,0.83049,0.83061,3.07,2.25
2016.01.08 11:02:08.506,0.8305,0.83062,1.20,2.25
2016.01.08 11:02:09.007,0.83049,0.83062,2.32,2.25
2016.01.08 11:02:10.419,0.8305,0.83063,1.20,3.07
2016.01.08 11:02:10.968,0.83049,0.83063,1.82,1.47
2016.01.08 11:02:15.085,0.83047,0.83061,3.37,1.12
2016.01.08 11:02:15.138,0.83046,0.83059,1.10,1.12
2016.01.08 11:02:15.641,0.83046,0.83059,1.10,1.87
2016.01.08 11:02:18.122,0.83046,0.83056,1.00,1.12
2016.01.08 11:02:19.584,0.83046,0.83056,1.12,1.00
2016.01.08 11:02:19.636,0.83048,0.83059,1.95,1.37
2016.01.08 11:02:20.463,0.83053,0.83061,1.10,1.00
2016.01.08 11:02:20.769,0.83055,0.83065,1.20,1.12
2016.01.08 11:02:22.504,0.83055,0.83066,1.20,1.12
2016.01.08 11:02:23.006,0.83054,0.83064,1.00,1.12
2016.01.08 11:02:23.057,0.83054,0.83064,1.00,2.62
2016.01.08 11:02:23.159,0.83054,0.83064,1.00,1.37
2016.01.08 11:02:23.728,0.83054,0.83068,1.50,3.37
2016.01.08 11:02:24.742,0.83053,0.83063,2.62,1.00
2016.01.08 11:02:24.844,0.83053,0.83063,1.00,1.37
2016.01.08 11:02:25.569,0.83056,0.83067,1.00,3.75
2016.01.08 11:02:26.027,0.83054,0.83065,1.00,1.50
2016.01.08 11:02:26.535,0.83053,0.83062,2.25,1.87
2016.01.08 11:02:26.871,0.8305,0.83061,1.47,1.37
2016.01.08 11:02:27.422,0.83049,0.83061,1.82,1.00
2016.01.08 11:02:30.337,0.8305,0.83061,1.47,1.50
2016.01.08 11:02:31.297,0.83049,0.83061,1.27,1.00
2016.01.08 11:02:32.077,0.8305,0.83061,1.37,1.50
2016.01.08 11:02:32.794,0.83049,0.83061,1.27,1.00
2016.01.08 11:02:32.947,0.83051,0.83061,2.62,1.12
2016.01.08 11:02:32.998,0.83052,0.83063,1.12,1.10
2016.01.08 11:02:33.300,0.83052,0.83065,1.50,1.00
2016.01.08 11:02:33.570,0.83053,0.83065,1.27,1.37
2016.01.08 11:02:34.254,0.83054,0.83065,1.45,1.12
2016.01.08 11:02:35.161,0.83054,0.83065,1.12,1.12
2016.01.08 11:02:36.307,0.83052,0.83061,1.12,1.37
2016.01.08 11:02:36.410,0.83049,0.83058,1.50,1.50
2016.01.08 11:02:36.462,0.83052,0.83058,1.00,1.00
2016.01.08 11:02:36.564,0.83046,0.83057,1.50,1.87
2016.01.08 11:02:36.667,0.83043,0.83057,1.47,3.37
2016.01.08 11:02:36.871,0.83041,0.83055,2.32,3.07
2016.01.08 11:02:37.514,0.83041,0.83055,1.10,3.37
2016.01.08 11:02:38.208,0.8304,0.83054,3.37,1.20
2016.01.08 11:02:38.876,0.8304,0.83051,1.37,1.12
2016.01.08 11:02:38.927,0.83039,0.8305,2.62,1.00
2016.01.08 11:02:40.148,0.83039,0.83051,2.25,1.12
2016.01.08 11:02:45.046,0.83038,0.83049,1.50,1.37
2016.01.08 11:02:45.997,0.83039,0.83051,1.37,2.25
2016.01.08 11:02:46.507,0.83039,0.83049,1.37,1.00
2016.01.08 11:02:49.272,0.83039,0.83051,1.12,1.75
2016.01.08 11:02:58.088,0.83041,0.83052,1.00,1.50
2016.01.08 11:03:00.896,0.83038,0.83049,1.87,1.75
2016.01.08 11:03:00.998,0.83038,0.83047,1.00,2.02
2016.01.08 11:03:01.100,0.83036,0.83047,1.50,2.02
2016.01.08 11:03:01.427,0.83036,0.83047,1.75,2.02
2016.01.08 11:03:02.053,0.83034,0.83047,2.25,1.27
2016.01.08 11:03:03.148,0.83035,0.83047,1.75,2.02
2016.01.08 11:03:03.678,0.83035,0.83047,1.75,1.27
2016.01.08 11:03:03.932,0.83034,0.83047,2.25,2.02
2016.01.08 11:03:04.444,0.83037,0.83048,1.00,1.57
2016.01.08 11:03:05.489,0.83035,0.83046,1.95,1.00
2016.01.08 11:03:05.540,0.83034,0.83045,1.12,1.50
2016.01.08 11:03:05.643,0.83031,0.83042,1.00,1.00
2016.01.08 11:03:05.944,0.83028,0.83041,1.85,1.57
2016.01.08 11:03:08.241,0.83027,0.83041,1.37,1.75
2016.01.08 11:03:10.660,0.83024,0.83037,1.20,1.12
2016.01.08 11:03:10.712,0.83024,0.83037,1.47,1.87
2016.01.08 11:03:10.763,0.83024,0.83034,1.00,1.12
2016.01.08 11:03:11.119,0.83023,0.83033,1.00,1.87
2016.01.08 11:03:11.847,0.83017,0.83028,2.25,1.00
2016.01.08 11:03:11.899,0.83017,0.83028,2.25,1.12
2016.01.08 11:03:12.356,0.83018,0.83027,1.47,1.12
2016.01.08 11:03:12.407,0.83014,0.83025,3.00,1.12
2016.01.08 11:03:12.459,0.83014,0.83024,2.62,1.12
2016.01.08 11:03:12.663,0.83013,0.83022,1.47,1.12
2016.01.08 11:03:13.012,0.8301,0.83021,1.57,1.12
2016.01.08 11:03:13.114,0.83009,0.8302,1.50,1.12
2016.01.08 11:03:13.166,0.83007,0.83017,1.20,1.00
2016.01.08 11:03:13.218,0.83007,0.83018,1.10,1.75
2016.01.08 11:03:13.730,0.83006,0.83016,1.87,1.12
2016.01.08 11:03:14.592,0.83006,0.83016,1.10,1.12
2016.01.08 11:03:15.048,0.83005,0.83016,1.87,1.37
2016.01.08 11:03:15.607,0.83004,0.83015,1.37,1.57
2016.01.08 11:03:15.665,0.83001,0.83013,1.37,1.87
2016.01.08 11:03:16.172,0.83002,0.83015,1.00,1.85
2016.01.08 11:03:16.719,0.83002,0.83014,1.07,1.12
2016.01.08 11:03:17.772,0.83003,0.83014,1.47,1.12
2016.01.08 11:03:18.598,0.83002,0.83014,1.95,1.12
2016.01.08 11:03:19.101,0.83002,0.83013,1.95,1.12
2016.01.08 11:03:20.455,0.83004,0.83015,1.00,2.70
2016.01.08 11:03:22.415,0.83005,0.83015,1.00,2.70
2016.01.08 11:03:25.476,0.83004,0.83014,1.00,1.37
2016.01.08 11:03:28.634,0.83004,0.83014,1.00,1.47
2016.01.08 11:03:30.195,0.83002,0.83015,2.25,2.62
2016.01.08 11:03:32.248,0.83004,0.83015,1.75,1.87
2016.01.08 11:03:40.522,0.83005,0.83017,1.75,2.25
2016.01.08 11:03:40.623,0.83006,0.83018,1.75,1.95
2016.01.08 11:03:41.130,0.83009,0.83018,1.00,1.95
2016.01.08 11:03:41.673,0.83007,0.83018,1.75,1.95
2016.01.08 11:03:43.320,0.83007,0.83018,2.25,1.87
2016.01.08 11:03:43.860,0.83007,0.83018,1.37,2.62
2016.01.08 11:03:44.643,0.83006,0.83018,1.37,3.00
2016.01.08 11:03:45.155,0.83006,0.83018,1.50,2.62
2016.01.08 11:03:45.675,0.83006,0.83019,2.40,2.25
2016.01.08 11:03:46.025,0.8301,0.8302,1.00,1.37
2016.01.08 11:03:46.534,0.83009,0.83021,1.85,1.87
2016.01.08 11:03:47.053,0.8301,0.83021,1.00,3.00
2016.01.08 11:03:48.068,0.8301,0.83019,1.00,1.87
2016.01.08 11:03:48.372,0.83006,0.83016,1.87,1.87
2016.01.08 11:03:48.888,0.83007,0.83016,1.12,2.62
2016.01.08 11:03:49.392,0.83007,0.83014,1.12,1.87
2016.01.08 11:03:52.284,0.83002,0.83009,1.50,1.87
2016.01.08 11:03:52.487,0.83,0.83009,1.00,1.87
2016.01.08 11:03:54.004,0.82998,0.8301,1.95,2.32
2016.01.08 11:03:54.525,0.82997,0.8301,2.62,2.32
2016.01.08 11:03:54.577,0.82998,0.8301,1.37,1.20
2016.01.08 11:03:56.654,0.82998,0.83011,1.50,2.32
2016.01.08 11:03:56.806,0.83002,0.83012,1.12,1.75
2016.01.08 11:03:56.908,0.83005,0.83016,1.75,1.12
2016.01.08 11:03:57.010,0.83006,0.83016,1.46,1.12
2016.01.08 11:03:57.316,0.83006,0.83019,1.84,3.37
2016.01.08 11:03:58.071,0.83008,0.83019,1.37,2.25
2016.01.08 11:03:58.580,0.83008,0.83019,1.12,1.87
2016.01.08 11:03:59.099,0.83009,0.83019,1.00,1.87
2016.01.08 11:04:02.265,0.83009,0.83017,1.00,1.87
2016.01.08 11:04:03.398,0.83006,0.83015,2.25,1.87
2016.01.08 11:04:03.501,0.83005,0.83014,1.00,3.00
2016.01.08 11:04:03.745,0.83003,0.83012,1.00,1.12
2016.01.08 11:04:04.343,0.83002,0.83014,1.20,3.75
2016.01.08 11:04:05.326,0.83003,0.83014,1.12,3.37
2016.01.08 11:04:08.829,0.83002,0.83014,1.20,2.25
2016.01.08 11:04:09.484,0.83003,0.83011,1.37,2.25
2016.01.08 11:04:10.734,0.83005,0.83013,1.00,3.00
2016.01.08 11:04:11.098,0.83003,0.83013,1.75,1.50
2016.01.08 11:04:11.622,0.83001,0.83012,1.85,1.12
2016.01.08 11:04:11.826,0.82997,0.8301,1.87,1.10
2016.01.08 11:04:13.729,0.82997,0.83011,1.75,4.57
2016.01.08 11:04:14.068,0.82998,0.83008,1.00,1.47
2016.01.08 11:04:15.296,0.82998,0.83004,1.00,1.87
2016.01.08 11:04:15.351,0.82995,0.83002,1.00,1.57
2016.01.08 11:04:15.402,0.82995,0.82999,1.00,1.00
2016.01.08 11:04:15.454,0.82992,0.82999,1.00,1.00
2016.01.08 11:04:16.838,0.82992,0.83,1.00,1.75
2016.01.08 11:04:16.889,0.82989,0.82997,1.00,1.00
2016.01.08 11:04:16.941,0.82989,0.83,1.75,1.12
2016.01.08 11:04:17.043,0.82991,0.83,1.50,1.45
2016.01.08 11:04:17.147,0.82991,0.83004,1.87,1.37
2016.01.08 11:04:17.403,0.82996,0.83006,1.37,1.12
2016.01.08 11:04:17.455,0.82996,0.83006,1.50,1.00
2016.01.08 11:04:17.770,0.82996,0.83009,1.20,3.37
2016.01.08 11:04:18.278,0.83,0.8301,1.00,1.57
2016.01.08 11:04:19.016,0.82998,0.83005,1.37,1.37
2016.01.08 11:04:19.321,0.82997,0.83007,1.00,2.62
2016.01.08 11:04:20.451,0.82995,0.83007,1.12,1.50
2016.01.08 11:04:21.077,0.82995,0.83008,1.12,2.62
2016.01.08 11:04:21.408,0.82996,0.83007,1.75,1.00
2016.01.08 11:04:21.748,0.82997,0.83008,1.95,1.75
2016.01.08 11:04:21.850,0.82998,0.8301,1.20,1.50
2016.01.08 11:04:22.429,0.82998,0.8301,1.20,1.75
2016.01.08 11:04:23.314,0.82999,0.83009,1.12,1.50
2016.01.08 11:04:23.818,0.82998,0.8301,1.20,1.75
2016.01.08 11:04:26.819,0.83001,0.83011,1.00,1.87
2016.01.08 11:04:28.122,0.83001,0.8301,1.50,1.00
2016.01.08 11:04:28.657,0.83001,0.83011,1.00,1.37
2016.01.08 11:04:30.346,0.83002,0.83012,1.00,1.75
2016.01.08 11:04:31.952,0.83002,0.83011,1.12,1.37
2016.01.08 11:04:32.053,0.83001,0.83015,1.20,1.87
2016.01.08 11:04:32.593,0.83005,0.83013,1.00,1.00
2016.01.08 11:04:34.141,0.83003,0.83013,1.37,1.50
2016.01.08 11:04:34.345,0.83003,0.83012,1.12,1.75
2016.01.08 11:04:34.861,0.83003,0.83011,1.00,1.00
2016.01.08 11:04:35.401,0.83001,0.83011,1.50,1.00
2016.01.08 11:04:35.909,0.83001,0.83012,1.00,1.87
2016.01.08 11:04:36.443,0.83,0.83011,1.47,1.00
2016.01.08 11:04:37.249,0.83001,0.83012,1.00,1.87
2016.01.08 11:04:37.791,0.83,0.83011,1.47,1.00
2016.01.08 11:04:38.591,0.83,0.83011,1.47,1.50
2016.01.08 11:04:41.266,0.83002,0.8301,1.37,1.00
2016.01.08 11:04:41.581,0.83004,0.83013,1.37,1.87
2016.01.08 11:04:41.887,0.83007,0.83017,1.75,1.12
2016.01.08 11:04:41.989,0.83011,0.83021,2.32,1.37
2016.01.08 11:04:42.091,0.83013,0.83023,1.47,1.12
2016.01.08 11:04:42.823,0.83013,0.83024,2.25,1.12
2016.01.08 11:04:44.355,0.83012,0.83024,1.37,1.12
2016.01.08 11:04:44.406,0.83012,0.83024,1.37,1.87
2016.01.08 11:04:44.610,0.83011,0.83022,1.00,1.50
2016.01.08 11:04:51.070,0.83008,0.83014,3.00,1.37
2016.01.08 11:04:51.181,0.83008,0.83014,1.50,1.00
2016.01.08 11:04:51.386,0.83004,0.83014,1.85,1.50
2016.01.08 11:04:51.438,0.83004,0.83014,1.47,1.87
2016.01.08 11:04:51.642,0.83001,0.83013,2.70,1.37
2016.01.08 11:04:51.794,0.83001,0.83012,1.20,1.75
2016.01.08 11:04:52.310,0.83001,0.83011,1.50,1.00
2016.01.08 11:04:52.616,0.83005,0.83016,1.00,2.25
2016.01.08 11:04:52.921,0.83011,0.83021,1.00,2.32
2016.01.08 11:04:54.085,0.83011,0.83021,1.00,1.37
2016.01.08 11:04:56.525,0.83009,0.8302,3.07,1.00
2016.01.08 11:04:57.065,0.83007,0.83019,2.70,1.37
2016.01.08 11:04:57.573,0.83007,0.83019,2.70,1.12
2016.01.08 11:04:58.349,0.83006,0.83021,3.07,1.12
2016.01.08 11:04:58.863,0.83009,0.83019,1.00,1.00
2016.01.08 11:05:00.414,0.8301,0.83018,1.00,1.12
2016.01.08 11:05:00.746,0.83006,0.83017,1.50,1.12
2016.01.08 11:05:01.602,0.83007,0.83014,1.12,1.00
2016.01.08 11:05:01.653,0.83002,0.83014,2.40,1.12
2016.01.08 11:05:01.755,0.83002,0.83015,1.10,1.95
2016.01.08 11:05:02.161,0.83001,0.83015,2.70,1.57
2016.01.08 11:05:03.277,0.83001,0.83009,1.85,1.50
2016.01.08 11:05:03.369,0.82999,0.83009,1.95,1.12
2016.01.08 11:05:03.420,0.82999,0.83009,1.10,1.12
2016.01.08 11:05:03.935,0.82999,0.83009,1.00,1.87
2016.01.08 11:05:04.545,0.82998,0.83007,1.10,1.12
2016.01.08 11:05:08.699,0.82998,0.83006,1.50,1.00
2016.01.08 11:05:09.556,0.82999,0.83011,1.00,2.40
2016.01.08 11:05:10.275,0.82997,0.83009,2.25,1.12
2016.01.08 11:05:11.990,0.82997,0.83008,3.00,1.37
2016.01.08 11:05:12.684,0.82997,0.83008,2.25,1.00
2016.01.08 11:05:13.192,0.83,0.83009,1.50,1.37
2016.01.08 11:05:13.496,0.83005,0.83019,1.20,3.07
2016.01.08 11:05:14.223,0.83005,0.83017,1.95,1.12
2016.01.08 11:05:14.276,0.83005,0.83019,3.07,2.62
2016.01.08 11:05:14.644,0.83005,0.83019,3.07,1.12
2016.01.08 11:05:19.594,0.83006,0.8302,4.57,1.45
2016.01.08 11:05:19.976,0.83013,0.83023,1.00,1.50
2016.01.08 11:05:20.368,0.8301,0.83023,3.07,1.87
2016.01.08 11:05:20.521,0.8301,0.83023,3.07,1.37
2016.01.08 11:05:21.029,0.8301,0.83023,3.07,1.37
2016.01.08 11:05:21.915,0.83016,0.83029,1.75,1.47
2016.01.08 11:05:22.985,0.83016,0.83028,1.75,1.37
2016.01.08 11:05:23.315,0.83014,0.83027,2.62,2.25
2016.01.08 11:05:23.367,0.83018,0.83026,1.00,1.20
2016.01.08 11:05:23.419,0.83019,0.83027,1.00,1.50
2016.01.08 11:05:23.521,0.83023,0.83034,1.50,1.12
2016.01.08 11:05:23.572,0.83023,0.83034,3.00,1.12
2016.01.08 11:05:24.029,0.83023,0.83037,1.20,3.07
2016.01.08 11:05:25.933,0.83024,0.83036,1.00,2.25
2016.01.08 11:05:28.877,0.83022,0.83036,1.50,3.37
2016.01.08 11:05:28.928,0.83022,0.83034,1.00,1.12
2016.01.08 11:05:30.595,0.83019,0.83033,2.25,2.70
2016.01.08 11:05:31.809,0.83024,0.83035,1.00,1.65
2016.01.08 11:05:31.861,0.83024,0.83035,1.00,1.27
2016.01.08 11:05:32.400,0.83024,0.83034,1.00,1.12
2016.01.08 11:05:32.975,0.83024,0.83035,1.00,1.12
2016.01.08 11:05:33.490,0.83025,0.83035,1.00,1.87
2016.01.08 11:05:33.997,0.83021,0.83035,2.70,1.50
2016.01.08 11:05:34.770,0.83021,0.83035,2.32,1.00
2016.01.08 11:05:35.309,0.83021,0.83035,3.82,1.50
2016.01.08 11:05:35.812,0.83021,0.83035,2.32,1.00
2016.01.08 11:05:37.838,0.83019,0.83027,1.50,1.75
2016.01.08 11:05:37.889,0.83013,0.83023,1.95,1.00
2016.01.08 11:05:38.399,0.83013,0.83022,1.47,1.00
2016.01.08 11:05:46.313,0.83012,0.83023,1.57,1.00
2016.01.08 11:05:47.093,0.83012,0.83023,1.57,1.50
2016.01.08 11:05:47.638,0.83013,0.83023,1.37,1.00
2016.01.08 11:05:48.375,0.83013,0.83023,1.50,1.12
2016.01.08 11:05:49.096,0.83013,0.83023,1.00,1.87
2016.01.08 11:05:49.769,0.83013,0.83023,1.00,1.12
2016.01.08 11:05:50.295,0.83013,0.83023,1.00,1.87
2016.01.08 11:05:51.334,0.83013,0.83023,1.00,1.00
2016.01.08 11:05:53.963,0.83014,0.83023,1.00,1.00
2016.01.08 11:05:56.636,0.83014,0.83026,1.37,1.95
2016.01.08 11:05:56.687,0.83014,0.83028,1.95,2.25
2016.01.08 11:05:57.100,0.83015,0.83027,1.50,1.50
2016.01.08 11:05:57.202,0.83018,0.8303,1.50,1.87
2016.01.08 11:05:57.711,0.83018,0.8303,1.75,1.12
2016.01.08 11:05:58.034,0.83018,0.83027,1.00,1.37
2016.01.08 11:05:58.915,0.83016,0.83027,1.50,3.07
2016.01.08 11:05:59.540,0.83016,0.83026,1.50,1.50
2016.01.08 11:06:00.066,0.83016,0.83027,1.50,3.07
2016.01.08 11:06:00.613,0.83016,0.83027,1.50,3.82
2016.01.08 11:06:01.082,0.83015,0.83025,1.00,1.12
2016.01.08 11:06:01.286,0.83014,0.83025,1.00,2.25
2016.01.08 11:06:01.793,0.83012,0.83023,1.50,1.87
2016.01.08 11:06:02.368,0.83011,0.83023,2.32,1.00
2016.01.08 11:06:02.902,0.83011,0.83023,1.95,1.87
2016.01.08 11:06:03.600,0.83011,0.83023,1.85,1.00
2016.01.08 11:06:04.163,0.83011,0.83023,2.70,1.87
2016.01.08 11:06:04.677,0.83011,0.83023,2.32,1.00
2016.01.08 11:06:05.931,0.83013,0.83024,1.00,1.95
2016.01.08 11:06:07.320,0.83013,0.83023,1.50,1.00
2016.01.08 11:06:07.576,0.83017,0.83026,1.00,1.20
2016.01.08 11:06:08.295,0.83014,0.83027,1.85,2.25
2016.01.08 11:06:08.835,0.83016,0.83028,1.75,2.25
2016.01.08 11:06:09.575,0.83015,0.83028,2.32,1.50
2016.01.08 11:06:10.639,0.83016,0.8303,1.75,2.70
2016.01.08 11:06:11.251,0.83016,0.83029,1.87,1.50
2016.01.08 11:06:11.774,0.83015,0.8303,3.07,2.70
2016.01.08 11:06:12.340,0.83016,0.83029,1.12,1.50
2016.01.08 11:06:12.841,0.83015,0.8303,3.07,2.70
2016.01.08 11:06:13.346,0.83016,0.83029,1.12,1.50
2016.01.08 11:06:14.590,0.83018,0.8303,1.75,2.70
2016.01.08 11:06:15.112,0.83016,0.83029,1.87,1.50
2016.01.08 11:06:15.782,0.83025,0.8303,1.00,2.25
2016.01.08 11:06:15.838,0.83025,0.83032,1.12,1.50
2016.01.08 11:06:15.941,0.83025,0.83032,1.50,1.00
2016.01.08 11:06:15.992,0.83027,0.83037,1.00,1.50
2016.01.08 11:06:16.044,0.83027,0.83037,1.37,1.50
2016.01.08 11:06:16.565,0.83027,0.83039,1.87,1.20
2016.01.08 11:06:17.209,0.83028,0.83038,1.00,1.47
2016.01.08 11:06:18.053,0.83027,0.83038,1.37,1.20
2016.01.08 11:06:21.335,0.83027,0.83039,1.00,2.32
2016.01.08 11:06:21.847,0.83028,0.83038,1.00,1.10
2016.01.08 11:06:22.857,0.83027,0.83038,1.00,1.10
2016.01.08 11:06:23.984,0.83024,0.83037,1.20,2.25
2016.01.08 11:06:24.321,0.83022,0.83035,1.75,1.50
2016.01.08 11:06:24.373,0.83021,0.83033,1.37,1.47
2016.01.08 11:06:24.906,0.83021,0.83033,1.50,1.10
2016.01.08 11:06:26.517,0.83021,0.83033,1.75,1.20
2016.01.08 11:06:27.025,0.83021,0.83033,1.75,1.47
2016.01.08 11:06:27.484,0.83023,0.83033,2.62,1.20
2016.01.08 11:06:27.535,0.83028,0.83036,1.47,1.12
2016.01.08 11:06:27.586,0.83029,0.83037,2.25,1.12
2016.01.08 11:06:27.637,0.83029,0.83042,5.25,1.50
2016.01.08 11:06:27.739,0.83031,0.83043,1.12,1.12
2016.01.08 11:06:30.320,0.83033,0.83047,1.85,3.00
2016.01.08 11:06:31.072,0.83033,0.83046,2.70,1.37
2016.01.08 11:06:32.856,0.83036,0.83046,1.50,1.00
2016.01.08 11:06:32.958,0.83037,0.83048,1.12,1.12
2016.01.08 11:06:33.061,0.83038,0.83049,1.50,1.00
2016.01.08 11:06:33.587,0.83038,0.83051,1.50,1.85
2016.01.08 11:06:35.218,0.83047,0.83051,1.00,1.10
2016.01.08 11:06:35.371,0.83049,0.83055,1.50,1.00
2016.01.08 11:06:35.422,0.8305,0.83057,1.85,1.00
2016.01.08 11:06:35.473,0.83053,0.83061,1.50,1.37
2016.01.08 11:06:35.524,0.83054,0.83064,1.00,1.47
2016.01.08 11:06:35.576,0.83053,0.83064,1.85,1.00
2016.01.08 11:06:36.248,0.83052,0.83058,1.00,1.87
2016.01.08 11:06:36.299,0.83045,0.83057,1.87,1.87
2016.01.08 11:06:36.654,0.83044,0.83054,1.00,1.00
2016.01.08 11:06:39.104,0.83041,0.83054,3.07,1.12
2016.01.08 11:06:39.170,0.83042,0.83054,1.10,1.20
2016.01.08 11:06:40.555,0.83042,0.83053,1.37,1.95
2016.01.08 11:06:40.708,0.83043,0.83054,1.00,1.57
2016.01.08 11:06:40.759,0.83042,0.83055,1.95,1.20
2016.01.08 11:06:42.528,0.83044,0.83055,1.50,1.57
2016.01.08 11:06:42.883,0.83044,0.83057,1.75,1.95
2016.01.08 11:06:44.352,0.83044,0.83055,1.47,1.37
2016.01.08 11:06:44.404,0.83042,0.83053,1.12,1.12
2016.01.08 11:06:44.455,0.83039,0.83053,2.02,2.25
2016.01.08 11:06:44.797,0.83034,0.83048,3.82,1.20
2016.01.08 11:06:45.204,0.83034,0.83048,3.07,1.20
2016.01.08 11:06:46.376,0.83034,0.83044,2.32,1.00
2016.01.08 11:06:46.731,0.83032,0.83046,3.37,1.82
2016.01.08 11:06:47.036,0.83031,0.83041,1.00,1.00
2016.01.08 11:06:47.585,0.8303,0.83044,1.57,1.95
2016.01.08 11:06:48.265,0.8303,0.83043,1.57,1.75
2016.01.08 11:06:48.772,0.83031,0.83043,1.00,1.87
2016.01.08 11:06:49.354,0.83031,0.83043,1.37,1.87
2016.01.08 11:06:50.788,0.83031,0.83043,1.50,1.87
2016.01.08 11:06:50.991,0.83031,0.83044,1.37,1.95
2016.01.08 11:06:52.884,0.8303,0.83043,1.95,1.87
2016.01.08 11:06:53.426,0.83027,0.83039,2.70,1.00
2016.01.08 11:06:53.477,0.83028,0.83041,1.10,1.20
2016.01.08 11:06:55.003,0.83027,0.8304,2.32,1.12
2016.01.08 11:06:55.055,0.83031,0.83041,1.00,1.57
2016.01.08 11:06:55.578,0.83032,0.83042,1.00,1.20
2016.01.08 11:06:58.039,0.83031,0.83042,1.12,1.20
2016.01.08 11:06:58.244,0.83029,0.83039,1.50,1.50
2016.01.08 11:06:58.752,0.8303,0.83039,1.00,1.57
2016.01.08 11:06:59.286,0.83029,0.83039,1.50,1.95
2016.01.08 11:06:59.998,0.8303,0.83039,1.00,1.57
2016.01.08 11:07:00.810,0.83031,0.83039,1.00,1.57
2016.01.08 11:07:01.654,0.83029,0.83036,1.00,1.12
2016.01.08 11:07:01.756,0.83024,0.83032,1.85,1.50
2016.01.08 11:07:01.859,0.83022,0.83029,1.00,1.47
2016.01.08 11:07:02.287,0.83018,0.83029,1.50,2.32
2016.01.08 11:07:02.439,0.83018,0.83027,1.00,1.37
2016.01.08 11:07:03.538,0.83018,0.83026,1.00,1.20
2016.01.08 11:07:05.355,0.83018,0.83026,1.00,1.47
2016.01.08 11:07:05.838,0.83015,0.83025,1.50,1.00
2016.01.08 11:07:05.892,0.83019,0.83028,1.00,1.20
2016.01.08 11:07:05.943,0.83018,0.83027,1.00,1.00
2016.01.08 11:07:06.400,0.83017,0.83027,1.00,1.12
2016.01.08 11:07:06.893,0.83015,0.83024,1.00,1.37
2016.01.08 11:07:07.426,0.83014,0.83025,1.00,1.12
2016.01.08 11:07:07.972,0.83014,0.83025,1.00,1.85
2016.01.08 11:07:10.676,0.83016,0.83024,1.00,1.12
2016.01.08 11:07:11.313,0.83015,0.83025,1.12,1.95
2016.01.08 11:07:11.568,0.83013,0.83023,1.00,1.00
2016.01.08 11:07:12.839,0.83012,0.83024,1.12,1.37
2016.01.08 11:07:13.349,0.83014,0.83024,1.00,1.00
2016.01.08 11:07:13.965,0.83013,0.83025,2.62,1.00
2016.01.08 11:07:14.515,0.83014,0.83025,1.12,1.00
2016.01.08 11:07:14.821,0.83012,0.83024,1.37,1.37
2016.01.08 11:07:14.872,0.83012,0.83023,1.00,1.50
2016.01.08 11:07:14.975,0.83011,0.83023,1.00,1.87
2016.01.08 11:07:15.863,0.8301,0.83022,1.50,1.27
2016.01.08 11:07:17.172,0.83009,0.83023,2.77,2.20
2016.01.08 11:07:17.834,0.83009,0.83019,1.12,1.37
2016.01.08 11:07:18.380,0.8301,0.83019,1.50,1.85
2016.01.08 11:07:18.534,0.83016,0.83025,1.00,1.20
2016.01.08 11:07:18.585,0.83016,0.83025,1.50,1.10
2016.01.08 11:07:19.094,0.83016,0.83027,1.75,1.45
2016.01.08 11:07:19.683,0.83021,0.83028,1.12,1.37
2016.01.08 11:07:19.735,0.83023,0.83033,1.00,1.00
2016.01.08 11:07:20.095,0.83023,0.83035,1.87,1.20
2016.01.08 11:07:20.399,0.83023,0.83036,1.85,1.47
2016.01.08 11:07:21.157,0.83027,0.83038,3.45,1.12
2016.01.08 11:07:21.209,0.83029,0.83041,1.50,1.00
2016.01.08 11:07:21.520,0.83029,0.8304,1.50,1.57
2016.01.08 11:07:21.776,0.83022,0.83036,2.20,1.12
2016.01.08 11:07:21.879,0.83022,0.83035,1.12,1.87
2016.01.08 11:07:22.397,0.83023,0.83033,1.00,1.85
2016.01.08 11:07:22.677,0.8302,0.8303,1.50,1.00
2016.01.08 11:07:24.088,0.83018,0.83028,1.12,1.12
2016.01.08 11:07:24.357,0.83011,0.83024,1.50,1.20
2016.01.08 11:07:25.278,0.83012,0.83023,1.00,1.00
2016.01.08 11:07:25.379,0.83016,0.83025,1.00,1.20
2016.01.08 11:07:25.532,0.83017,0.83031,1.20,1.47
2016.01.08 11:07:25.736,0.83018,0.83032,1.20,1.65
2016.01.08 11:07:26.718,0.8302,0.83033,4.12,1.50
2016.01.08 11:07:26.820,0.83021,0.83036,1.95,3.45
2016.01.08 11:07:27.327,0.83022,0.83036,1.82,1.95
2016.01.08 11:07:27.910,0.83022,0.83036,2.32,1.95
2016.01.08 11:07:28.704,0.83021,0.83035,2.32,1.57
2016.01.08 11:07:29.270,0.83016,0.83025,6.75,1.95
2016.01.08 11:07:29.321,0.8301,0.83023,1.87,1.12
2016.01.08 11:07:33.807,0.83011,0.83021,1.00,1.37
2016.01.08 11:07:33.909,0.83011,0.83024,1.50,1.27
2016.01.08 11:07:34.417,0.83013,0.83023,1.00,1.00
2016.01.08 11:07:34.569,0.83012,0.83025,1.75,1.10
2016.01.08 11:07:35.099,0.83013,0.83027,1.47,1.82
2016.01.08 11:07:35.812,0.83013,0.83026,1.47,1.20
2016.01.08 11:07:37.426,0.83014,0.83028,1.85,1.82
2016.01.08 11:07:38.057,0.83017,0.8303,2.32,1.12
2016.01.08 11:07:38.211,0.83018,0.8303,1.37,1.12
2016.01.08 11:07:38.621,0.83017,0.8303,1.95,1.12
2016.01.08 11:07:39.753,0.83016,0.83028,1.87,1.47
2016.01.08 11:07:39.855,0.83016,0.83029,1.95,1.20
2016.01.08 11:07:40.110,0.83019,0.83032,1.50,1.12
2016.01.08 11:07:40.836,0.8302,0.83032,1.47,1.12
2016.01.08 11:07:41.201,0.8302,0.83032,1.95,1.00
2016.01.08 11:07:41.726,0.83021,0.83035,2.25,1.95
2016.01.08 11:07:42.078,0.8303,0.83036,1.00,1.50
2016.01.08 11:07:42.129,0.8303,0.83041,1.00,2.25
2016.01.08 11:07:42.788,0.8303,0.83041,1.50,1.50
2016.01.08 11:07:43.409,0.83029,0.83041,1.87,1.00
2016.01.08 11:07:43.614,0.83027,0.83041,2.77,1.82
2016.01.08 11:07:44.785,0.83027,0.83041,2.70,1.50
2016.01.08 11:07:45.093,0.83025,0.83037,2.32,1.12
2016.01.08 11:07:46.604,0.83024,0.83035,2.25,2.25
2016.01.08 11:07:46.656,0.83021,0.83032,1.12,1.47
2016.01.08 11:07:47.163,0.8302,0.83031,1.00,1.57
2016.01.08 11:07:47.670,0.83021,0.83028,1.00,1.00
2016.01.08 11:07:48.135,0.83018,0.83028,1.00,1.00
2016.01.08 11:07:50.952,0.83017,0.83028,1.95,1.00
2016.01.08 11:07:52.380,0.83019,0.8303,1.50,1.00
2016.01.08 11:07:53.089,0.83019,0.8303,3.00,1.00
2016.01.08 11:07:53.677,0.83025,0.83035,1.87,2.25
2016.01.08 11:07:53.729,0.83026,0.83035,1.00,1.00
2016.01.08 11:07:54.527,0.83025,0.83035,1.12,1.00
2016.01.08 11:07:55.692,0.83025,0.83038,1.00,3.07
2016.01.08 11:07:55.795,0.83026,0.83038,2.32,1.20
2016.01.08 11:07:55.846,0.83026,0.83038,2.32,1.45
2016.01.08 11:07:55.897,0.83027,0.83038,1.57,1.10
2016.01.08 11:07:57.309,0.83025,0.83039,2.62,1.75
2016.01.08 11:07:57.842,0.83025,0.83036,1.87,1.00
2016.01.08 11:08:00.971,0.83023,0.83038,1.95,1.95
2016.01.08 11:08:01.516,0.83023,0.83035,1.95,1.10
2016.01.08 11:08:04.327,0.83023,0.83035,1.47,1.10
2016.01.08 11:08:04.829,0.83023,0.83034,1.20,1.12
2016.01.08 11:08:04.881,0.83022,0.83033,1.20,1.12
2016.01.08 11:08:05.034,0.83021,0.8303,1.00,1.12
2016.01.08 11:08:05.340,0.83015,0.8303,2.10,3.07
2016.01.08 11:08:05.959,0.83015,0.8303,3.60,2.70
2016.01.08 11:08:06.475,0.83015,0.83029,2.25,1.12
2016.01.08 11:08:07.234,0.83019,0.83031,1.47,1.50
2016.01.08 11:08:07.285,0.83021,0.83033,1.87,2.02
2016.01.08 11:08:07.606,0.8302,0.83033,1.27,1.00
2016.01.08 11:08:08.742,0.83023,0.83036,1.12,3.75
2016.01.08 11:08:09.037,0.83025,0.83037,1.50,1.75
2016.01.08 11:08:09.088,0.83025,0.83039,1.27,1.87
2016.01.08 11:08:09.444,0.83024,0.83039,1.95,2.25
2016.01.08 11:08:09.546,0.83022,0.83037,1.82,1.57
2016.01.08 11:08:09.647,0.83022,0.83035,1.20,1.50
2016.01.08 11:08:10.182,0.83021,0.83035,1.35,1.00
2016.01.08 11:08:12.003,0.83025,0.83035,1.00,1.37
2016.01.08 11:08:14.175,0.83025,0.83035,1.00,1.37
2016.01.08 11:08:14.480,0.83023,0.83034,1.87,1.47
2016.01.08 11:08:14.531,0.83021,0.83034,1.75,1.85
2016.01.08 11:08:14.855,0.83021,0.83031,1.00,1.37
2016.01.08 11:08:16.954,0.8302,0.83033,2.25,1.95
2016.01.08 11:08:17.005,0.8302,0.83033,2.32,1.20
2016.01.08 11:08:17.536,0.83024,0.83035,1.00,1.47
2016.01.08 11:08:20.004,0.83023,0.83034,1.12,1.87
2016.01.08 11:08:20.156,0.83018,0.83031,1.75,1.50
2016.01.08 11:08:20.208,0.83019,0.8303,1.00,1.00
2016.01.08 11:08:23.347,0.83018,0.83031,2.25,1.37
2016.01.08 11:08:23.687,0.83021,0.83035,1.57,1.87
2016.01.08 11:08:23.946,0.83024,0.83035,1.50,1.37
2016.01.08 11:08:23.997,0.83026,0.83035,1.00,1.37
2016.01.08 11:08:24.302,0.83024,0.83035,1.50,1.37
2016.01.08 11:08:24.353,0.83024,0.83035,1.50,1.12
2016.01.08 11:08:24.877,0.83024,0.83036,1.50,1.12
2016.01.08 11:08:27.260,0.83023,0.83035,1.95,1.75
2016.01.08 11:08:28.362,0.83023,0.83036,1.85,1.87
2016.01.08 11:08:30.499,0.83024,0.83035,1.87,1.75
2016.01.08 11:08:30.702,0.83023,0.83035,2.32,1.50
2016.01.08 11:08:33.459,0.83023,0.83035,1.45,1.00
2016.01.08 11:08:34.182,0.83023,0.83035,1.95,1.00
2016.01.08 11:08:37.285,0.83023,0.83036,1.95,1.50
2016.01.08 11:08:38.715,0.83022,0.83036,2.25,1.87
2016.01.08 11:08:39.489,0.83025,0.83036,3.75,1.12
2016.01.08 11:08:39.813,0.83034,0.83046,1.00,1.87
2016.01.08 11:08:40.313,0.8303,0.83044,1.47,1.75
2016.01.08 11:08:40.620,0.83029,0.83042,1.00,1.75
2016.01.08 11:08:41.607,0.83028,0.83041,1.37,1.75
2016.01.08 11:08:42.120,0.83028,0.83042,1.37,1.75
2016.01.08 11:08:45.330,0.83026,0.83037,1.37,1.00
2016.01.08 11:08:45.838,0.83024,0.83039,1.95,2.70
2016.01.08 11:08:45.991,0.83026,0.83036,1.37,1.00
2016.01.08 11:08:46.857,0.83026,0.83036,1.00,1.00
2016.01.08 11:08:48.767,0.83026,0.83036,1.12,1.00
2016.01.08 11:08:48.818,0.83028,0.83038,1.37,1.50
2016.01.08 11:08:48.870,0.8303,0.8304,1.00,1.87
2016.01.08 11:08:48.921,0.83032,0.8304,1.37,1.50
2016.01.08 11:08:48.972,0.83033,0.83045,1.87,1.75
2016.01.08 11:08:49.074,0.83034,0.83046,1.37,1.12
2016.01.08 11:08:49.328,0.83033,0.83047,1.87,1.87
2016.01.08 11:08:49.844,0.83036,0.83047,1.87,1.00
2016.01.08 11:08:50.048,0.83038,0.8305,1.75,1.00
2016.01.08 11:08:50.201,0.83038,0.83051,1.50,1.95
2016.01.08 11:08:50.767,0.83035,0.83049,4.20,1.00
2016.01.08 11:08:51.077,0.83038,0.83051,1.12,1.00
2016.01.08 11:08:51.736,0.83038,0.83053,2.25,1.12
2016.01.08 11:08:57.597,0.83037,0.8305,5.25,1.37
2016.01.08 11:08:57.649,0.83037,0.8305,1.12,1.85
2016.01.08 11:08:57.700,0.83035,0.83051,2.25,5.70
2016.01.08 11:08:57.751,0.83035,0.83046,2.25,1.00
2016.01.08 11:08:58.081,0.83035,0.83049,1.00,4.57
2016.01.08 11:08:58.620,0.83034,0.83049,1.00,1.95
2016.01.08 11:08:58.722,0.83033,0.83048,1.87,1.75
2016.01.08 11:08:58.874,0.83032,0.83046,1.95,1.87
2016.01.08 11:08:59.027,0.83031,0.83045,2.62,1.20
2016.01.08 11:08:59.428,0.83031,0.83045,1.50,4.57
2016.01.08 11:08:59.935,0.83031,0.83044,1.12,1.12
2016.01.08 11:09:02.442,0.83031,0.83045,1.37,1.95
2016.01.08 11:09:02.952,0.83033,0.83043,1.00,1.00
2016.01.08 11:09:03.157,0.83032,0.83045,1.50,3.45
2016.01.08 11:09:03.554,0.83032,0.83044,1.00,1.50
2016.01.08 11:09:04.168,0.83031,0.83044,1.37,1.75
2016.01.08 11:09:04.776,0.8303,0.83044,1.37,1.75
2016.01.08 11:09:05.236,0.8303,0.83045,1.12,1.95
2016.01.08 11:09:05.442,0.83032,0.83046,1.12,1.95
2016.01.08 11:09:06.004,0.83034,0.83044,1.50,1.00
2016.01.08 11:09:10.840,0.83034,0.83048,1.87,1.20
2016.01.08 11:09:12.559,0.83033,0.83044,2.62,1.00
2016.01.08 11:09:12.713,0.83032,0.83045,1.87,1.12
2016.01.08 11:09:13.019,0.83031,0.83044,2.25,1.75
2016.01.08 11:09:13.832,0.83029,0.83042,1.12,1.27
2016.01.08 11:09:14.457,0.8303,0.83043,1.87,1.12
2016.01.08 11:09:15.737,0.83029,0.83044,1.75,1.12
2016.01.08 11:09:16.354,0.83029,0.83038,1.00,1.37
2016.01.08 11:09:16.406,0.83023,0.83038,1.95,1.75
2016.01.08 11:09:16.457,0.83023,0.83038,1.95,1.75
2016.01.08 11:09:17.485,0.83026,0.83038,1.12,1.50
2016.01.08 11:09:17.790,0.83029,0.83039,1.00,1.00
2016.01.08 11:09:18.449,0.83026,0.83033,1.00,1.00
2016.01.08 11:09:19.079,0.83028,0.83036,1.00,1.12
2016.01.08 11:09:21.745,0.83025,0.83034,1.00,1.12
2016.01.08 11:09:22.249,0.83026,0.83033,1.00,1.00
2016.01.08 11:09:22.763,0.83026,0.83033,1.00,1.75
2016.01.08 11:09:22.915,0.8302,0.8303,1.00,1.10
2016.01.08 11:09:23.198,0.83018,0.83028,1.37,1.95
2016.01.08 11:09:23.250,0.83018,0.83026,1.00,1.37
2016.01.08 11:09:23.839,0.83015,0.83027,1.12,1.20
2016.01.08 11:09:24.740,0.83014,0.83026,2.25,1.20
2016.01.08 11:09:24.791,0.83013,0.83025,1.12,1.75
2016.01.08 11:09:24.944,0.83014,0.83025,1.37,1.50
2016.01.08 11:09:25.249,0.83015,0.83029,3.00,1.47
2016.01.08 11:09:25.566,0.83012,0.83022,1.87,1.00
2016.01.08 11:09:27.980,0.83012,0.83025,1.87,1.50
2016.01.08 11:09:28.699,0.83014,0.83026,1.50,1.75
2016.01.08 11:09:29.591,0.83015,0.83027,1.75,1.20
2016.01.08 11:09:30.103,0.83015,0.83027,1.37,1.75
2016.01.08 11:09:30.361,0.83016,0.83028,1.75,2.25
2016.01.08 11:09:30.935,0.83016,0.83025,1.50,1.00
2016.01.08 11:09:31.138,0.83015,0.83025,1.87,1.00
2016.01.08 11:09:31.761,0.83015,0.83025,1.87,1.00
2016.01.08 11:09:32.210,0.83015,0.83025,2.25,1.00
2016.01.08 11:09:32.755,0.83015,0.83025,1.87,1.00
2016.01.08 11:09:33.262,0.83016,0.83026,1.87,1.00
2016.01.08 11:09:33.669,0.83019,0.83028,1.00,1.37
2016.01.08 11:09:33.727,0.83019,0.83028,1.00,1.12
2016.01.08 11:09:34.151,0.83019,0.83031,1.50,1.87
2016.01.08 11:09:34.202,0.83022,0.83031,1.10,1.87
2016.01.08 11:09:34.253,0.83026,0.83031,1.00,1.37
2016.01.08 11:09:34.304,0.83028,0.83032,1.00,1.00
2016.01.08 11:09:34.356,0.83028,0.83038,1.00,1.12
2016.01.08 11:09:34.407,0.83028,0.83039,1.37,1.50
2016.01.08 11:09:35.073,0.83032,0.8304,1.00,1.50
2016.01.08 11:09:35.125,0.8303,0.83039,1.00,1.00
2016.01.08 11:09:35.671,0.83029,0.83039,1.12,1.00
2016.01.08 11:09:36.644,0.8303,0.83042,1.00,1.87
2016.01.08 11:09:36.695,0.8303,0.83042,1.12,1.87
2016.01.08 11:09:36.797,0.8303,0.83042,2.32,1.87
2016.01.08 11:09:39.694,0.83029,0.83042,1.37,1.95
2016.01.08 11:09:40.742,0.83031,0.83042,1.00,1.95
2016.01.08 11:09:41.249,0.83032,0.83044,1.00,1.12
2016.01.08 11:09:41.352,0.83032,0.83045,1.37,1.87
2016.01.08 11:09:44.304,0.83033,0.83045,1.50,1.50
2016.01.08 11:09:49.107,0.8303,0.83044,2.25,1.20
2016.01.08 11:09:49.992,0.83031,0.83043,1.20,1.00
2016.01.08 11:09:50.820,0.8303,0.83045,1.50,2.25
2016.01.08 11:09:51.912,0.83031,0.83045,1.95,1.12
2016.01.08 11:09:52.015,0.8303,0.83042,1.47,1.00
2016.01.08 11:09:52.117,0.8303,0.8304,1.10,1.00
2016.01.08 11:09:52.422,0.83028,0.83042,1.50,1.12
2016.01.08 11:09:52.936,0.83026,0.83039,1.82,1.00
2016.01.08 11:09:58.725,0.83029,0.83039,1.00,1.00
2016.01.08 11:10:04.375,0.83029,0.83041,1.37,1.20
2016.01.08 11:10:07.364,0.83029,0.83038,1.37,2.62
2016.01.08 11:10:07.972,0.83026,0.83036,1.87,1.87
2016.01.08 11:10:08.024,0.83022,0.83036,1.12,2.32
2016.01.08 11:10:08.533,0.83023,0.83036,1.00,1.75
2016.01.08 11:10:08.970,0.83024,0.83036,1.75,1.50
2016.01.08 11:10:09.303,0.83027,0.8304,1.95,1.37
2016.01.08 11:10:10.676,0.83026,0.83034,1.12,1.12
2016.01.08 11:10:10.778,0.83024,0.83033,1.12,1.12
2016.01.08 11:10:10.880,0.83024,0.83037,2.32,3.00
2016.01.08 11:10:11.177,0.83022,0.83033,1.00,1.95
2016.01.08 11:10:11.430,0.8302,0.83033,1.12,2.77
2016.01.08 11:10:12.530,0.83019,0.83031,1.50,1.85
2016.01.08 11:10:12.582,0.8302,0.83031,2.25,1.20
2016.01.08 11:10:13.089,0.83021,0.83034,2.70,1.20
2016.01.08 11:10:13.626,0.83025,0.83034,1.00,1.95
2016.01.08 11:10:13.930,0.83025,0.83034,1.00,1.95
2016.01.08 11:10:14.585,0.83023,0.83034,1.00,1.85
2016.01.08 11:10:15.103,0.83023,0.83034,1.00,1.95
2016.01.08 11:10:17.898,0.83024,0.83032,1.00,1.37
2016.01.08 11:10:18.401,0.83024,0.83033,1.00,1.47
2016.01.08 11:10:21.956,0.83022,0.83033,1.00,1.57
2016.01.08 11:10:22.007,0.83022,0.83032,1.00,1.20
2016.01.08 11:10:22.514,0.83021,0.83029,1.00,1.50
2016.01.08 11:10:23.868,0.83019,0.83032,1.00,3.37
2016.01.08 11:10:25.268,0.8302,0.83032,1.00,3.37
2016.01.08 11:10:26.373,0.8302,0.8303,1.00,1.57
2016.01.08 11:10:26.936,0.8302,0.83031,1.37,2.62
2016.01.08 11:10:31.578,0.83019,0.8303,1.12,1.47
2016.01.08 11:10:32.196,0.83018,0.83029,1.87,1.12
2016.01.08 11:10:34.099,0.83018,0.8303,2.25,1.37
2016.01.08 11:10:34.319,0.83019,0.8303,1.37,1.37
2016.01.08 11:10:34.624,0.83022,0.83033,1.50,1.12
2016.01.08 11:10:35.242,0.83022,0.83033,1.87,1.12
2016.01.08 11:10:37.079,0.83022,0.83036,2.62,1.87
2016.01.08 11:10:40.798,0.83024,0.83033,1.87,1.00
2016.01.08 11:10:40.849,0.83025,0.83036,1.37,1.50
2016.01.08 11:10:40.951,0.83026,0.83037,1.00,1.12
2016.01.08 11:10:43.907,0.83023,0.83034,2.62,1.00
2016.01.08 11:10:44.009,0.83024,0.83034,1.00,1.50
2016.01.08 11:10:44.112,0.83022,0.83034,1.00,1.85
2016.01.08 11:10:44.663,0.83021,0.83034,1.50,1.20
2016.01.08 11:10:44.867,0.83023,0.83034,1.50,1.20
2016.01.08 11:10:44.969,0.83023,0.83036,3.45,1.57
2016.01.08 11:10:45.020,0.83027,0.83036,1.00,1.10
2016.01.08 11:10:45.528,0.83026,0.83039,2.62,1.85
2016.01.08 11:10:55.867,0.83026,0.83038,1.87,1.85
2016.01.08 11:10:55.969,0.83024,0.83037,1.95,1.12
2016.01.08 11:10:56.274,0.83023,0.83033,1.00,1.00
2016.01.08 11:10:56.477,0.83021,0.83034,1.10,1.85
2016.01.08 11:10:56.837,0.8302,0.8303,3.45,1.00
2016.01.08 11:10:56.939,0.83018,0.83031,2.25,1.37
2016.01.08 11:10:57.458,0.83018,0.83031,2.25,1.12
2016.01.08 11:10:58.531,0.83018,0.83031,2.25,1.37
2016.01.08 11:10:58.684,0.83018,0.83031,1.50,1.20
2016.01.08 11:10:59.371,0.83017,0.83029,1.00,1.20
2016.01.08 11:10:59.924,0.83016,0.83029,1.20,1.85
2016.01.08 11:11:03.450,0.83014,0.83029,2.02,2.40
2016.01.08 11:11:03.552,0.83012,0.83025,1.87,1.50
2016.01.08 11:11:03.654,0.83012,0.83024,1.12,1.45
2016.01.08 11:11:04.694,0.83011,0.83024,2.32,1.12
2016.01.08 11:11:04.999,0.83008,0.8302,1.50,1.50
2016.01.08 11:11:05.101,0.83007,0.83021,1.12,3.07
2016.01.08 11:11:06.206,0.83007,0.83021,1.12,3.07
2016.01.08 11:11:06.921,0.83007,0.83018,1.12,1.50
2016.01.08 11:11:07.446,0.83007,0.83018,1.12,1.00
2016.01.08 11:11:09.508,0.83006,0.83018,1.50,1.50
2016.01.08 11:11:10.108,0.83006,0.83018,1.37,1.00
2016.01.08 11:11:10.261,0.83004,0.83015,1.12,1.37
2016.01.08 11:11:10.312,0.83003,0.83013,1.50,1.87
2016.01.08 11:11:10.414,0.82999,0.8301,1.75,1.50
2016.01.08 11:11:10.515,0.82997,0.83008,1.12,1.57
2016.01.08 11:11:10.826,0.82996,0.83006,1.00,1.00
2016.01.08 11:11:11.386,0.83,0.83008,1.00,1.07
2016.01.08 11:11:11.590,0.82999,0.83011,1.87,1.85
2016.01.08 11:11:12.004,0.82999,0.83011,1.00,1.85
2016.01.08 11:11:12.207,0.82996,0.83011,3.00,1.95
2016.01.08 11:11:13.264,0.82998,0.83011,1.12,1.95
2016.01.08 11:11:13.981,0.82998,0.83012,1.85,2.32
2016.01.08 11:11:14.718,0.82998,0.83012,1.85,2.25
2016.01.08 11:11:15.024,0.82998,0.83011,1.12,1.20
2016.01.08 11:11:22.122,0.82998,0.83009,1.50,1.12
2016.01.08 11:11:23.140,0.82998,0.83009,1.00,1.12
2016.01.08 11:11:23.651,0.82996,0.83009,1.47,2.20
2016.01.08 11:11:28.953,0.83,0.83012,1.75,1.57
2016.01.08 11:11:29.258,0.83002,0.83013,1.87,1.57
2016.01.08 11:11:31.850,0.83002,0.83014,1.87,1.20
2016.01.08 11:11:32.360,0.83002,0.83014,1.87,1.65
2016.01.08 11:11:32.873,0.83002,0.83014,1.87,1.20
2016.01.08 11:11:33.928,0.83002,0.83014,1.87,1.65
2016.01.08 11:11:34.638,0.83002,0.83014,1.87,1.20
2016.01.08 11:11:35.538,0.83002,0.83014,1.12,1.20
2016.01.08 11:11:37.347,0.83004,0.83014,1.12,1.95
2016.01.08 11:11:38.090,0.83003,0.83014,1.50,1.20
2016.01.08 11:11:43.218,0.83002,0.83015,1.75,1.45
2016.01.08 11:11:44.609,0.83001,0.83012,1.37,1.57
2016.01.08 11:11:44.661,0.83,0.8301,1.00,1.95
2016.01.08 11:11:45.205,0.83,0.8301,1.00,1.20
2016.01.08 11:11:46.878,0.83,0.8301,1.37,1.10
2016.01.08 11:11:47.363,0.83006,0.83016,1.12,1.00
2016.01.08 11:11:50.393,0.83009,0.8302,1.37,1.75
2016.01.08 11:11:50.690,0.83009,0.83021,1.75,1.95
2016.01.08 11:11:51.194,0.83012,0.83022,1.00,1.95
2016.01.08 11:11:52.501,0.8301,0.83022,1.75,1.45
2016.01.08 11:11:52.654,0.83012,0.83024,1.75,1.12
2016.01.08 11:11:54.316,0.83013,0.83025,1.00,2.70
2016.01.08 11:11:54.469,0.83011,0.83022,1.12,1.37
2016.01.08 11:11:56.230,0.83012,0.83023,1.00,1.87
2016.01.08 11:11:56.383,0.83006,0.83016,1.12,1.00
2016.01.08 11:11:57.187,0.83005,0.83019,1.95,3.15
2016.01.08 11:11:58.125,0.83005,0.83019,3.37,1.37
2016.01.08 11:12:08.220,0.83012,0.83021,1.50,1.95
2016.01.08 11:12:08.271,0.83013,0.83023,1.00,1.75
2016.01.08 11:12:08.322,0.83014,0.83025,1.37,1.37
2016.01.08 11:12:08.702,0.83014,0.83025,2.25,1.00
2016.01.08 11:12:08.753,0.83015,0.83025,1.00,1.00
2016.01.08 11:12:08.855,0.83012,0.83024,3.00,1.37
2016.01.08 11:12:08.907,0.83012,0.83023,1.50,1.00
2016.01.08 11:12:08.958,0.83012,0.83025,1.00,2.62
2016.01.08 11:12:09.060,0.8301,0.83022,1.20,1.20
2016.01.08 11:12:09.793,0.83009,0.83022,1.12,3.00
2016.01.08 11:12:18.167,0.83008,0.83021,1.75,2.25
2016.01.08 11:12:22.774,0.83007,0.8302,1.87,1.82
2016.01.08 11:12:25.961,0.83005,0.83018,1.37,1.57
2016.01.08 11:12:26.064,0.83003,0.83017,1.12,1.95
2016.01.08 11:12:26.535,0.83002,0.83013,1.20,1.00
2016.01.08 11:12:27.151,0.83003,0.83013,1.00,1.12
2016.01.08 11:12:27.253,0.83002,0.83013,1.47,1.00
2016.01.08 11:12:27.356,0.83002,0.83015,1.95,1.12
2016.01.08 11:12:28.097,0.83002,0.83008,1.50,1.37
2016.01.08 11:12:28.148,0.82997,0.83007,1.37,1.00
2016.01.08 11:12:28.656,0.82994,0.83007,1.75,1.45
2016.01.08 11:12:28.758,0.82996,0.83007,1.12,1.50
2016.01.08 11:12:29.529,0.82996,0.83009,1.75,1.57
2016.01.08 11:12:30.366,0.82997,0.83008,1.00,1.75
2016.01.08 11:12:31.089,0.82995,0.83008,1.50,2.25
2016.01.08 11:12:31.598,0.82995,0.83007,2.62,1.50
2016.01.08 11:12:32.481,0.82996,0.83007,1.00,1.37
2016.01.08 11:12:33.168,0.82999,0.83007,1.50,1.00
2016.01.08 11:12:33.681,0.83005,0.83016,1.50,1.00
2016.01.08 11:12:34.182,0.83003,0.83016,2.32,1.00
2016.01.08 11:12:35.009,0.83003,0.83016,1.95,1.87
2016.01.08 11:12:35.540,0.83003,0.83016,1.85,1.12
2016.01.08 11:12:36.108,0.83003,0.83016,1.95,1.00
2016.01.08 11:12:36.483,0.83005,0.83018,3.07,1.37
2016.01.08 11:12:36.788,0.83011,0.83021,1.85,1.00
2016.01.08 11:12:38.117,0.83013,0.83021,1.00,1.00
2016.01.08 11:12:38.764,0.8301,0.83022,1.12,1.00
2016.01.08 11:12:38.866,0.8301,0.83021,1.12,1.37
2016.01.08 11:12:39.200,0.83006,0.83016,1.82,1.00
2016.01.08 11:12:39.954,0.83007,0.83017,1.20,1.00
2016.01.08 11:12:40.056,0.83005,0.83017,2.20,1.00
2016.01.08 11:12:40.596,0.83005,0.83017,2.20,1.00
2016.01.08 11:12:41.167,0.83006,0.83016,1.00,1.00
2016.01.08 11:12:41.410,0.83004,0.83018,4.20,1.12
2016.01.08 11:12:42.010,0.83004,0.83018,4.95,1.37
2016.01.08 11:12:44.432,0.83005,0.83018,1.85,1.12
2016.01.08 11:12:44.483,0.83005,0.83017,1.85,1.00
2016.01.08 11:12:46.125,0.83004,0.83018,1.95,1.50
2016.01.08 11:12:47.029,0.83006,0.83016,1.00,1.00
2016.01.08 11:12:47.890,0.83006,0.83014,1.00,1.12
2016.01.08 11:12:48.447,0.83006,0.83014,1.00,1.37
2016.01.08 11:12:48.955,0.83005,0.83014,1.00,1.37
2016.01.08 11:12:49.473,0.83007,0.83018,1.12,3.00
2016.01.08 11:12:50.255,0.83006,0.83017,1.12,1.00
2016.01.08 11:12:52.012,0.83006,0.83017,1.37,1.00
2016.01.08 11:12:52.562,0.83006,0.83017,1.12,1.00
2016.01.08 11:12:52.967,0.83006,0.83018,1.37,1.37
2016.01.08 11:12:53.119,0.83006,0.8302,1.95,1.20
2016.01.08 11:12:58.055,0.8301,0.83021,1.00,1.20
2016.01.08 11:12:59.495,0.8301,0.83021,1.00,2.70
2016.01.08 11:13:00.830,0.83007,0.8302,1.87,3.00
2016.01.08 11:13:00.983,0.83005,0.83018,2.70,1.75
2016.01.08 11:13:01.499,0.83005,0.83016,1.57,1.00
2016.01.08 11:13:05.971,0.83005,0.83018,1.95,1.50
2016.01.08 11:13:06.074,0.83002,0.83015,2.02,1.37
2016.01.08 11:13:06.176,0.83001,0.83013,1.37,1.37
2016.01.08 11:13:07.540,0.83003,0.83014,1.00,1.95
2016.01.08 11:13:08.674,0.83003,0.83015,1.37,2.25
2016.01.08 11:13:08.994,0.83005,0.83015,1.20,1.00
2016.01.08 11:13:09.530,0.83005,0.83017,1.27,1.50
2016.01.08 11:13:09.969,0.83007,0.83018,1.00,1.87
2016.01.08 11:13:10.388,0.83004,0.83015,2.25,1.87
2016.01.08 11:13:10.648,0.82996,0.83007,1.37,1.00
2016.01.08 11:13:11.362,0.82994,0.83007,1.85,2.62
2016.01.08 11:13:12.437,0.82994,0.83007,1.85,1.87
2016.01.08 11:13:13.451,0.82994,0.83007,1.12,2.62
2016.01.08 11:13:13.981,0.82993,0.83007,2.70,1.12
2016.01.08 11:13:14.488,0.82994,0.83007,1.87,1.87
2016.01.08 11:13:15.040,0.82996,0.83006,1.00,1.00
2016.01.08 11:13:17.169,0.82994,0.83007,1.87,1.00
2016.01.08 11:13:17.767,0.82995,0.83007,1.37,1.50
2016.01.08 11:13:18.287,0.82994,0.83007,1.87,1.00
2016.01.08 11:13:19.737,0.82995,0.83007,1.37,1.87
2016.01.08 11:13:20.861,0.82994,0.83007,1.12,1.12
2016.01.08 11:13:21.571,0.82995,0.83007,1.37,1.87
2016.01.08 11:13:22.076,0.82994,0.83007,1.87,1.12
2016.01.08 11:13:22.849,0.82995,0.83007,1.37,1.87
2016.01.08 11:13:23.356,0.82994,0.83007,1.87,1.37
2016.01.08 11:13:27.747,0.82995,0.83007,1.75,1.37
2016.01.08 11:13:28.356,0.82994,0.83007,1.12,1.12
2016.01.08 11:13:28.611,0.82989,0.83002,2.25,1.00
2016.01.08 11:13:29.202,0.8299,0.83001,1.12,1.12
2016.01.08 11:13:31.964,0.82988,0.82994,1.00,1.20
2016.01.08 11:13:32.020,0.8298,0.82993,1.12,2.25
2016.01.08 11:13:32.291,0.82979,0.82992,1.87,1.85
2016.01.08 11:13:32.344,0.82978,0.82991,1.12,1.85
2016.01.08 11:13:32.852,0.82978,0.82992,2.62,3.82
2016.01.08 11:13:33.353,0.8298,0.8299,1.10,1.00
2016.01.08 11:13:34.328,0.82979,0.82992,1.20,1.95
2016.01.08 11:13:34.831,0.82981,0.82991,1.00,1.00
2016.01.08 11:13:37.395,0.82979,0.82991,1.45,1.37
2016.01.08 11:13:40.900,0.82979,0.82993,1.20,3.82
2016.01.08 11:13:41.416,0.82979,0.82993,1.20,3.45
2016.01.08 11:13:42.415,0.82979,0.82993,1.07,1.82
2016.01.08 11:13:43.886,0.82979,0.82993,1.20,2.70
2016.01.08 11:13:44.748,0.82982,0.82993,1.50,1.12
2016.01.08 11:13:44.850,0.82983,0.82997,1.57,2.02
2016.01.08 11:13:45.164,0.82983,0.82996,2.32,1.12
2016.01.08 11:13:46.622,0.82984,0.82994,1.57,1.00
2016.01.08 11:13:46.724,0.82986,0.83,1.37,1.50
2016.01.08 11:13:46.928,0.82988,0.83001,1.00,1.12
2016.01.08 11:13:47.438,0.82988,0.83002,1.00,2.32
2016.01.08 11:13:47.897,0.82986,0.83,1.07,1.20
2016.01.08 11:13:48.405,0.82985,0.83,3.37,2.02
2016.01.08 11:13:48.913,0.82985,0.82999,3.37,1.12
2016.01.08 11:13:49.482,0.82985,0.83,2.25,2.02
2016.01.08 11:13:50.448,0.82985,0.82998,1.87,1.75
2016.01.08 11:13:52.350,0.82983,0.82994,1.20,1.00
2016.01.08 11:13:53.878,0.82981,0.82991,1.10,1.12
2016.01.08 11:13:54.183,0.82972,0.82985,1.57,1.12
2016.01.08 11:13:55.304,0.8297,0.82984,2.77,1.37
2016.01.08 11:13:58.272,0.8297,0.82984,3.52,1.50
2016.01.08 11:13:58.796,0.8297,0.82984,5.77,1.50
2016.01.08 11:13:59.317,0.8297,0.82984,5.02,1.00
2016.01.08 11:13:59.967,0.8297,0.82984,5.77,1.50
2016.01.08 11:14:00.471,0.82972,0.82986,1.75,2.62
2016.01.08 11:14:01.876,0.82976,0.82987,1.12,1.47
2016.01.08 11:14:02.466,0.82976,0.82987,2.32,1.00
2016.01.08 11:14:02.518,0.82978,0.82991,1.12,1.57
2016.01.08 11:14:03.363,0.82979,0.82989,1.00,1.00
2016.01.08 11:14:03.465,0.82976,0.82987,2.70,1.12
2016.01.08 11:14:03.970,0.82976,0.82987,1.50,1.37
2016.01.08 11:14:06.781,0.82975,0.82986,1.57,1.95
2016.01.08 11:14:07.369,0.82976,0.82986,1.12,1.10
2016.01.08 11:14:07.673,0.82976,0.82988,1.75,1.57
2016.01.08 11:14:07.979,0.82989,0.82999,1.87,1.50
2016.01.08 11:14:08.030,0.82989,0.82999,1.87,1.00
2016.01.08 11:14:09.931,0.82989,0.83001,1.12,1.47
2016.01.08 11:14:10.135,0.82986,0.82997,1.50,1.82
2016.01.08 11:14:10.186,0.82986,0.82999,4.12,1.12
2016.01.08 11:14:10.237,0.82987,0.83,1.20,1.87
2016.01.08 11:14:10.339,0.82991,0.83001,1.00,1.12
2016.01.08 11:14:11.183,0.82989,0.82998,1.00,1.00
2016.01.08 11:14:11.234,0.82987,0.82998,1.00,1.00
2016.01.08 11:14:11.490,0.82984,0.82997,1.50,1.47
2016.01.08 11:14:11.797,0.82984,0.82997,1.37,2.32
2016.01.08 11:14:12.563,0.82984,0.82997,1.12,1.82
2016.01.08 11:14:13.065,0.82984,0.82997,1.12,1.45
2016.01.08 11:14:13.650,0.82986,0.82997,1.37,1.10
2016.01.08 11:14:14.428,0.82986,0.82996,1.37,1.00
2016.01.08 11:14:14.961,0.82986,0.82998,1.37,1.45
2016.01.08 11:14:18.085,0.82986,0.82998,1.12,1.45
2016.01.08 11:14:18.986,0.82986,0.82998,1.37,1.00
2016.01.08 11:14:19.507,0.82986,0.83,1.87,2.32
2016.01.08 11:14:20.818,0.82988,0.83001,1.37,1.87
2016.01.08 11:14:21.125,0.82989,0.83,1.75,1.00
2016.01.08 11:14:22.171,0.82989,0.82999,1.75,1.00
2016.01.08 11:14:22.378,0.82984,0.82997,1.12,1.00
2016.01.08 11:14:22.430,0.82984,0.82997,1.87,1.85
2016.01.08 11:14:22.532,0.82985,0.82997,1.50,1.00
2016.01.08 11:14:22.685,0.82986,0.82999,1.65,1.50
2016.01.08 11:14:23.149,0.82991,0.83003,1.50,1.37
2016.01.08 11:14:24.960,0.82988,0.83002,1.75,1.07
2016.01.08 11:14:26.590,0.82987,0.83003,1.85,3.37
2016.01.08 11:14:26.642,0.82989,0.83,1.00,1.00
2016.01.08 11:14:27.487,0.82989,0.82996,1.00,1.00
2016.01.08 11:14:27.848,0.82984,0.82993,1.87,2.32
2016.01.08 11:14:27.899,0.82979,0.82993,1.50,1.82
2016.01.08 11:14:28.407,0.82979,0.82992,1.95,1.37
2016.01.08 11:14:28.458,0.82979,0.82993,1.85,1.95
2016.01.08 11:14:29.418,0.82973,0.82985,1.12,1.47
2016.01.08 11:14:30.028,0.82973,0.82985,1.12,1.10
2016.01.08 11:14:33.218,0.8298,0.82987,1.37,1.50
2016.01.08 11:14:33.370,0.82983,0.82993,1.87,1.87
2016.01.08 11:14:33.421,0.82984,0.82994,1.37,2.62
2016.01.08 11:14:33.574,0.82984,0.82997,2.25,1.50
2016.01.08 11:14:34.712,0.82985,0.82997,1.82,1.12
2016.01.08 11:14:35.252,0.82985,0.82998,1.12,1.87
2016.01.08 11:14:35.778,0.82985,0.82998,1.20,1.87
2016.01.08 11:14:36.411,0.82984,0.82998,1.95,1.87
2016.01.08 11:14:36.979,0.82983,0.82994,1.12,1.87
2016.01.08 11:14:37.303,0.8298,0.82994,1.47,1.50
2016.01.08 11:14:38.236,0.8298,0.82994,1.47,1.50
2016.01.08 11:14:39.486,0.8298,0.82992,1.95,1.00
2016.01.08 11:14:39.881,0.82981,0.82994,1.75,1.50
2016.01.08 11:14:44.533,0.82982,0.82995,3.07,1.00
2016.01.08 11:14:45.043,0.82983,0.82997,1.12,1.95
2016.01.08 11:14:49.972,0.82983,0.82996,1.37,1.50
2016.01.08 11:14:50.074,0.82981,0.82995,1.12,1.95
2016.01.08 11:14:50.613,0.82981,0.82994,1.12,1.50
2016.01.08 11:14:53.978,0.82981,0.82995,1.12,1.47
2016.01.08 11:14:54.182,0.82985,0.82996,1.37,1.12
2016.01.08 11:14:54.778,0.82985,0.82997,1.37,1.37
2016.01.08 11:14:55.287,0.82987,0.82997,1.00,1.00
2016.01.08 11:14:58.535,0.82985,0.82998,1.12,1.37
2016.01.08 11:14:59.041,0.82988,0.82998,1.00,1.00
2016.01.08 11:15:00.694,0.82986,0.83,1.82,1.50
2016.01.08 11:15:02.253,0.82986,0.82998,1.82,1.00
2016.01.08 11:15:02.887,0.82984,0.82998,1.20,1.87
2016.01.08 11:15:03.760,0.82985,0.82998,1.12,2.62
2016.01.08 11:15:05.268,0.82984,0.82999,3.82,3.07
2016.01.08 11:15:05.370,0.82984,0.82999,1.85,3.07
2016.01.08 11:15:10.871,0.82983,0.82997,1.85,1.37
2016.01.08 11:15:11.385,0.82983,0.82997,1.20,1.87
2016.01.08 11:15:12.644,0.82982,0.82992,3.45,1.00
2016.01.08 11:15:12.951,0.82978,0.82988,1.87,1.57
2016.01.08 11:15:13.004,0.82975,0.82987,1.12,1.00
2016.01.08 11:15:13.108,0.82975,0.82987,1.12,1.12
2016.01.08 11:15:14.427,0.82975,0.82988,1.87,1.57
2016.01.08 11:15:14.935,0.82975,0.82988,1.12,1.10
2016.01.08 11:15:16.138,0.82979,0.8299,1.75,1.57
2016.01.08 11:15:16.189,0.82981,0.82991,1.00,1.50
2016.01.08 11:15:16.240,0.82981,0.82991,1.50,1.00
2016.01.08 11:15:16.291,0.82982,0.82993,1.75,1.12
2016.01.08 11:15:16.392,0.82984,0.82995,1.50,1.00
2016.01.08 11:15:16.494,0.82984,0.82996,1.75,1.10
2016.01.08 11:15:16.997,0.82985,0.82996,1.75,1.50
2016.01.08 11:15:17.585,0.82985,0.82996,1.75,1.00
2016.01.08 11:15:18.127,0.82985,0.82996,1.75,1.00
2016.01.08 11:15:18.657,0.82984,0.82996,1.50,1.50
2016.01.08 11:15:18.708,0.82983,0.82996,1.95,1.50
2016.01.08 11:15:19.434,0.82983,0.82995,1.95,1.37
2016.01.08 11:15:19.942,0.82985,0.82995,1.75,1.37
2016.01.08 11:15:21.639,0.82989,0.83,1.00,3.00
2016.01.08 11:15:22.092,0.82988,0.83002,1.75,2.32
2016.01.08 11:15:22.144,0.82988,0.83002,1.75,2.32
2016.01.08 11:15:23.740,0.8299,0.83001,1.50,1.12
2016.01.08 11:15:25.959,0.82993,0.83003,1.50,1.37
2016.01.08 11:15:26.268,0.82997,0.83008,1.20,1.12
2016.01.08 11:15:26.472,0.82989,0.82999,1.50,3.07
2016.01.08 11:15:26.575,0.82985,0.82995,1.75,1.47
2016.01.08 11:15:26.627,0.82983,0.82995,1.50,2.32
2016.01.08 11:15:26.679,0.82983,0.82993,1.12,1.10
2016.01.08 11:15:26.781,0.8298,0.82991,2.25,1.37
2016.01.08 11:15:26.883,0.8298,0.82992,1.75,1.20
2016.01.08 11:15:26.934,0.8298,0.82993,1.37,3.00
2016.01.08 11:15:26.986,0.82978,0.82989,1.00,1.00
2016.01.08 11:15:27.294,0.82978,0.82988,1.00,1.37
2016.01.08 11:15:27.828,0.82978,0.82989,1.00,2.32
2016.01.08 11:15:29.361,0.82978,0.82989,1.00,1.57
2016.01.08 11:15:30.361,0.82977,0.82989,2.44,1.47
2016.01.08 11:15:30.668,0.82975,0.82986,1.31,1.37
2016.01.08 11:15:32.366,0.82977,0.82986,1.37,1.00
2016.01.08 11:15:32.519,0.82979,0.82991,1.50,1.50
2016.01.08 11:15:32.724,0.82977,0.8299,2.32,1.37
2016.01.08 11:15:33.056,0.82977,0.82991,1.75,1.85
2016.01.08 11:15:33.411,0.82977,0.82991,2.25,1.20
2016.01.08 11:15:35.565,0.8298,0.82991,1.00,1.37
2016.01.08 11:15:35.616,0.82977,0.82991,3.37,3.00
2016.01.08 11:15:36.341,0.82978,0.82991,3.45,2.62
2016.01.08 11:15:36.392,0.82978,0.82993,4.20,1.75
2016.01.08 11:15:36.444,0.82978,0.82992,4.20,1.00
2016.01.08 11:15:42.778,0.8298,0.82994,1.75,2.32
2016.01.08 11:15:43.083,0.82978,0.82992,1.87,1.87
2016.01.08 11:15:43.185,0.82978,0.82991,1.37,3.00
2016.01.08 11:15:43.713,0.82978,0.8299,1.00,1.27
2016.01.08 11:15:44.220,0.82976,0.82988,1.69,1.50
2016.01.08 11:15:46.648,0.82977,0.82989,1.00,1.95
2016.01.08 11:15:47.105,0.82977,0.82988,1.57,1.00
2016.01.08 11:15:47.564,0.82978,0.82992,2.32,1.87
2016.01.08 11:15:48.076,0.82978,0.82991,1.57,1.57
2016.01.08 11:15:48.589,0.82978,0.82991,1.00,2.02
2016.01.08 11:15:49.097,0.82977,0.8299,1.12,1.20
2016.01.08 11:15:50.701,0.82976,0.82989,1.25,1.50
2016.01.08 11:15:51.291,0.82974,0.82987,1.87,1.57
2016.01.08 11:15:51.798,0.82975,0.82986,1.00,1.20
2016.01.08 11:15:52.413,0.82973,0.82986,1.47,1.20
2016.01.08 11:15:52.514,0.82973,0.82985,1.47,1.00
2016.01.08 11:15:53.122,0.82973,0.82987,2.32,1.82
2016.01.08 11:15:53.640,0.82974,0.82987,1.50,1.57
2016.01.08 11:15:55.708,0.82974,0.82987,1.00,1.57
2016.01.08 11:15:56.013,0.82972,0.82986,3.07,1.20
2016.01.08 11:15:56.320,0.82972,0.82987,1.57,1.95
2016.01.08 11:15:56.422,0.82972,0.82987,1.82,1.95
2016.01.08 11:15:57.133,0.82975,0.82987,1.00,1.85
2016.01.08 11:15:57.507,0.82973,0.82987,1.37,1.85
2016.01.08 11:15:59.722,0.82972,0.82985,1.12,1.75
2016.01.08 11:16:00.483,0.82972,0.82985,1.00,1.75
2016.01.08 11:16:01.842,0.82969,0.82983,3.07,1.00
2016.01.08 11:16:01.944,0.82969,0.82983,3.07,1.12
2016.01.08 11:16:04.299,0.8297,0.82981,1.00,1.10
2016.01.08 11:16:08.965,0.82966,0.82981,2.32,3.00
2016.01.08 11:16:09.020,0.82966,0.8298,1.85,1.47
2016.01.08 11:16:09.579,0.82969,0.82981,1.50,2.25
2016.01.08 11:16:10.362,0.8297,0.82981,1.00,1.95
2016.01.08 11:16:11.668,0.82967,0.8298,2.25,2.25
2016.01.08 11:16:12.269,0.82967,0.8298,1.75,1.00
2016.01.08 11:16:12.778,0.82971,0.82981,1.00,1.00
2016.01.08 11:16:13.445,0.82969,0.82982,1.75,1.65
2016.01.08 11:16:13.957,0.82969,0.82982,1.75,1.20
2016.01.08 11:16:15.005,0.82969,0.82982,1.20,1.57
2016.01.08 11:16:15.533,0.82968,0.82982,3.45,1.10
2016.01.08 11:16:16.217,0.82968,0.82981,3.00,1.00
2016.01.08 11:16:16.269,0.82968,0.82981,2.70,1.47
2016.01.08 11:16:16.777,0.82967,0.82981,3.00,1.95
2016.01.08 11:16:18.184,0.82967,0.8298,1.50,1.12
2016.01.08 11:16:19.059,0.82968,0.82978,1.00,1.00
2016.01.08 11:16:19.466,0.82968,0.82981,1.87,1.57
2016.01.08 11:16:19.721,0.82961,0.82973,1.12,1.20
2016.01.08 11:16:20.543,0.82959,0.82971,1.12,1.12
2016.01.08 11:16:21.642,0.82959,0.82971,1.00,1.85
2016.01.08 11:16:22.154,0.82958,0.8297,1.12,1.12
2016.01.08 11:16:23.215,0.82958,0.82971,3.00,1.47
2016.01.08 11:16:23.434,0.82959,0.82971,1.87,1.10
2016.01.08 11:16:27.042,0.82959,0.82971,1.50,1.57
2016.01.08 11:16:27.093,0.82959,0.8297,1.37,1.87
2016.01.08 11:16:27.601,0.8296,0.82971,1.12,1.57
2016.01.08 11:16:27.652,0.82958,0.82968,1.57,1.87
2016.01.08 11:16:27.755,0.82956,0.82965,1.12,1.12
2016.01.08 11:16:27.806,0.82952,0.82965,1.75,1.12
2016.01.08 11:16:27.857,0.82951,0.8296,1.37,1.12
2016.01.08 11:16:27.908,0.82948,0.82958,1.00,1.37
2016.01.08 11:16:29.090,0.82948,0.82957,1.00,1.50
2016.01.08 11:16:29.850,0.82947,0.82957,1.87,1.00
2016.01.08 11:16:30.699,0.82946,0.82957,1.37,1.37
2016.01.08 11:16:30.802,0.82945,0.82957,1.75,1.00
2016.01.08 11:16:31.154,0.82945,0.82956,1.50,1.00
2016.01.08 11:16:32.000,0.82945,0.82957,1.50,1.50
2016.01.08 11:16:32.102,0.82946,0.82958,1.50,1.95
2016.01.08 11:16:33.206,0.82946,0.82956,1.00,1.00
2016.01.08 11:16:33.677,0.82946,0.82958,1.75,1.37
2016.01.08 11:16:34.877,0.82945,0.82957,2.25,3.00
2016.01.08 11:16:34.928,0.82944,0.82953,1.47,1.12
2016.01.08 11:16:35.031,0.82945,0.82953,1.00,1.12
2016.01.08 11:16:35.083,0.8294,0.82951,1.12,1.75
2016.01.08 11:16:35.186,0.82939,0.82949,1.00,1.20
2016.01.08 11:16:35.288,0.82936,0.82949,1.12,1.95
2016.01.08 11:16:35.390,0.82936,0.82946,1.00,1.12
2016.01.08 11:16:36.104,0.82929,0.82937,1.12,1.37
2016.01.08 11:16:36.156,0.82925,0.82935,1.00,1.00
2016.01.08 11:16:36.664,0.82926,0.82935,1.00,1.00
2016.01.08 11:16:36.817,0.82924,0.82934,1.12,1.00
2016.01.08 11:16:37.183,0.82925,0.82936,1.00,1.00
2016.01.08 11:16:37.235,0.82926,0.82938,1.37,1.50
2016.01.08 11:16:37.544,0.82926,0.82941,1.20,1.87
2016.01.08 11:16:37.851,0.82926,0.8294,1.12,1.00
2016.01.08 11:16:38.356,0.82928,0.8294,1.00,1.50
2016.01.08 11:16:38.897,0.82927,0.82941,1.10,2.32
2016.01.08 11:16:38.948,0.82927,0.82939,1.10,1.50
2016.01.08 11:16:39.279,0.82923,0.82934,1.87,1.50
2016.01.08 11:16:39.731,0.82922,0.82934,1.00,1.57
2016.01.08 11:16:40.138,0.82918,0.82933,1.95,1.47
2016.01.08 11:16:40.240,0.82918,0.82931,1.95,1.87
2016.01.08 11:16:40.784,0.82916,0.82931,2.40,1.65
2016.01.08 11:16:41.435,0.82917,0.82931,1.57,2.25
2016.01.08 11:16:41.940,0.82916,0.82931,3.00,1.12
2016.01.08 11:16:42.041,0.82916,0.8293,2.25,1.00
2016.01.08 11:16:42.476,0.82916,0.82928,1.57,1.00
2016.01.08 11:16:45.460,0.82919,0.82928,1.37,1.12
2016.01.08 11:16:46.170,0.82918,0.8293,1.57,1.37
2016.01.08 11:16:46.686,0.82917,0.8293,1.45,1.37
2016.01.08 11:16:47.464,0.82918,0.82928,1.10,1.37
2016.01.08 11:16:47.967,0.82917,0.82929,1.45,1.87
2016.01.08 11:16:49.069,0.82918,0.82931,1.10,2.32
2016.01.08 11:16:49.375,0.82919,0.82931,1.50,2.25
2016.01.08 11:16:49.679,0.82922,0.82933,1.07,1.87
2016.01.08 11:16:50.627,0.82922,0.82932,1.07,1.37
2016.01.08 11:16:51.584,0.82921,0.82933,1.12,1.87
2016.01.08 11:16:52.215,0.82921,0.82932,1.50,1.37
2016.01.08 11:16:52.955,0.82921,0.82932,1.50,1.12
2016.01.08 11:16:53.058,0.82922,0.82934,1.95,1.12
2016.01.08 11:16:53.161,0.82922,0.82936,1.95,1.00
2016.01.08 11:16:53.664,0.82922,0.82935,1.57,1.12
2016.01.08 11:16:54.444,0.82922,0.82937,1.07,1.37
2016.01.08 11:16:54.969,0.82922,0.82937,1.57,1.87
2016.01.08 11:16:55.686,0.82922,0.82937,1.07,1.37
2016.01.08 11:16:56.355,0.82922,0.82937,1.57,1.87
2016.01.08 11:16:56.660,0.82924,0.82937,1.37,1.37
2016.01.08 11:16:56.863,0.82924,0.82938,1.57,1.12
2016.01.08 11:16:57.960,0.82925,0.82938,1.47,1.87
2016.01.08 11:16:58.503,0.82924,0.82938,1.57,1.12
2016.01.08 11:16:59.394,0.82924,0.82937,1.57,1.00
2016.01.08 11:16:59.853,0.82924,0.82937,1.57,1.50
2016.01.08 11:17:00.006,0.82921,0.82934,1.95,1.00
2016.01.08 11:17:00.159,0.82922,0.82932,1.37,1.00
2016.01.08 11:17:00.824,0.82913,0.82925,1.00,1.00
2016.01.08 11:17:00.877,0.8291,0.82925,1.82,1.37
2016.01.08 11:17:01.397,0.82909,0.82925,2.32,1.57
2016.01.08 11:17:02.075,0.8291,0.82925,1.47,1.57
2016.01.08 11:17:02.583,0.82908,0.82924,3.00,1.10
2016.01.08 11:17:02.685,0.82911,0.82922,1.00,1.00
2016.01.08 11:17:02.990,0.82907,0.82917,1.37,1.50
2016.01.08 11:17:03.305,0.82909,0.82921,1.00,1.85
2016.01.08 11:17:04.691,0.82909,0.82924,1.47,4.50
2016.01.08 11:17:05.250,0.82908,0.82922,1.47,1.37
2016.01.08 11:17:05.946,0.82907,0.82922,1.57,1.37
2016.01.08 11:17:06.470,0.82906,0.82922,2.32,1.95
2016.01.08 11:17:06.985,0.82906,0.82922,2.62,1.57
2016.01.08 11:17:08.008,0.82906,0.82922,2.62,2.77
2016.01.08 11:17:08.957,0.82905,0.8292,1.87,3.00
2016.01.08 11:17:09.478,0.82904,0.82918,1.07,1.47
2016.01.08 11:17:10.734,0.82904,0.8292,1.95,3.75
2016.01.08 11:17:11.040,0.82906,0.8292,2.32,2.62
2016.01.08 11:17:11.359,0.82902,0.82916,2.25,1.37
2016.01.08 11:17:11.410,0.82901,0.82916,1.42,1.47
2016.01.08 11:17:11.462,0.82901,0.82916,2.17,1.47
2016.01.08 11:17:12.638,0.82901,0.82916,1.50,2.62
2016.01.08 11:17:12.794,0.829,0.82914,1.07,1.57
2016.01.08 11:17:12.947,0.82897,0.82914,3.00,1.87
2016.01.08 11:17:13.576,0.82891,0.82902,1.50,1.07
2016.01.08 11:17:13.884,0.82888,0.82895,1.00,1.12
2016.01.08 11:17:14.670,0.82886,0.82894,1.00,1.37
2016.01.08 11:17:15.178,0.82885,0.82893,1.00,2.62
2016.01.08 11:17:15.229,0.82881,0.82888,2.40,1.37
2016.01.08 11:17:15.382,0.82877,0.82888,1.75,1.07
2016.01.08 11:17:15.877,0.82873,0.82887,1.12,2.40
2016.01.08 11:17:16.032,0.82869,0.82882,1.87,1.00
2016.01.08 11:17:16.747,0.82869,0.82877,1.95,1.00
2016.01.08 11:17:17.108,0.8287,0.82882,1.37,1.00
2016.01.08 11:17:17.414,0.8287,0.8288,1.45,1.00
2016.01.08 11:17:17.619,0.8287,0.82882,1.45,1.12
2016.01.08 11:17:17.721,0.82873,0.82882,1.37,1.12
2016.01.08 11:17:18.365,0.82873,0.82884,1.95,1.12
2016.01.08 11:17:18.873,0.82875,0.82886,1.45,1.87
2016.01.08 11:17:19.464,0.82875,0.82886,2.20,1.87
2016.01.08 11:17:19.515,0.82879,0.82886,1.00,1.87
2016.01.08 11:17:20.026,0.82878,0.82886,1.00,1.87
2016.01.08 11:17:20.735,0.82875,0.82884,1.00,1.37
2016.01.08 11:17:21.294,0.82874,0.82885,1.00,1.12
2016.01.08 11:17:22.644,0.82878,0.82885,1.12,1.12
2016.01.08 11:17:22.798,0.82889,0.82897,1.00,2.25
2016.01.08 11:17:22.850,0.82889,0.82898,1.00,1.00
2016.01.08 11:17:22.952,0.82891,0.82898,1.00,1.00
2016.01.08 11:17:23.003,0.82891,0.829,1.50,1.00
2016.01.08 11:17:23.550,0.82888,0.82903,2.25,3.37
2016.01.08 11:17:24.442,0.82888,0.82901,1.75,1.12
2016.01.08 11:17:24.950,0.82888,0.82901,1.85,1.57
2016.01.08 11:17:25.156,0.82887,0.82899,1.82,1.37
2016.01.08 11:17:25.718,0.82886,0.829,1.75,1.95
2016.01.08 11:17:26.122,0.82888,0.82897,1.00,1.00
2016.01.08 11:17:26.173,0.82888,0.82898,1.00,3.75
2016.01.08 11:17:26.226,0.82885,0.82895,1.37,1.12
2016.01.08 11:17:26.766,0.82882,0.82894,1.82,1.00
2016.01.08 11:17:27.460,0.82882,0.82896,1.50,1.20
2016.01.08 11:17:27.614,0.82881,0.82894,1.12,1.12
2016.01.08 11:17:28.122,0.82881,0.82897,1.95,2.70
2016.01.08 11:17:29.013,0.82882,0.82898,1.82,3.45
2016.01.08 11:17:29.569,0.82882,0.82897,1.82,1.20
2016.01.08 11:17:30.077,0.82885,0.82899,1.47,1.87
2016.01.08 11:17:30.179,0.82884,0.82891,1.82,1.00
2016.01.08 11:17:30.331,0.82883,0.82891,1.20,1.00
2016.01.08 11:17:30.433,0.82887,0.82894,1.00,1.75
2016.01.08 11:17:31.188,0.82889,0.82894,1.00,1.00
2016.01.08 11:17:31.779,0.82889,0.82895,2.62,1.00
2016.01.08 11:17:31.883,0.8289,0.82898,1.12,1.87
2016.01.08 11:17:31.985,0.8289,0.82899,2.25,1.00
2016.01.08 11:17:32.087,0.82892,0.82901,1.57,1.12
2016.01.08 11:17:32.444,0.82899,0.82907,1.82,1.87
2016.01.08 11:17:32.496,0.82901,0.8291,1.10,1.00
2016.01.08 11:17:33.032,0.829,0.82914,1.07,1.75
2016.01.08 11:17:35.786,0.82899,0.8291,1.95,1.87
2016.01.08 11:17:35.940,0.82898,0.8291,1.10,1.12
2016.01.08 11:17:36.581,0.82896,0.8291,2.32,1.12
2016.01.08 11:17:36.988,0.82896,0.82909,1.85,1.12
2016.01.08 11:17:37.793,0.82897,0.8291,2.32,1.37
2016.01.08 11:17:38.300,0.82899,0.8291,2.32,1.00
2016.01.08 11:17:38.605,0.82903,0.82913,1.12,1.87
2016.01.08 11:17:39.135,0.82907,0.82916,1.12,2.25
2016.01.08 11:17:39.187,0.82907,0.8292,2.25,1.75
2016.01.08 11:17:39.344,0.82909,0.8292,2.32,1.75
2016.01.08 11:17:39.852,0.82909,0.82918,2.32,1.00
2016.01.08 11:17:40.055,0.8291,0.8292,1.12,1.00
2016.01.08 11:17:40.556,0.8291,0.82921,1.87,2.25
2016.01.08 11:17:41.166,0.8291,0.8292,1.12,1.00
2016.01.08 11:17:41.741,0.8291,0.82921,1.87,2.25
2016.01.08 11:17:42.780,0.8291,0.8292,1.12,1.00
2016.01.08 11:17:43.289,0.82912,0.82923,1.00,1.12
2016.01.08 11:17:43.799,0.82912,0.82923,1.12,1.50
2016.01.08 11:17:43.902,0.82912,0.82922,1.00,1.87
2016.01.08 11:17:43.954,0.82909,0.82922,1.37,2.25
2016.01.08 11:17:44.056,0.82908,0.82912,1.95,1.00
2016.01.08 11:17:44.408,0.82905,0.82914,2.70,1.00
2016.01.08 11:17:44.459,0.82906,0.82919,1.45,1.75
2016.01.08 11:17:45.850,0.82909,0.8292,1.00,1.87
2016.01.08 11:17:45.901,0.82908,0.8292,1.85,1.50
2016.01.08 11:17:46.105,0.82913,0.82922,1.00,1.00
2016.01.08 11:17:46.359,0.8291,0.82924,1.20,1.20
2016.01.08 11:17:46.410,0.82911,0.82924,1.20,1.10
2016.01.08 11:17:47.096,0.82916,0.82923,1.00,1.00
2016.01.08 11:17:47.199,0.82909,0.82923,1.57,1.75
2016.01.08 11:17:47.251,0.82916,0.82923,1.00,1.10
2016.01.08 11:17:47.355,0.82909,0.8292,1.20,1.00
2016.01.08 11:17:47.406,0.82912,0.8292,1.95,1.00
2016.01.08 11:17:47.458,0.82914,0.82925,1.37,1.00
2016.01.08 11:17:48.152,0.82916,0.82927,1.87,2.62
2016.01.08 11:17:48.669,0.82916,0.82927,1.37,1.50
2016.01.08 11:17:49.363,0.82916,0.82926,1.37,1.87
2016.01.08 11:17:49.567,0.82915,0.82926,1.12,2.62
2016.01.08 11:17:50.778,0.82915,0.82927,1.37,1.87
2016.01.08 11:17:51.324,0.82915,0.82927,1.12,1.87
2016.01.08 11:17:53.417,0.82913,0.82922,1.47,1.37
2016.01.08 11:17:53.919,0.82912,0.82923,1.95,2.25
2016.01.08 11:17:54.432,0.82912,0.82922,1.12,1.37
2016.01.08 11:17:55.049,0.82911,0.82923,2.32,2.25
2016.01.08 11:17:55.636,0.82911,0.82923,1.47,1.57
2016.01.08 11:17:56.144,0.82911,0.82923,1.47,1.10
2016.01.08 11:17:56.676,0.82911,0.82923,1.47,1.47
2016.01.08 11:17:57.186,0.82911,0.82924,1.27,1.87
2016.01.08 11:17:58.223,0.82912,0.82923,1.00,1.87
2016.01.08 11:17:59.009,0.82912,0.82923,1.00,1.12
2016.01.08 11:17:59.717,0.82912,0.82923,1.37,1.00
2016.01.08 11:18:00.102,0.82914,0.82926,2.40,1.50
2016.01.08 11:18:00.406,0.82921,0.8293,1.37,1.12
2016.01.08 11:18:00.559,0.82926,0.8294,1.57,3.37
2016.01.08 11:18:00.610,0.82927,0.8294,1.20,1.50
2016.01.08 11:18:01.792,0.82935,0.82944,1.87,2.32
2016.01.08 11:18:02.356,0.82939,0.82948,1.20,1.00
2016.01.08 11:18:02.407,0.8294,0.82953,1.75,1.12
2016.01.08 11:18:02.962,0.8294,0.82955,1.85,1.57
2016.01.08 11:18:04.428,0.82942,0.82955,1.75,1.57
2016.01.08 11:18:04.531,0.82942,0.82953,1.75,1.37
2016.01.08 11:18:04.634,0.82942,0.82952,1.12,1.47
2016.01.08 11:18:04.974,0.82942,0.82952,1.50,1.57
2016.01.08 11:18:05.127,0.82942,0.82952,1.00,1.57
2016.01.08 11:18:05.563,0.8294,0.82947,1.12,1.50
2016.01.08 11:18:05.615,0.82934,0.82945,1.75,1.95
2016.01.08 11:18:05.720,0.82935,0.82941,1.00,1.37
2016.01.08 11:18:05.771,0.8293,0.82941,2.25,1.37
2016.01.08 11:18:05.822,0.8293,0.82942,2.25,1.47
2016.01.08 11:18:06.276,0.82929,0.8294,1.00,1.00
2016.01.08 11:18:06.918,0.82927,0.82941,1.85,1.47
2016.01.08 11:18:07.457,0.82931,0.82941,1.00,1.57
2016.01.08 11:18:07.610,0.82932,0.82941,1.00,1.00
2016.01.08 11:18:08.433,0.82932,0.82941,1.37,1.12
2016.01.08 11:18:09.731,0.82932,0.82941,1.12,1.37
2016.01.08 11:18:10.712,0.82932,0.82941,1.37,1.12
2016.01.08 11:18:11.367,0.82932,0.82941,1.12,1.00
2016.01.08 11:18:11.876,0.82931,0.82941,2.25,1.00
2016.01.08 11:18:12.777,0.82931,0.82941,1.50,1.12
2016.01.08 11:18:13.904,0.8293,0.82941,1.37,1.45
2016.01.08 11:18:13.959,0.82926,0.82937,1.12,1.12
2016.01.08 11:18:14.010,0.82924,0.82937,1.95,1.37
2016.01.08 11:18:14.265,0.82922,0.82932,1.12,1.00
2016.01.08 11:18:15.176,0.82922,0.82932,1.12,1.50
2016.01.08 11:18:16.041,0.82922,0.82933,1.12,1.45
2016.01.08 11:18:16.511,0.82922,0.82933,1.00,1.12
2016.01.08 11:18:18.152,0.82922,0.82933,1.00,1.12
2016.01.08 11:18:21.484,0.82923,0.82933,1.00,1.12
2016.01.08 11:18:22.030,0.82922,0.82931,1.00,1.00
2016.01.08 11:18:23.745,0.82921,0.82931,1.50,1.00
2016.01.08 11:18:24.764,0.82922,0.82933,1.12,1.12
2016.01.08 11:18:25.069,0.82924,0.82935,1.00,1.87
2016.01.08 11:18:25.527,0.82922,0.82933,1.37,1.87
2016.01.08 11:18:25.989,0.82918,0.82927,1.45,1.00
2016.01.08 11:18:26.142,0.82917,0.82927,1.75,1.87
2016.01.08 11:18:26.295,0.82913,0.82924,1.00,1.87
2016.01.08 11:18:26.397,0.82911,0.82925,1.10,1.12
2016.01.08 11:18:28.429,0.82911,0.82922,1.07,1.37
2016.01.08 11:18:29.073,0.82912,0.82922,1.07,1.00
2016.01.08 11:18:30.391,0.82919,0.82927,1.57,1.37
2016.01.08 11:18:30.443,0.82919,0.82926,3.07,1.00
2016.01.08 11:18:30.733,0.82922,0.82935,1.47,1.12
2016.01.08 11:18:31.618,0.82922,0.82932,1.47,1.50
2016.01.08 11:18:32.135,0.82918,0.82927,1.12,1.37
2016.01.08 11:18:32.187,0.82917,0.82927,1.10,1.12
2016.01.08 11:18:32.289,0.82917,0.82924,1.00,1.12
2016.01.08 11:18:32.340,0.82913,0.82924,1.45,1.12
2016.01.08 11:18:32.899,0.82914,0.82924,1.00,1.37
2016.01.08 11:18:33.685,0.82914,0.82924,1.00,1.00
2016.01.08 11:18:33.786,0.82914,0.82927,3.37,1.37
2016.01.08 11:18:33.892,0.82915,0.82929,1.27,1.95
2016.01.08 11:18:34.394,0.82914,0.82929,3.37,1.57
2016.01.08 11:18:35.092,0.82914,0.82929,3.00,1.27
2016.01.08 11:18:35.296,0.82914,0.82926,2.25,1.50
2016.01.08 11:18:35.806,0.82914,0.82926,1.87,1.12
2016.01.08 11:18:36.781,0.82913,0.82927,1.95,1.47
2016.01.08 11:18:36.883,0.82915,0.82928,1.87,1.57
2016.01.08 11:18:36.985,0.82915,0.82929,1.95,1.57
2016.01.08 11:18:37.851,0.82916,0.8293,1.50,2.25
2016.01.08 11:18:38.054,0.8292,0.82931,1.00,1.45
2016.01.08 11:18:39.792,0.82918,0.82933,1.20,1.87
2016.01.08 11:18:40.098,0.82917,0.82929,1.00,1.12
2016.01.08 11:18:40.615,0.82916,0.82928,1.00,1.07
2016.01.08 11:18:41.660,0.82917,0.82928,1.00,1.07
2016.01.08 11:18:42.171,0.82915,0.82928,1.10,1.07
2016.01.08 11:18:42.834,0.82915,0.82926,1.00,1.00
2016.01.08 11:18:43.352,0.82913,0.82925,1.65,1.00
2016.01.08 11:18:44.194,0.82913,0.82928,1.57,3.75
2016.01.08 11:18:44.787,0.82914,0.82928,1.12,3.37
2016.01.08 11:18:45.043,0.82914,0.82925,1.87,1.00
2016.01.08 11:18:45.366,0.82914,0.82927,1.87,1.20
2016.01.08 11:18:47.129,0.82922,0.82929,1.12,1.00
2016.01.08 11:18:47.181,0.82922,0.82936,3.00,1.47
2016.01.08 11:18:47.232,0.82923,0.82937,1.20,1.95
2016.01.08 11:18:54.822,0.82926,0.82937,1.57,1.12
2016.01.08 11:18:55.826,0.82926,0.82938,1.45,1.12
2016.01.08 11:18:56.233,0.82926,0.82937,1.82,1.00
2016.01.08 11:18:58.145,0.82928,0.82938,1.00,1.37
2016.01.08 11:18:59.655,0.82927,0.82939,1.57,1.37
2016.01.08 11:19:00.161,0.82928,0.82939,1.37,1.50
2016.01.08 11:19:00.712,0.82927,0.8294,2.02,1.87
2016.01.08 11:19:01.256,0.82927,0.82941,2.32,1.75
2016.01.08 11:19:02.431,0.82929,0.82941,1.85,1.50
2016.01.08 11:19:04.387,0.82928,0.82941,1.82,1.75
2016.01.08 11:19:04.716,0.82934,0.82939,1.00,1.00
2016.01.08 11:19:05.018,0.82934,0.82946,2.62,1.37
2016.01.08 11:19:05.069,0.82937,0.82951,3.37,1.12
2016.01.08 11:19:05.171,0.82937,0.82951,3.75,1.37
2016.01.08 11:19:05.323,0.82938,0.82953,5.02,2.62
2016.01.08 11:19:06.384,0.82943,0.82953,1.95,1.37
2016.01.08 11:19:06.942,0.82943,0.82953,1.20,1.37
2016.01.08 11:19:07.701,0.82943,0.82953,1.20,1.12
2016.01.08 11:19:07.752,0.82943,0.82953,2.32,1.00
2016.01.08 11:19:07.803,0.82945,0.82955,1.00,1.00
2016.01.08 11:19:07.956,0.82946,0.82957,1.50,1.87
2016.01.08 11:19:08.262,0.82947,0.82958,1.85,1.37
2016.01.08 11:19:08.858,0.82948,0.82961,1.87,1.20
2016.01.08 11:19:09.113,0.82955,0.82968,1.12,1.45
2016.01.08 11:19:09.165,0.82956,0.82969,1.37,2.62
2016.01.08 11:19:09.266,0.82955,0.82971,2.70,1.45
2016.01.08 11:19:10.365,0.82957,0.82971,1.12,1.07
2016.01.08 11:19:10.625,0.82957,0.82972,1.57,1.57
2016.01.08 11:19:11.147,0.82958,0.82972,1.47,1.57
2016.01.08 11:19:12.995,0.82959,0.82973,1.85,1.07
2016.01.08 11:19:13.321,0.82961,0.82975,1.20,1.07
2016.01.08 11:19:13.705,0.82961,0.82977,1.87,1.57
2016.01.08 11:19:14.715,0.82961,0.82975,1.87,1.00
2016.01.08 11:19:15.042,0.82965,0.82975,2.25,1.12
2016.01.08 11:19:15.144,0.82967,0.8298,1.37,1.47
2016.01.08 11:19:15.348,0.82965,0.82976,1.87,1.00
2016.01.08 11:19:15.704,0.82962,0.82975,1.87,1.00
2016.01.08 11:19:15.755,0.82963,0.82973,1.57,1.37
2016.01.08 11:19:16.233,0.82963,0.82975,1.57,1.12
2016.01.08 11:19:16.736,0.82962,0.82977,1.87,2.40
2016.01.08 11:19:17.040,0.82962,0.82977,2.25,2.02
2016.01.08 11:19:17.774,0.82966,0.82981,2.70,2.25
2016.01.08 11:19:18.245,0.82966,0.82979,1.20,1.12
2016.01.08 11:19:19.685,0.82964,0.82979,2.70,1.47
2016.01.08 11:19:20.960,0.82964,0.82977,1.20,1.00
2016.01.08 11:19:21.214,0.82966,0.8298,1.50,1.07
2016.01.08 11:19:21.778,0.82966,0.82981,2.70,1.95
2016.01.08 11:19:22.296,0.82966,0.82981,1.57,1.07
2016.01.08 11:19:22.869,0.82966,0.82981,2.32,1.95
2016.01.08 11:19:25.066,0.8297,0.82983,2.25,1.57
2016.01.08 11:19:25.168,0.82972,0.82987,1.85,3.00
2016.01.08 11:19:25.792,0.82974,0.82987,1.47,1.50
2016.01.08 11:19:26.689,0.82973,0.82988,1.87,2.70
2016.01.08 11:19:28.584,0.82972,0.82985,1.95,1.50
2016.01.08 11:19:28.687,0.82971,0.82984,1.12,2.25
2016.01.08 11:19:28.790,0.82969,0.82984,1.95,2.70
2016.01.08 11:19:29.388,0.82969,0.82983,1.07,2.32
2016.01.08 11:19:30.883,0.82968,0.82982,1.20,1.20
2016.01.08 11:19:31.501,0.82968,0.82982,1.57,1.27
2016.01.08 11:19:32.045,0.82967,0.82982,2.25,1.20
2016.01.08 11:19:32.609,0.82967,0.82982,1.57,1.20
2016.01.08 11:19:33.116,0.82967,0.82981,1.10,1.57
2016.01.08 11:19:33.320,0.82966,0.82981,2.70,1.57
2016.01.08 11:19:33.972,0.82967,0.8298,1.95,1.37
2016.01.08 11:19:34.486,0.82966,0.82981,2.32,1.50
2016.01.08 11:19:34.790,0.82965,0.82977,1.20,1.87
2016.01.08 11:19:34.842,0.82962,0.82974,2.62,1.20
2016.01.08 11:19:34.944,0.82962,0.82973,2.25,1.12
2016.01.08 11:19:35.502,0.82962,0.8297,2.25,1.47
2016.01.08 11:19:35.605,0.82957,0.8297,1.50,1.47
2016.01.08 11:19:36.124,0.82957,0.82971,1.37,1.57
2016.01.08 11:19:36.517,0.82956,0.82971,1.57,1.95
2016.01.08 11:19:37.310,0.82955,0.8297,3.00,1.65
2016.01.08 11:19:37.997,0.82955,0.82971,2.25,2.62
2016.01.08 11:19:43.940,0.82955,0.8297,2.25,1.57
2016.01.08 11:19:44.093,0.82955,0.82969,2.70,1.87
2016.01.08 11:19:44.631,0.82951,0.82967,3.07,1.87
2016.01.08 11:19:45.137,0.82952,0.82965,1.75,1.47
2016.01.08 11:19:45.546,0.8295,0.82966,1.95,1.57
2016.01.08 11:19:45.981,0.8295,0.82965,1.45,1.87
2016.01.08 11:19:48.708,0.82953,0.82965,1.00,1.95
2016.01.08 11:19:49.240,0.82952,0.82963,1.10,1.00
2016.01.08 11:19:50.619,0.82952,0.82963,1.87,1.00
2016.01.08 11:19:51.166,0.82952,0.82963,1.12,1.00
2016.01.08 11:19:51.802,0.82952,0.82963,1.87,1.00
2016.01.08 11:19:52.423,0.82952,0.82963,1.12,1.00
2016.01.08 11:19:52.970,0.82953,0.82963,1.10,1.00
2016.01.08 11:19:53.752,0.82953,0.82966,1.47,2.32
2016.01.08 11:19:54.059,0.82945,0.82958,2.70,1.75
2016.01.08 11:19:54.623,0.82943,0.82959,3.45,3.07
2016.01.08 11:19:54.674,0.82944,0.82959,1.47,3.07
2016.01.08 11:19:55.295,0.82945,0.82956,1.12,1.00
2016.01.08 11:19:56.828,0.82945,0.82957,1.87,1.20
2016.01.08 11:19:57.235,0.82943,0.82953,1.47,1.10
2016.01.08 11:19:57.388,0.82941,0.82952,1.12,1.37
2016.01.08 11:19:58.430,0.8294,0.82954,3.45,1.20
2016.01.08 11:19:59.913,0.8294,0.82953,1.95,2.25
2016.01.08 11:20:00.541,0.8294,0.82954,2.70,1.20
2016.01.08 11:20:04.546,0.8294,0.82954,1.57,1.12
2016.01.08 11:20:05.105,0.82941,0.82952,1.12,1.00
2016.01.08 11:20:07.081,0.82939,0.82949,1.00,1.00
2016.01.08 11:20:07.403,0.82938,0.82952,1.12,2.20
2016.01.08 11:20:08.163,0.82938,0.8295,1.12,2.70
2016.01.08 11:20:08.657,0.82934,0.82945,2.70,1.00
2016.01.08 11:20:09.418,0.82935,0.8295,1.95,2.32
2016.01.08 11:20:10.137,0.82936,0.82947,2.70,1.00
2016.01.08 11:20:13.906,0.82938,0.82948,1.00,1.00
2016.01.08 11:20:15.688,0.82936,0.82947,2.32,1.12
2016.01.08 11:20:16.439,0.82936,0.82947,1.12,1.57
2016.01.08 11:20:16.954,0.82935,0.82948,1.10,1.87
2016.01.08 11:20:17.488,0.82935,0.82947,1.95,1.57
2016.01.08 11:20:18.264,0.82934,0.82946,1.57,1.10
2016.01.08 11:20:18.791,0.82934,0.82947,1.57,1.12
2016.01.08 11:20:19.337,0.82934,0.82946,1.57,1.95
2016.01.08 11:20:19.810,0.82932,0.82945,1.50,1.50
2016.01.08 11:20:22.239,0.82932,0.82944,1.95,1.37
2016.01.08 11:20:22.746,0.82933,0.82946,1.47,1.12
2016.01.08 11:20:23.281,0.82932,0.82946,1.57,1.95
2016.01.08 11:20:23.792,0.82931,0.82942,3.75,1.00
2016.01.08 11:20:24.345,0.82932,0.82942,1.57,1.12
2016.01.08 11:20:25.043,0.82931,0.82942,3.00,1.12
2016.01.08 11:20:26.645,0.82935,0.82945,1.12,1.00
2016.01.08 11:20:29.952,0.82934,0.82947,1.10,1.87
2016.01.08 11:20:30.917,0.82934,0.82947,1.20,1.12
2016.01.08 11:20:33.901,0.82933,0.82947,1.12,1.12
2016.01.08 11:20:34.307,0.82933,0.82944,1.10,1.00
2016.01.08 11:20:34.829,0.82932,0.82945,1.87,1.95
2016.01.08 11:20:35.343,0.82932,0.82943,1.12,1.50
2016.01.08 11:20:35.969,0.82932,0.82943,1.12,1.00
2016.01.08 11:20:36.490,0.82932,0.82943,1.12,1.50
2016.01.08 11:20:37.381,0.82932,0.82943,1.12,1.00
2016.01.08 11:20:38.022,0.82932,0.82943,1.12,1.50
2016.01.08 11:20:38.552,0.8293,0.82943,1.75,1.00
2016.01.08 11:20:39.361,0.8293,0.82943,1.87,1.50
2016.01.08 11:20:39.888,0.82929,0.82943,1.95,1.00
2016.01.08 11:20:40.482,0.8293,0.82943,1.12,3.37
2016.01.08 11:20:40.763,0.8293,0.82942,1.37,1.47
2016.01.08 11:20:41.119,0.82929,0.82942,2.32,1.10
2016.01.08 11:20:42.031,0.82931,0.82944,1.12,1.12
2016.01.08 11:20:44.312,0.82931,0.82945,1.75,3.07
2016.01.08 11:20:45.953,0.82931,0.82943,1.12,1.57
2016.01.08 11:20:46.502,0.82931,0.82944,1.12,1.47
2016.01.08 11:20:48.772,0.82932,0.82944,3.00,1.37
2016.01.08 11:20:48.875,0.82936,0.82947,1.00,1.47
2016.01.08 11:20:48.926,0.82935,0.82947,1.12,1.20
2016.01.08 11:20:52.646,0.82934,0.82949,2.32,3.07
2016.01.08 11:20:52.697,0.82934,0.82948,2.32,1.75
2016.01.08 11:20:53.154,0.82934,0.82947,2.70,1.50
2016.01.08 11:20:53.662,0.82934,0.82947,2.32,1.00
2016.01.08 11:20:54.249,0.82934,0.82947,1.95,1.12
2016.01.08 11:20:54.743,0.82934,0.82947,2.70,1.87
2016.01.08 11:20:55.872,0.82934,0.82947,1.95,1.12
2016.01.08 11:20:56.075,0.82932,0.82943,2.70,1.37
2016.01.08 11:20:56.763,0.82932,0.82944,1.10,1.75
2016.01.08 11:21:01.298,0.82932,0.82944,1.47,1.87
2016.01.08 11:21:04.180,0.82932,0.82942,1.20,1.00
2016.01.08 11:21:07.898,0.8293,0.82944,1.95,2.62
2016.01.08 11:21:08.204,0.82921,0.82929,1.37,1.50
2016.01.08 11:21:08.255,0.82921,0.82929,1.00,1.50
2016.01.08 11:21:08.938,0.82921,0.82928,1.00,1.37
2016.01.08 11:21:08.996,0.82918,0.82928,1.12,1.37
2016.01.08 11:21:10.197,0.82914,0.82927,2.62,1.12
2016.01.08 11:21:10.250,0.82915,0.82927,1.00,1.12
2016.01.08 11:21:10.759,0.82914,0.82924,1.00,1.10
2016.01.08 11:21:11.339,0.82912,0.82922,1.00,1.00
2016.01.08 11:21:11.847,0.82911,0.82922,1.12,1.12
2016.01.08 11:21:12.186,0.82912,0.82923,1.87,1.20
2016.01.08 11:21:12.237,0.82912,0.82924,1.87,1.87
2016.01.08 11:21:14.366,0.82912,0.82924,1.37,1.87
2016.01.08 11:21:14.881,0.82911,0.82924,1.12,1.50
2016.01.08 11:21:15.970,0.82911,0.82923,1.75,1.47
2016.01.08 11:21:16.072,0.8291,0.82923,1.75,1.47
2016.01.08 11:21:18.307,0.8291,0.82922,1.12,1.00
2016.01.08 11:21:21.202,0.82913,0.82926,1.00,1.95
2016.01.08 11:21:21.710,0.82914,0.82926,1.00,1.20
2016.01.08 11:21:22.245,0.82915,0.82929,1.50,2.70
2016.01.08 11:21:22.296,0.82917,0.82929,1.00,1.20
2016.01.08 11:21:22.399,0.82919,0.82929,1.00,1.50
2016.01.08 11:21:22.501,0.82917,0.8293,1.12,1.20
2016.01.08 11:21:22.755,0.8292,0.8293,2.25,1.00
2016.01.08 11:21:23.009,0.82925,0.82938,1.75,1.95
2016.01.08 11:21:23.371,0.82923,0.82936,1.87,1.57
2016.01.08 11:21:23.473,0.82923,0.82933,1.12,1.37
2016.01.08 11:21:23.626,0.82921,0.82931,1.37,1.00
2016.01.08 11:21:23.727,0.82919,0.82929,1.12,1.00
2016.01.08 11:21:23.830,0.82915,0.82927,3.00,1.20
2016.01.08 11:21:23.888,0.82915,0.82926,1.12,1.50
2016.01.08 11:21:23.989,0.82914,0.82924,1.37,1.00
2016.01.08 11:21:24.091,0.82913,0.82925,2.25,1.37
2016.01.08 11:21:24.193,0.82912,0.82925,2.62,1.87
2016.01.08 11:21:24.810,0.82916,0.82926,1.37,1.87
2016.01.08 11:21:25.216,0.82916,0.82926,1.00,1.87
2016.01.08 11:21:25.574,0.82915,0.82927,1.37,1.10
2016.01.08 11:21:26.610,0.82915,0.82927,1.12,1.10
2016.01.08 11:21:28.113,0.82917,0.82929,1.12,1.57
2016.01.08 11:21:28.620,0.82917,0.82929,1.37,1.57
2016.01.08 11:21:29.104,0.82916,0.82928,1.87,1.20
2016.01.08 11:21:34.310,0.82916,0.82927,1.87,1.00
2016.01.08 11:21:35.262,0.82915,0.82928,2.62,1.12
2016.01.08 11:21:35.787,0.82915,0.82928,1.12,1.12
2016.01.08 11:21:36.757,0.82914,0.82928,1.85,1.50
2016.01.08 11:21:37.364,0.82914,0.82927,2.32,1.20
2016.01.08 11:21:38.264,0.82915,0.82928,1.37,1.95
2016.01.08 11:21:40.840,0.82915,0.82928,1.37,1.20
2016.01.08 11:21:41.341,0.82915,0.82928,1.12,1.57
2016.01.08 11:21:41.797,0.82913,0.82924,1.20,1.00
2016.01.08 11:21:42.102,0.82903,0.82908,1.12,1.87
2016.01.08 11:21:42.153,0.82898,0.82907,1.50,1.57
2016.01.08 11:21:42.204,0.82898,0.82903,1.00,1.37
2016.01.08 11:21:42.256,0.82893,0.82903,1.75,1.37
2016.01.08 11:21:42.358,0.82891,0.82902,1.00,1.00
2016.01.08 11:21:42.409,0.82891,0.829,1.00,1.37
2016.01.08 11:21:42.968,0.82894,0.829,1.12,1.37
2016.01.08 11:21:43.019,0.82898,0.8291,1.50,2.25
2016.01.08 11:21:43.071,0.82899,0.82911,1.45,1.75
2016.01.08 11:21:43.174,0.829,0.82914,1.57,1.87
2016.01.08 11:21:43.277,0.82904,0.82915,1.00,2.25
2016.01.08 11:21:43.787,0.82903,0.82915,1.00,1.95
2016.01.08 11:21:44.521,0.82903,0.82913,1.00,1.50
2016.01.08 11:21:45.030,0.82899,0.82913,1.87,1.50
2016.01.08 11:21:45.341,0.82899,0.82912,1.12,1.20
2016.01.08 11:21:45.749,0.829,0.82912,1.12,1.37
2016.01.08 11:21:45.902,0.82903,0.82913,1.00,1.10
2016.01.08 11:21:46.772,0.82903,0.82914,1.00,1.00
2016.01.08 11:21:47.181,0.82902,0.82912,1.20,1.00
2016.01.08 11:21:47.283,0.82901,0.82911,1.00,1.57
2016.01.08 11:21:47.386,0.82898,0.82909,1.00,1.37
2016.01.08 11:21:47.851,0.82896,0.82907,1.00,1.12
2016.01.08 11:21:48.106,0.82893,0.82905,1.37,1.75
2016.01.08 11:21:48.422,0.82891,0.82903,1.27,1.87
2016.01.08 11:21:49.036,0.8289,0.829,1.12,1.00
2016.01.08 11:21:49.788,0.8289,0.82904,1.87,1.20
2016.01.08 11:21:51.392,0.82889,0.82904,1.57,1.20
2016.01.08 11:21:51.697,0.82889,0.82897,1.10,1.00
2016.01.08 11:21:52.005,0.82889,0.82894,1.10,1.00
2016.01.08 11:21:52.060,0.8288,0.82891,1.12,1.50
2016.01.08 11:21:52.111,0.82878,0.82888,2.70,1.00
2016.01.08 11:21:54.701,0.82878,0.82888,1.20,1.12
2016.01.08 11:21:55.411,0.82878,0.82888,1.12,1.95
2016.01.08 11:21:55.614,0.82875,0.82886,1.87,1.07
2016.01.08 11:21:56.600,0.82875,0.82883,1.12,1.37
2016.01.08 11:21:56.803,0.82872,0.82882,1.00,1.00
2016.01.08 11:21:57.158,0.82873,0.82884,1.50,1.00
2016.01.08 11:21:57.209,0.82873,0.82886,1.87,1.12
2016.01.08 11:21:57.717,0.82875,0.82887,1.12,1.00
2016.01.08 11:21:58.053,0.82875,0.82887,1.12,1.87
2016.01.08 11:21:58.104,0.82873,0.82886,1.12,1.45
2016.01.08 11:21:58.409,0.82875,0.82886,1.12,1.00
2016.01.08 11:21:59.197,0.82877,0.82888,1.12,1.00
2016.01.08 11:21:59.610,0.82878,0.82889,1.00,1.00
2016.01.08 11:22:00.562,0.82874,0.82888,1.50,1.95
2016.01.08 11:22:00.614,0.82877,0.82887,1.00,1.20
2016.01.08 11:22:00.716,0.82875,0.82888,1.87,1.20
2016.01.08 11:22:00.818,0.82876,0.82889,1.12,1.95
2016.01.08 11:22:01.903,0.82876,0.8289,1.47,2.25
2016.01.08 11:22:02.005,0.82876,0.8289,1.82,2.25
2016.01.08 11:22:02.210,0.82879,0.82891,1.12,1.50
2016.01.08 11:22:02.530,0.82892,0.82901,1.47,1.50
2016.01.08 11:22:03.040,0.82892,0.82902,1.00,1.87
2016.01.08 11:22:03.547,0.82886,0.82901,3.07,2.32
2016.01.08 11:22:04.112,0.82885,0.829,1.95,1.10
2016.01.08 11:22:04.417,0.82888,0.82902,1.87,1.50
2016.01.08 11:22:07.183,0.82887,0.82899,1.75,1.00
2016.01.08 11:22:07.741,0.82886,0.82899,1.87,1.50
2016.01.08 11:22:07.945,0.82885,0.82896,1.50,1.50
2016.01.08 11:22:08.486,0.82876,0.82882,3.37,1.20
2016.01.08 11:22:08.538,0.82876,0.82881,2.25,1.95
2016.01.08 11:22:08.589,0.82871,0.82881,1.00,1.95
2016.01.08 11:22:08.640,0.82869,0.82879,1.00,1.12
2016.01.08 11:22:08.743,0.82867,0.82879,1.12,1.50
2016.01.08 11:22:08.947,0.82866,0.82879,1.47,1.87
2016.01.08 11:22:09.101,0.82866,0.82876,1.47,1.00
2016.01.08 11:22:09.152,0.82865,0.82875,1.10,1.00
2016.01.08 11:22:09.506,0.82866,0.82877,1.37,1.37
2016.01.08 11:22:09.558,0.82866,0.82877,1.00,1.75
2016.01.08 11:22:11.210,0.82864,0.82875,1.57,1.00
2016.01.08 11:22:11.544,0.82864,0.82877,1.47,1.12
2016.01.08 11:22:12.081,0.82864,0.82874,1.10,1.87
2016.01.08 11:22:12.588,0.82864,0.82873,1.47,1.50
2016.01.08 11:22:13.259,0.82864,0.82876,1.57,1.87
2016.01.08 11:22:13.637,0.82862,0.8287,1.12,1.50
2016.01.08 11:22:13.688,0.82861,0.8287,1.12,1.87
2016.01.08 11:22:13.739,0.82861,0.82868,1.00,1.12
2016.01.08 11:22:13.943,0.82853,0.82864,1.20,1.87
2016.01.08 11:22:14.045,0.82852,0.82856,2.32,1.00
2016.01.08 11:22:14.581,0.82852,0.82865,1.12,1.87
2016.01.08 11:22:15.093,0.82852,0.82865,1.00,1.85
2016.01.08 11:22:15.145,0.8285,0.82863,1.20,1.87
2016.01.08 11:22:15.601,0.82849,0.82858,1.00,1.20
2016.01.08 11:22:16.120,0.8285,0.82858,1.00,1.20
2016.01.08 11:22:16.375,0.82847,0.82861,1.00,1.47
2016.01.08 11:22:17.856,0.82847,0.82858,1.00,1.50
2016.01.08 11:22:17.959,0.82847,0.82855,1.00,1.37
2016.01.08 11:22:18.259,0.82843,0.82854,1.00,1.57
2016.01.08 11:22:18.514,0.82844,0.82856,1.00,1.57
2016.01.08 11:22:19.244,0.82842,0.82853,1.37,1.37
2016.01.08 11:22:19.295,0.82841,0.82854,1.10,1.37
2016.01.08 11:22:19.651,0.82839,0.82853,1.57,1.20
2016.01.08 11:22:20.322,0.8284,0.82853,1.00,1.57
2016.01.08 11:22:20.834,0.8284,0.82853,1.12,1.00
2016.01.08 11:22:22.090,0.8284,0.82853,1.50,1.87
2016.01.08 11:22:22.592,0.8284,0.82853,1.12,1.00
2016.01.08 11:22:23.308,0.82841,0.82852,1.10,1.37
2016.01.08 11:22:23.410,0.82839,0.82852,1.00,1.50
2016.01.08 11:22:25.034,0.82839,0.82852,1.37,1.65
2016.01.08 11:22:25.343,0.82841,0.82854,1.12,2.25
2016.01.08 11:22:25.598,0.82843,0.82856,1.37,1.37
2016.01.08 11:22:26.106,0.82843,0.82858,1.50,3.07
2016.01.08 11:22:26.530,0.82841,0.82857,3.07,1.87
2016.01.08 11:22:28.371,0.82846,0.82857,1.00,1.12
2016.01.08 11:22:28.575,0.82852,0.82866,1.50,3.75
2016.01.08 11:22:28.626,0.82853,0.82865,1.95,1.75
2016.01.08 11:22:29.203,0.82857,0.82865,1.12,1.37
2016.01.08 11:22:29.255,0.82858,0.82868,1.87,1.00
2016.01.08 11:22:29.712,0.8286,0.82865,1.00,1.12
2016.01.08 11:22:30.368,0.8286,0.82866,1.00,1.12
2016.01.08 11:22:30.949,0.8286,0.82865,1.00,1.12
2016.01.08 11:22:31.741,0.8286,0.82866,1.00,1.12
2016.01.08 11:22:32.373,0.8286,0.82865,1.00,1.12
2016.01.08 11:22:32.424,0.82856,0.82864,1.50,1.37
2016.01.08 11:22:32.526,0.82853,0.82863,1.12,1.37
2016.01.08 11:22:33.188,0.82853,0.82864,1.37,1.57
2016.01.08 11:22:33.393,0.82852,0.82866,3.00,2.62
2016.01.08 11:22:33.699,0.82853,0.82863,1.00,2.70
2016.01.08 11:22:34.005,0.82851,0.82862,1.00,1.87
2016.01.08 11:22:34.306,0.82852,0.82862,1.37,1.37
2016.01.08 11:22:34.933,0.82848,0.82862,1.87,2.25
2016.01.08 11:22:35.035,0.82847,0.82858,1.00,1.12
2016.01.08 11:22:35.478,0.82841,0.82853,1.75,1.50
2016.01.08 11:22:35.529,0.82843,0.82853,1.00,1.50
2016.01.08 11:22:35.633,0.8284,0.82852,1.50,1.00
2016.01.08 11:22:36.191,0.82841,0.82852,1.50,1.50
2016.01.08 11:22:36.495,0.82845,0.82852,1.75,1.50
2016.01.08 11:22:37.057,0.82846,0.82856,2.25,1.12
2016.01.08 11:22:37.108,0.82846,0.82859,2.25,1.20
2016.01.08 11:22:37.261,0.82846,0.8286,2.32,1.87
2016.01.08 11:22:37.312,0.82849,0.82861,1.37,1.12
2016.01.08 11:22:37.618,0.82851,0.82864,2.25,1.12
2016.01.08 11:22:37.925,0.82858,0.82869,1.00,1.87
2016.01.08 11:22:38.259,0.82858,0.82869,1.12,1.37
2016.01.08 11:22:38.795,0.82858,0.82869,1.12,1.00
2016.01.08 11:22:38.898,0.8286,0.82869,1.50,1.00
2016.01.08 11:22:39.102,0.82866,0.8288,1.75,1.50
2016.01.08 11:22:39.454,0.82866,0.82879,1.12,3.07
2016.01.08 11:22:40.463,0.82861,0.82875,1.87,1.20
2016.01.08 11:22:40.768,0.82867,0.82876,1.10,1.75
2016.01.08 11:22:40.820,0.82869,0.8288,1.75,1.50
2016.01.08 11:22:41.944,0.8287,0.82878,1.57,1.00
2016.01.08 11:22:42.452,0.82869,0.8288,2.02,1.12
2016.01.08 11:22:43.082,0.82869,0.82878,1.75,1.12
2016.01.08 11:22:43.135,0.8287,0.82878,1.00,1.12
2016.01.08 11:22:43.531,0.82868,0.8288,1.95,2.25
2016.01.08 11:22:44.044,0.82872,0.8288,1.00,1.00
2016.01.08 11:22:44.592,0.82868,0.8288,1.95,1.00
2016.01.08 11:22:44.899,0.82874,0.82886,1.82,1.00
2016.01.08 11:22:45.409,0.82875,0.82887,1.20,1.00
2016.01.08 11:22:45.884,0.82877,0.8289,1.20,1.37
2016.01.08 11:22:48.022,0.82879,0.82891,1.37,1.50
2016.01.08 11:22:48.326,0.8288,0.82892,2.25,1.50
2016.01.08 11:22:48.738,0.8288,0.82891,2.25,1.37
2016.01.08 11:22:49.320,0.8288,0.82891,1.87,1.12
2016.01.08 11:22:49.579,0.82878,0.82889,1.50,1.50
2016.01.08 11:22:50.093,0.82878,0.82888,1.00,1.50
2016.01.08 11:22:50.856,0.82878,0.82884,1.00,1.00
2016.01.08 11:22:51.882,0.82877,0.82882,1.37,1.00
2016.01.08 11:22:52.989,0.82873,0.82884,1.75,1.12
2016.01.08 11:22:53.451,0.82873,0.82882,1.75,1.00
2016.01.08 11:22:54.247,0.82873,0.82883,1.75,1.12
2016.01.08 11:22:54.790,0.82873,0.82882,1.75,1.00
2016.01.08 11:22:54.892,0.82873,0.82884,1.75,1.00
2016.01.08 11:22:55.197,0.82873,0.82882,1.75,1.00
2016.01.08 11:22:55.578,0.82873,0.82884,1.75,1.00
2016.01.08 11:22:56.556,0.82871,0.82882,3.82,1.00
2016.01.08 11:22:56.958,0.82872,0.82884,1.20,1.00
2016.01.08 11:22:57.365,0.82875,0.82887,1.50,1.50
2016.01.08 11:22:57.417,0.82875,0.82888,1.50,1.50
2016.01.08 11:22:57.519,0.82876,0.82889,1.95,1.12
2016.01.08 11:22:58.435,0.82878,0.8289,1.00,2.25
2016.01.08 11:22:58.486,0.82878,0.82889,1.00,1.37
2016.01.08 11:22:58.588,0.82877,0.82888,2.32,1.00
2016.01.08 11:22:58.690,0.82877,0.8289,1.95,1.37
2016.01.08 11:22:58.792,0.82877,0.82892,1.95,3.07
2016.01.08 11:23:00.498,0.82879,0.8289,1.00,1.00
2016.01.08 11:23:01.667,0.82877,0.8289,1.20,1.87
2016.01.08 11:23:02.127,0.82878,0.8289,1.12,2.25
2016.01.08 11:23:02.332,0.82881,0.8289,1.47,1.00
2016.01.08 11:23:02.910,0.82881,0.82892,1.57,1.37
2016.01.08 11:23:03.475,0.82881,0.82892,1.57,1.37
2016.01.08 11:23:03.527,0.82882,0.82893,1.50,1.87
2016.01.08 11:23:04.138,0.82883,0.82894,1.37,1.37
2016.01.08 11:23:04.190,0.82885,0.82894,1.50,1.00
2016.01.08 11:23:04.292,0.82891,0.829,1.10,1.00
2016.01.08 11:23:04.344,0.82891,0.82904,1.47,1.20
2016.01.08 11:23:04.396,0.82892,0.82905,1.37,1.12
2016.01.08 11:23:04.499,0.82894,0.82905,1.12,1.12
2016.01.08 11:23:04.706,0.82895,0.82909,2.70,1.75
2016.01.08 11:23:05.397,0.82899,0.8291,1.00,1.12
2016.01.08 11:23:05.905,0.82898,0.82911,1.87,1.12
2016.01.08 11:23:06.210,0.82898,0.82911,1.75,1.00
2016.01.08 11:23:06.744,0.82898,0.82911,1.75,1.50
2016.01.08 11:23:07.252,0.82898,0.82911,1.75,1.37
2016.01.08 11:23:09.025,0.82908,0.82912,1.12,1.10
2016.01.08 11:23:09.076,0.82921,0.8293,1.87,1.50
2016.01.08 11:23:09.127,0.82922,0.82936,3.00,2.25
2016.01.08 11:23:09.668,0.82926,0.82938,1.47,1.00
2016.01.08 11:23:09.821,0.82927,0.82938,1.87,1.00
2016.01.08 11:23:09.923,0.82929,0.82942,1.12,1.00
2016.01.08 11:23:09.974,0.82928,0.82942,1.00,1.20
2016.01.08 11:23:10.842,0.82927,0.82942,1.87,1.20
2016.01.08 11:23:11.046,0.82933,0.82942,1.00,1.20
2016.01.08 11:23:11.303,0.82943,0.82955,1.00,1.12
2016.01.08 11:23:11.406,0.82943,0.82953,1.00,1.57
2016.01.08 11:23:11.458,0.82939,0.82953,1.00,1.57
2016.01.08 11:23:11.823,0.82936,0.82951,1.20,1.10
2016.01.08 11:23:12.027,0.82939,0.82951,1.00,1.47
2016.01.08 11:23:12.079,0.82939,0.82952,1.00,1.00
2016.01.08 11:23:12.435,0.82941,0.82952,1.00,1.50
2016.01.08 11:23:12.588,0.82939,0.82952,1.00,1.00
2016.01.08 11:23:13.176,0.82939,0.82952,1.00,1.37
2016.01.08 11:23:13.675,0.82943,0.82952,1.10,1.37
2016.01.08 11:23:13.776,0.82948,0.82957,1.00,1.00
2016.01.08 11:23:13.828,0.82948,0.8296,1.00,1.37
2016.01.08 11:23:13.879,0.82948,0.82962,1.00,1.57
2016.01.08 11:23:14.262,0.82951,0.82963,1.12,1.37
2016.01.08 11:23:14.415,0.82952,0.82968,1.57,1.37
2016.01.08 11:23:14.467,0.82952,0.82968,2.02,1.37
2016.01.08 11:23:14.621,0.8295,0.82966,2.32,1.87
2016.01.08 11:23:14.927,0.82949,0.82962,1.37,1.00
2016.01.08 11:23:15.360,0.82947,0.8296,2.32,1.20
2016.01.08 11:23:15.412,0.82943,0.82959,1.20,1.57
2016.01.08 11:23:15.868,0.82943,0.82954,1.07,1.12
2016.01.08 11:23:16.173,0.82936,0.82947,1.12,1.00
2016.01.08 11:23:16.736,0.82932,0.82941,2.25,1.00
2016.01.08 11:23:16.788,0.8293,0.82941,1.00,1.00
2016.01.08 11:23:16.891,0.82926,0.8294,1.50,1.47
2016.01.08 11:23:16.943,0.82923,0.8294,1.57,2.70
2016.01.08 11:23:16.994,0.82923,0.82937,1.37,1.50
2016.01.08 11:23:17.201,0.82917,0.82933,4.57,1.12
2016.01.08 11:23:17.709,0.8292,0.82933,1.00,1.12
2016.01.08 11:23:18.239,0.82917,0.82933,2.32,1.50
2016.01.08 11:23:19.119,0.82919,0.82933,1.12,1.00
2016.01.08 11:23:19.593,0.8292,0.82936,1.87,2.02
2016.01.08 11:23:22.836,0.82918,0.82936,2.62,1.87
2016.01.08 11:23:23.456,0.82918,0.82933,2.62,1.00
2016.01.08 11:23:23.957,0.82918,0.82934,2.62,1.00
2016.01.08 11:23:24.311,0.8292,0.82934,1.20,1.00
2016.01.08 11:23:24.930,0.8292,0.82933,1.00,1.12
2016.01.08 11:23:25.441,0.82919,0.82933,1.47,1.87
2016.01.08 11:23:26.164,0.82918,0.82933,2.32,1.12
2016.01.08 11:23:26.695,0.82919,0.82933,1.47,1.87
2016.01.08 11:23:27.102,0.82919,0.82935,1.57,1.47
2016.01.08 11:23:27.386,0.8292,0.82935,1.47,1.95
2016.01.08 11:23:28.248,0.82919,0.82935,3.00,1.20
2016.01.08 11:23:29.417,0.8292,0.82935,1.47,1.95
2016.01.08 11:23:29.964,0.82919,0.82935,1.20,2.02
2016.01.08 11:23:30.015,0.82918,0.82935,3.37,2.02
2016.01.08 11:23:30.414,0.82918,0.82933,1.45,1.00
2016.01.08 11:23:30.720,0.82917,0.82931,1.57,1.00
