2015.04.09 19:00:00.179,0.92783,0.92797,1.35,3.19
2015.04.09 19:00:00.484,0.92773,0.92781,2.10,1.87
2015.04.09 19:00:00.585,0.92773,0.92785,1.10,1.71
2015.04.09 19:00:00.838,0.92773,0.92787,1.25,1.39
2015.04.09 19:00:01.346,0.92773,0.92787,1.31,3.45
2015.04.09 19:00:01.939,0.92773,0.92787,1.39,1.55
2015.04.09 19:00:03.649,0.92773,0.92787,4.20,1.37
2015.04.09 19:00:03.751,0.92775,0.92789,1.30,1.52
2015.04.09 19:00:04.258,0.92773,0.92787,1.15,1.47
2015.04.09 19:00:05.039,0.92773,0.92787,1.10,1.55
2015.04.09 19:00:06.659,0.92773,0.92787,1.00,3.64
2015.04.09 19:00:06.761,0.92772,0.92785,1.10,1.20
2015.04.09 19:00:06.813,0.92774,0.92788,1.00,1.81
2015.04.09 19:00:06.867,0.92775,0.92788,1.20,1.05
2015.04.09 19:00:06.969,0.92775,0.9279,1.15,3.26
2015.04.09 19:00:08.023,0.92777,0.9279,1.57,1.25
2015.04.09 19:00:08.074,0.92779,0.9279,1.00,1.25
2015.04.09 19:00:08.583,0.92779,0.92793,1.00,3.04
2015.04.09 19:00:09.066,0.92777,0.92793,1.20,3.71
2015.04.09 19:00:09.167,0.92777,0.9279,1.10,1.87
2015.04.09 19:00:12.983,0.92776,0.92787,1.27,1.87
2015.04.09 19:00:14.109,0.92777,0.92788,1.10,1.25
2015.04.09 19:00:14.312,0.92776,0.92788,1.07,2.81
2015.04.09 19:00:14.895,0.92776,0.92788,1.00,2.96
2015.04.09 19:00:15.898,0.92776,0.92788,1.17,2.89
2015.04.09 19:00:16.477,0.92776,0.92788,1.50,2.96
2015.04.09 19:00:16.781,0.92773,0.92789,1.52,2.89
2015.04.09 19:00:17.036,0.92772,0.92788,2.29,2.21
2015.04.09 19:00:17.340,0.92771,0.92785,1.95,2.89
2015.04.09 19:00:17.442,0.92772,0.92787,1.65,2.21
2015.04.09 19:00:17.493,0.92772,0.92787,1.65,2.47
2015.04.09 19:00:17.847,0.92772,0.92786,1.20,1.09
2015.04.09 19:00:18.394,0.92772,0.92787,1.27,2.14
2015.04.09 19:00:20.134,0.92772,0.92787,1.32,2.29
2015.04.09 19:00:20.388,0.92771,0.92784,1.00,1.74
2015.04.09 19:00:21.023,0.92772,0.92786,1.00,1.09
2015.04.09 19:00:21.530,0.92771,0.92785,1.10,1.84
2015.04.09 19:00:22.056,0.92771,0.92785,1.10,1.84
2015.04.09 19:00:22.814,0.92768,0.92785,3.26,3.71
2015.04.09 19:00:22.915,0.92769,0.92785,1.86,3.71
2015.04.09 19:00:23.067,0.92769,0.92785,3.41,1.66
2015.04.09 19:00:23.219,0.9277,0.92784,1.20,2.89
2015.04.09 19:00:23.674,0.9277,0.92785,1.50,1.84
2015.04.09 19:00:23.776,0.92772,0.92785,1.00,1.91
2015.04.09 19:00:24.281,0.9277,0.92786,2.59,2.89
2015.04.09 19:00:24.803,0.9277,0.92785,1.91,1.66
2015.04.09 19:00:25.313,0.9277,0.92784,1.84,1.46
2015.04.09 19:00:25.871,0.9277,0.92784,1.76,3.64
2015.04.09 19:00:26.024,0.9277,0.92784,1.20,1.55
2015.04.09 19:00:26.176,0.92771,0.92785,1.20,1.54
2015.04.09 19:00:26.892,0.92771,0.92784,1.00,1.52
2015.04.09 19:00:28.529,0.92771,0.92785,1.15,1.39
2015.04.09 19:00:29.699,0.92772,0.92786,1.10,3.26
2015.04.09 19:00:30.003,0.92771,0.92786,5.51,1.31
2015.04.09 19:00:30.306,0.92771,0.92786,3.34,1.39
2015.04.09 19:00:32.941,0.92772,0.92785,1.00,3.26
2015.04.09 19:00:33.246,0.92772,0.92782,1.00,1.34
2015.04.09 19:00:34.258,0.92771,0.92783,1.00,2.96
2015.04.09 19:00:34.888,0.9277,0.92783,1.00,3.64
2015.04.09 19:00:35.866,0.92769,0.92783,1.50,2.70
2015.04.09 19:00:35.968,0.92769,0.92785,1.65,1.66
2015.04.09 19:00:36.070,0.92769,0.92785,1.72,1.71
2015.04.09 19:00:36.120,0.92769,0.92785,2.47,1.71
2015.04.09 19:00:36.437,0.9277,0.92783,1.00,1.27
2015.04.09 19:00:36.639,0.92772,0.92786,1.17,1.39
2015.04.09 19:00:38.818,0.92774,0.92786,1.00,1.64
2015.04.09 19:00:39.361,0.92773,0.92784,1.50,1.37
2015.04.09 19:00:43.136,0.92772,0.92783,1.07,1.12
2015.04.09 19:00:43.288,0.92772,0.92786,1.50,1.46
2015.04.09 19:00:43.340,0.92772,0.92781,1.20,1.00
2015.04.09 19:00:43.887,0.92772,0.92781,1.87,1.00
2015.04.09 19:00:45.744,0.92772,0.92782,1.95,1.00
2015.04.09 19:00:46.294,0.92773,0.92781,1.20,1.00
2015.04.09 19:00:47.165,0.92771,0.92779,1.12,1.00
2015.04.09 19:00:47.588,0.92768,0.92778,1.85,5.29
2015.04.09 19:00:47.639,0.92767,0.92774,1.20,1.27
2015.04.09 19:00:47.741,0.92765,0.92775,2.77,1.37
2015.04.09 19:00:47.842,0.92765,0.92772,2.77,1.00
2015.04.09 19:00:48.146,0.92762,0.9277,1.31,1.00
2015.04.09 19:00:48.247,0.92762,0.9277,1.20,1.00
2015.04.09 19:00:48.502,0.92761,0.92768,1.31,1.00
2015.04.09 19:00:49.605,0.9276,0.92768,1.65,1.00
2015.04.09 19:00:51.913,0.92759,0.9277,1.87,1.55
2015.04.09 19:00:55.421,0.9276,0.92767,1.65,1.00
2015.04.09 19:00:55.976,0.9276,0.9277,1.65,1.37
2015.04.09 19:00:56.523,0.92759,0.92768,1.87,1.00
2015.04.09 19:00:57.075,0.92759,0.92771,1.87,1.47
2015.04.09 19:00:58.293,0.9276,0.92769,1.57,1.37
2015.04.09 19:01:00.978,0.92759,0.92769,1.87,1.47
2015.04.09 19:01:02.701,0.92759,0.92768,1.10,1.12
2015.04.09 19:01:03.573,0.92759,0.92769,1.10,1.10
2015.04.09 19:01:04.726,0.92759,0.92769,1.17,1.00
2015.04.09 19:01:05.318,0.92759,0.92772,1.46,1.37
2015.04.09 19:01:05.947,0.92759,0.92772,1.46,1.37
2015.04.09 19:01:09.494,0.92759,0.92772,1.46,1.37
2015.04.09 19:01:10.371,0.92759,0.92769,1.29,1.10
2015.04.09 19:01:11.257,0.92759,0.92771,1.84,1.37
2015.04.09 19:01:11.763,0.92759,0.92771,2.51,1.20
2015.04.09 19:01:12.365,0.92759,0.92769,2.89,1.00
2015.04.09 19:01:12.669,0.92759,0.92771,1.20,1.39
2015.04.09 19:01:12.973,0.92757,0.92766,1.00,1.37
2015.04.09 19:01:13.480,0.92757,0.92766,1.00,1.00
2015.04.09 19:01:13.783,0.92757,0.92763,1.00,1.00
2015.04.09 19:01:14.414,0.92754,0.92763,3.00,1.00
2015.04.09 19:01:14.920,0.92754,0.92763,1.10,1.00
2015.04.09 19:01:15.442,0.92754,0.92766,1.20,1.55
2015.04.09 19:01:15.493,0.92756,0.92766,1.07,1.47
2015.04.09 19:01:15.999,0.92755,0.92766,1.27,1.37
2015.04.09 19:01:16.473,0.92753,0.92766,1.91,1.47
2015.04.09 19:01:17.066,0.92752,0.92764,2.14,1.00
2015.04.09 19:01:17.118,0.92753,0.92764,2.47,1.37
2015.04.09 19:01:19.022,0.92752,0.92762,2.10,1.37
2015.04.09 19:01:19.123,0.92752,0.92764,2.29,1.12
2015.04.09 19:01:21.551,0.92752,0.92764,1.72,1.37
2015.04.09 19:01:21.855,0.92752,0.92764,1.72,1.37
2015.04.09 19:01:22.159,0.92752,0.92762,1.30,1.37
2015.04.09 19:01:22.996,0.92752,0.92763,1.07,1.37
2015.04.09 19:01:24.223,0.92761,0.92772,4.95,1.00
2015.04.09 19:01:24.527,0.92763,0.92773,2.47,1.12
2015.04.09 19:01:25.098,0.92767,0.92777,1.37,1.00
2015.04.09 19:01:25.149,0.92768,0.92779,4.20,1.00
2015.04.09 19:01:25.252,0.92772,0.92781,1.25,1.00
2015.04.09 19:01:25.556,0.92774,0.92783,1.95,1.00
2015.04.09 19:01:26.062,0.92773,0.92783,1.52,1.00
2015.04.09 19:01:28.207,0.92773,0.92783,1.12,1.00
2015.04.09 19:01:29.877,0.92773,0.92785,1.75,1.45
2015.04.09 19:01:31.231,0.92771,0.92785,2.77,1.37
2015.04.09 19:01:36.601,0.92771,0.92785,2.40,1.37
2015.04.09 19:01:36.905,0.92768,0.92784,1.35,3.26
2015.04.09 19:01:37.006,0.92768,0.92782,1.35,1.39
2015.04.09 19:01:37.108,0.92768,0.92781,2.47,1.37
2015.04.09 19:01:37.365,0.92769,0.92783,2.10,1.37
2015.04.09 19:01:37.750,0.92773,0.92786,5.62,3.94
2015.04.09 19:01:37.802,0.92773,0.92788,5.70,1.62
2015.04.09 19:01:45.918,0.92772,0.92786,3.15,1.47
2015.04.09 19:01:46.490,0.92772,0.92786,2.77,1.37
2015.04.09 19:01:51.406,0.92772,0.92786,5.70,1.37
2015.04.09 19:01:51.660,0.92772,0.92788,7.87,2.06
2015.04.09 19:01:53.951,0.92773,0.92788,2.66,1.62
2015.04.09 19:01:54.843,0.92773,0.92788,2.66,1.46
2015.04.09 19:01:57.595,0.92773,0.92788,3.04,1.46
2015.04.09 19:01:58.147,0.92773,0.92786,1.91,1.37
2015.04.09 19:01:59.859,0.92774,0.92786,1.15,1.37
2015.04.09 19:02:00.259,0.92774,0.92787,1.15,1.37
2015.04.09 19:02:01.332,0.92774,0.92787,1.65,1.37
2015.04.09 19:02:02.321,0.92774,0.92787,1.35,1.00
2015.04.09 19:02:06.396,0.92773,0.92786,2.96,1.00
2015.04.09 19:02:06.902,0.92773,0.92786,2.89,1.07
2015.04.09 19:02:08.464,0.92774,0.92788,2.10,1.00
2015.04.09 19:02:09.464,0.92773,0.92785,3.71,1.00
2015.04.09 19:02:10.761,0.92773,0.92785,2.70,1.00
2015.04.09 19:02:11.112,0.92777,0.92785,1.10,1.00
2015.04.09 19:02:11.416,0.92775,0.92787,4.01,1.00
2015.04.09 19:02:11.905,0.92775,0.92787,1.84,1.00
2015.04.09 19:02:13.177,0.92775,0.92789,2.59,1.00
2015.04.09 19:02:13.770,0.92776,0.92789,1.00,1.10
2015.04.09 19:02:14.375,0.92776,0.92789,1.00,1.07
2015.04.09 19:02:14.628,0.92774,0.92785,1.20,1.00
2015.04.09 19:02:14.831,0.92774,0.92787,1.16,1.00
2015.04.09 19:02:15.084,0.92774,0.92788,3.34,1.12
2015.04.09 19:02:18.600,0.92774,0.92788,1.17,1.20
2015.04.09 19:02:18.702,0.92774,0.92788,1.10,1.20
2015.04.09 19:02:18.803,0.92774,0.92788,1.07,1.12
2015.04.09 19:02:19.345,0.92773,0.92787,4.54,1.00
2015.04.09 19:02:27.269,0.92773,0.92787,1.37,1.07
2015.04.09 19:02:27.370,0.92772,0.92784,2.96,1.00
2015.04.09 19:02:27.522,0.92774,0.92786,1.40,1.00
2015.04.09 19:02:28.868,0.92774,0.92786,1.15,1.00
2015.04.09 19:02:39.931,0.92774,0.92788,1.84,1.37
2015.04.09 19:02:41.462,0.9278,0.92789,1.12,1.37
2015.04.09 19:02:41.614,0.92782,0.92794,2.70,1.50
2015.04.09 19:02:41.817,0.92784,0.92796,3.07,1.00
2015.04.09 19:02:42.911,0.92784,0.92796,1.91,1.00
2015.04.09 19:02:45.549,0.92784,0.92796,1.91,1.00
2015.04.09 19:02:46.619,0.92784,0.92798,3.04,1.15
2015.04.09 19:02:47.124,0.92784,0.92798,3.04,1.00
2015.04.09 19:02:50.840,0.92785,0.92798,1.16,1.00
2015.04.09 19:02:52.636,0.92785,0.92798,1.16,1.00
2015.04.09 19:02:55.655,0.92788,0.92802,1.15,1.66
2015.04.09 19:02:57.630,0.92788,0.92802,1.10,1.54
2015.04.09 19:02:58.519,0.92788,0.92802,1.10,1.54
2015.04.09 19:02:58.671,0.9279,0.92802,1.20,1.39
2015.04.09 19:03:02.370,0.92791,0.92804,1.00,1.30
2015.04.09 19:03:02.421,0.92793,0.92804,1.00,1.30
2015.04.09 19:03:02.926,0.92797,0.92811,1.17,1.09
2015.04.09 19:03:03.253,0.92798,0.92813,1.65,1.84
2015.04.09 19:03:03.405,0.92798,0.92813,3.82,1.46
2015.04.09 19:03:07.033,0.92798,0.92813,4.84,1.01
2015.04.09 19:03:09.811,0.92798,0.92813,1.84,1.01
2015.04.09 19:03:09.912,0.928,0.92813,1.00,2.81
2015.04.09 19:03:10.376,0.92798,0.92814,1.76,1.71
2015.04.09 19:03:11.045,0.92798,0.92814,1.57,1.71
2015.04.09 19:03:13.059,0.928,0.92813,1.00,1.27
2015.04.09 19:03:14.506,0.92801,0.92813,1.00,1.20
2015.04.09 19:03:15.163,0.92799,0.92814,1.46,1.17
2015.04.09 19:03:16.780,0.92799,0.92814,1.84,1.17
2015.04.09 19:03:17.083,0.928,0.92817,2.70,5.89
2015.04.09 19:03:19.597,0.92799,0.92817,1.74,5.89
2015.04.09 19:03:20.541,0.92801,0.92817,1.20,2.96
2015.04.09 19:03:20.743,0.92801,0.92816,2.59,1.10
2015.04.09 19:03:20.845,0.92803,0.9282,4.20,1.46
2015.04.09 19:03:21.148,0.92807,0.92819,1.12,1.20
2015.04.09 19:03:21.453,0.92805,0.92817,1.00,3.07
2015.04.09 19:03:21.503,0.92805,0.92819,1.00,2.21
2015.04.09 19:03:21.554,0.92803,0.92819,1.50,2.21
2015.04.09 19:03:21.605,0.92803,0.92817,1.50,2.32
2015.04.09 19:03:21.707,0.92803,0.92818,1.00,1.16
2015.04.09 19:03:21.809,0.92804,0.92818,2.25,1.09
2015.04.09 19:03:22.062,0.92805,0.92819,1.12,1.16
2015.04.09 19:03:22.215,0.92803,0.92818,1.57,3.26
2015.04.09 19:03:22.316,0.92802,0.92818,1.10,3.26
2015.04.09 19:03:22.619,0.92803,0.92819,3.00,2.66
2015.04.09 19:03:22.671,0.92803,0.9282,3.26,2.40
2015.04.09 19:03:22.874,0.92807,0.92821,1.57,1.15
2015.04.09 19:03:23.076,0.92805,0.92821,1.95,1.34
2015.04.09 19:03:23.582,0.92808,0.92819,1.12,1.17
2015.04.09 19:03:25.531,0.92805,0.92819,1.10,1.17
2015.04.09 19:03:25.957,0.92806,0.92819,1.07,1.17
2015.04.09 19:03:27.954,0.92809,0.92819,1.07,1.00
2015.04.09 19:03:28.106,0.92809,0.92824,1.34,2.70
2015.04.09 19:03:28.562,0.92812,0.92827,1.32,1.84
2015.04.09 19:03:28.714,0.92811,0.92827,1.10,1.46
2015.04.09 19:03:29.293,0.9281,0.92827,1.24,1.54
2015.04.09 19:03:29.344,0.92813,0.92828,1.00,5.81
2015.04.09 19:03:29.885,0.92812,0.92827,1.00,1.44
2015.04.09 19:03:32.745,0.92812,0.92827,1.37,1.44
2015.04.09 19:03:33.599,0.92812,0.9283,1.65,2.29
2015.04.09 19:03:33.650,0.92815,0.9283,1.07,1.84
2015.04.09 19:03:33.700,0.92815,0.92831,1.15,2.21
2015.04.09 19:03:33.852,0.92817,0.92832,1.47,1.07
2015.04.09 19:03:33.903,0.92817,0.92832,1.95,1.00
2015.04.09 19:03:34.055,0.92817,0.92832,2.02,1.45
2015.04.09 19:03:34.308,0.92812,0.92831,3.04,1.34
2015.04.09 19:03:34.460,0.92812,0.92829,2.66,3.26
2015.04.09 19:03:35.427,0.92812,0.92828,1.10,2.21
2015.04.09 19:03:37.140,0.92811,0.92822,1.20,2.25
2015.04.09 19:03:37.444,0.92811,0.92824,1.00,2.32
2015.04.09 19:03:37.748,0.92807,0.92822,1.69,2.32
2015.04.09 19:03:37.799,0.92807,0.92822,1.31,2.77
2015.04.09 19:03:37.952,0.92804,0.9282,1.20,3.45
2015.04.09 19:03:38.106,0.92801,0.92818,2.51,2.70
2015.04.09 19:03:38.641,0.92801,0.92818,1.84,1.52
2015.04.09 19:03:39.151,0.92801,0.92818,2.10,1.15
2015.04.09 19:03:39.253,0.92801,0.9282,5.02,2.10
2015.04.09 19:03:39.304,0.92801,0.9282,7.20,2.10
2015.04.09 19:03:40.333,0.92803,0.9282,1.24,1.52
2015.04.09 19:03:40.829,0.92803,0.92819,1.30,1.84
2015.04.09 19:03:41.349,0.92802,0.9282,1.35,2.66
2015.04.09 19:03:41.926,0.92802,0.92819,1.27,2.70
2015.04.09 19:03:42.431,0.92804,0.92818,1.10,1.47
2015.04.09 19:03:42.532,0.92804,0.92818,1.57,1.47
2015.04.09 19:03:42.583,0.92808,0.92818,1.00,1.95
2015.04.09 19:03:42.887,0.92806,0.92818,1.00,1.95
2015.04.09 19:03:43.090,0.92804,0.92818,1.07,2.32
2015.04.09 19:03:43.292,0.92801,0.92816,3.07,1.55
2015.04.09 19:03:43.545,0.92804,0.92818,1.07,1.57
2015.04.09 19:03:43.647,0.92807,0.92819,1.10,1.45
2015.04.09 19:03:43.849,0.92805,0.92819,1.50,1.95
2015.04.09 19:03:44.636,0.92805,0.92819,1.00,1.52
2015.04.09 19:03:45.092,0.92802,0.92819,1.07,4.76
2015.04.09 19:03:45.396,0.92801,0.92813,2.14,1.00
2015.04.09 19:03:45.901,0.92802,0.92816,1.10,1.47
2015.04.09 19:03:48.346,0.92806,0.92818,1.10,1.46
2015.04.09 19:03:48.398,0.92806,0.92818,1.10,1.27
2015.04.09 19:03:48.601,0.92807,0.92815,1.50,1.00
2015.04.09 19:03:48.905,0.92807,0.92819,1.57,1.12
2015.04.09 19:03:49.551,0.92807,0.92819,1.87,1.20
2015.04.09 19:03:53.263,0.92807,0.92819,2.02,1.00
2015.04.09 19:03:53.755,0.92806,0.92818,1.10,1.10
2015.04.09 19:03:53.856,0.92806,0.92818,1.00,1.45
2015.04.09 19:03:54.059,0.92801,0.92815,2.02,1.10
2015.04.09 19:03:54.313,0.92801,0.92815,1.30,1.57
2015.04.09 19:03:55.433,0.92801,0.92815,1.20,2.02
2015.04.09 19:03:56.243,0.928,0.92813,1.15,1.00
2015.04.09 19:03:56.763,0.92802,0.92813,1.00,1.17
2015.04.09 19:03:56.965,0.928,0.92813,1.00,1.15
2015.04.09 19:03:57.726,0.928,0.92811,1.00,1.17
2015.04.09 19:03:58.080,0.92798,0.92811,1.00,1.52
2015.04.09 19:03:58.384,0.92797,0.92807,1.00,1.15
2015.04.09 19:03:58.855,0.92799,0.92807,1.00,1.15
2015.04.09 19:03:59.411,0.92797,0.92807,1.00,1.15
2015.04.09 19:04:00.449,0.92795,0.92807,1.12,1.15
2015.04.09 19:04:00.954,0.92793,0.92805,2.25,1.17
2015.04.09 19:04:01.207,0.92793,0.92805,1.50,1.17
2015.04.09 19:04:01.478,0.92797,0.92805,1.00,1.00
2015.04.09 19:04:01.742,0.928,0.92812,1.50,1.57
2015.04.09 19:04:02.619,0.92801,0.92812,1.00,1.00
2015.04.09 19:04:04.257,0.92801,0.92812,1.25,1.45
2015.04.09 19:04:04.510,0.92791,0.92802,1.25,1.15
2015.04.09 19:04:04.915,0.92788,0.928,1.76,1.10
2015.04.09 19:04:05.218,0.92795,0.92804,1.09,1.00
2015.04.09 19:04:05.269,0.92795,0.92807,1.09,1.00
2015.04.09 19:04:05.624,0.92795,0.92805,1.09,1.00
2015.04.09 19:04:05.726,0.92793,0.92805,1.46,1.00
2015.04.09 19:04:06.259,0.92793,0.92805,1.39,1.00
2015.04.09 19:04:06.310,0.92793,0.92805,1.39,1.00
2015.04.09 19:04:06.412,0.92793,0.92805,1.46,1.00
2015.04.09 19:04:06.818,0.92793,0.92805,1.46,1.00
2015.04.09 19:04:07.227,0.92793,0.92805,3.64,1.00
2015.04.09 19:04:08.637,0.92793,0.92805,1.46,1.00
2015.04.09 19:04:09.585,0.92793,0.92805,1.46,1.00
2015.04.09 19:04:20.444,0.92793,0.92805,1.01,1.00
2015.04.09 19:04:21.047,0.92793,0.92805,1.01,1.37
2015.04.09 19:04:21.645,0.92791,0.92805,3.34,1.37
2015.04.09 19:04:28.864,0.92791,0.92804,1.84,1.20
2015.04.09 19:04:29.426,0.92791,0.92804,2.29,1.37
2015.04.09 19:04:29.945,0.92791,0.92804,1.84,1.47
2015.04.09 19:04:30.249,0.92791,0.92804,1.25,2.06
2015.04.09 19:04:30.350,0.92791,0.92804,1.10,2.21
2015.04.09 19:04:31.545,0.9279,0.92804,3.90,1.87
2015.04.09 19:04:32.051,0.9279,0.92804,3.07,1.95
2015.04.09 19:04:32.557,0.92791,0.92805,1.90,1.37
2015.04.09 19:04:32.904,0.92793,0.92805,2.40,1.00
2015.04.09 19:04:35.870,0.92794,0.92806,2.59,1.00
2015.04.09 19:04:36.275,0.92795,0.92809,1.46,1.20
2015.04.09 19:04:36.828,0.92795,0.92809,1.46,1.95
2015.04.09 19:04:41.249,0.92795,0.92809,1.46,1.95
2015.04.09 19:04:42.311,0.92794,0.92808,2.59,1.10
2015.04.09 19:04:42.766,0.92794,0.92808,2.51,1.17
2015.04.09 19:04:43.280,0.92794,0.92808,1.84,1.50
2015.04.09 19:04:43.332,0.92794,0.92808,1.26,1.57
2015.04.09 19:04:43.434,0.92792,0.92805,1.54,1.00
2015.04.09 19:04:45.890,0.92791,0.92805,2.29,1.37
2015.04.09 19:04:45.992,0.92791,0.92803,2.10,1.00
2015.04.09 19:04:46.144,0.92791,0.92803,1.17,1.37
2015.04.09 19:04:46.296,0.92788,0.928,1.09,1.12
2015.04.09 19:04:47.437,0.92789,0.92803,2.21,1.47
2015.04.09 19:04:47.539,0.92792,0.92806,1.09,2.40
2015.04.09 19:04:47.590,0.92793,0.92806,2.32,1.57
2015.04.09 19:04:54.903,0.92792,0.92806,1.44,1.37
2015.04.09 19:05:02.071,0.92792,0.92806,1.17,1.37
2015.04.09 19:05:02.122,0.92792,0.92805,1.17,1.37
2015.04.09 19:05:05.730,0.92792,0.92804,1.46,1.37
2015.04.09 19:05:05.831,0.92793,0.92805,1.29,1.00
2015.04.09 19:05:06.899,0.92793,0.92805,1.29,1.00
2015.04.09 19:05:08.700,0.92793,0.92805,1.29,1.00
2015.04.09 19:05:10.193,0.92793,0.92805,1.34,1.00
2015.04.09 19:05:15.702,0.92794,0.92808,1.29,1.95
2015.04.09 19:05:16.977,0.92794,0.92808,1.29,1.95
2015.04.09 19:05:17.657,0.92795,0.92808,1.09,1.00
2015.04.09 19:05:18.209,0.92795,0.92809,1.84,1.00
2015.04.09 19:05:19.771,0.92794,0.92808,1.44,1.00
2015.04.09 19:05:20.202,0.92793,0.92806,1.39,1.00
2015.04.09 19:05:20.716,0.92792,0.92806,1.39,1.10
2015.04.09 19:05:22.073,0.92792,0.92806,1.36,1.07
2015.04.09 19:05:22.968,0.92794,0.92808,1.00,1.15
2015.04.09 19:05:23.070,0.92794,0.92808,1.17,1.10
2015.04.09 19:05:23.120,0.92794,0.92808,1.07,1.17
2015.04.09 19:05:23.171,0.92792,0.92806,1.49,1.20
2015.04.09 19:05:23.273,0.92795,0.92807,1.07,1.00
2015.04.09 19:05:24.378,0.92792,0.92806,2.29,1.00
2015.04.09 19:05:26.132,0.92794,0.92808,1.25,2.21
2015.04.09 19:05:26.234,0.92794,0.92808,1.32,2.14
2015.04.09 19:05:26.537,0.92793,0.92805,1.36,1.00
2015.04.09 19:05:27.149,0.92793,0.92805,1.01,1.00
2015.04.09 19:05:28.414,0.92793,0.92805,1.09,1.00
2015.04.09 19:05:28.465,0.92795,0.92807,1.15,1.00
2015.04.09 19:05:29.698,0.92795,0.92807,1.15,1.00
2015.04.09 19:05:29.800,0.92797,0.92808,1.77,1.00
2015.04.09 19:05:29.851,0.928,0.92811,1.27,1.10
2015.04.09 19:05:29.903,0.928,0.92813,1.35,1.20
2015.04.09 19:05:29.954,0.928,0.92813,3.41,1.12
2015.04.09 19:05:30.334,0.928,0.92813,3.71,1.37
2015.04.09 19:05:30.886,0.928,0.92813,4.46,1.37
2015.04.09 19:05:31.140,0.92801,0.92815,1.44,1.47
2015.04.09 19:05:31.972,0.92801,0.92815,2.66,1.57
2015.04.09 19:05:32.616,0.92801,0.92815,3.41,1.57
2015.04.09 19:05:33.253,0.92801,0.92815,3.41,1.57
2015.04.09 19:05:33.786,0.92802,0.92815,1.40,1.47
2015.04.09 19:05:36.106,0.92803,0.92816,1.16,1.45
2015.04.09 19:05:36.261,0.92803,0.92816,1.01,1.55
2015.04.09 19:05:38.601,0.92802,0.92814,1.19,1.10
2015.04.09 19:05:38.972,0.92803,0.92814,1.19,1.10
2015.04.09 19:05:40.127,0.92803,0.92816,1.29,1.10
2015.04.09 19:05:40.178,0.92803,0.92816,1.19,1.17
2015.04.09 19:05:40.689,0.92803,0.92816,1.76,1.10
2015.04.09 19:05:41.323,0.92803,0.92816,2.21,1.10
2015.04.09 19:05:41.861,0.92803,0.92816,2.14,1.00
2015.04.09 19:05:41.963,0.92802,0.92814,1.57,1.00
2015.04.09 19:05:42.014,0.92802,0.92814,1.50,1.07
2015.04.09 19:05:42.389,0.92798,0.92812,1.91,1.07
2015.04.09 19:05:44.073,0.92796,0.9281,6.64,1.00
2015.04.09 19:05:44.478,0.92796,0.9281,3.71,1.00
2015.04.09 19:05:44.992,0.92796,0.9281,2.59,1.00
2015.04.09 19:05:45.459,0.92796,0.9281,2.59,1.00
2015.04.09 19:05:55.699,0.92797,0.9281,1.79,1.00
2015.04.09 19:05:56.671,0.92797,0.9281,1.41,1.00
2015.04.09 19:05:57.676,0.92797,0.9281,1.41,1.00
2015.04.09 19:05:58.685,0.92796,0.9281,2.66,1.10
2015.04.09 19:05:58.786,0.92795,0.92808,1.91,1.00
2015.04.09 19:05:59.090,0.92792,0.92804,1.46,1.20
2015.04.09 19:05:59.595,0.9279,0.92804,2.59,1.47
2015.04.09 19:06:01.266,0.9279,0.92804,2.59,1.37
2015.04.09 19:06:01.805,0.9279,0.92804,2.59,1.37
2015.04.09 19:06:02.459,0.9279,0.92804,1.54,1.37
2015.04.09 19:06:10.561,0.9279,0.92804,1.09,1.45
2015.04.09 19:06:15.970,0.92789,0.92801,1.99,1.00
2015.04.09 19:06:22.491,0.9279,0.92801,1.09,1.00
2015.04.09 19:06:22.695,0.92791,0.92803,1.80,1.00
2015.04.09 19:06:30.265,0.92791,0.92805,4.09,1.00
2015.04.09 19:06:30.317,0.92792,0.92805,2.96,1.00
2015.04.09 19:06:30.368,0.92794,0.92808,1.15,1.50
2015.04.09 19:06:30.418,0.92795,0.92807,2.32,1.00
2015.04.09 19:06:30.722,0.92797,0.92811,5.02,1.00
2015.04.09 19:06:41.553,0.92799,0.92811,1.46,1.00
2015.04.09 19:06:41.907,0.92802,0.92812,2.81,1.00
2015.04.09 19:06:42.059,0.92802,0.92815,4.01,1.87
2015.04.09 19:06:42.211,0.92806,0.92815,2.25,1.37
2015.04.09 19:06:42.414,0.92806,0.92817,5.06,1.00
2015.04.09 19:06:44.020,0.92806,0.92817,1.87,1.37
2015.04.09 19:06:44.172,0.92805,0.92817,1.65,1.37
2015.04.09 19:06:44.683,0.92805,0.92817,1.65,1.37
2015.04.09 19:06:44.949,0.92805,0.92817,3.52,1.37
2015.04.09 19:06:45.235,0.92808,0.92817,1.07,1.37
2015.04.09 19:06:46.048,0.92808,0.92817,1.07,1.37
2015.04.09 19:06:47.850,0.9281,0.92817,1.00,1.37
2015.04.09 19:06:51.841,0.92805,0.92817,1.07,1.47
2015.04.09 19:06:52.347,0.92805,0.92814,1.00,1.47
2015.04.09 19:06:52.499,0.92805,0.92814,1.00,1.47
2015.04.09 19:06:53.008,0.92805,0.92812,1.00,1.00
2015.04.09 19:06:53.128,0.928,0.92812,3.41,1.00
2015.04.09 19:06:54.956,0.928,0.92812,3.30,1.00
2015.04.09 19:06:55.057,0.928,0.92812,3.22,1.37
2015.04.09 19:07:18.367,0.92798,0.9281,3.34,1.00
2015.04.09 19:07:27.885,0.92798,0.9281,4.57,1.00
2015.04.09 19:07:31.996,0.92798,0.9281,2.66,1.00
2015.04.09 19:07:32.714,0.92798,0.9281,2.29,1.00
2015.04.09 19:07:32.967,0.92797,0.9281,1.44,1.00
2015.04.09 19:07:33.221,0.92796,0.9281,1.95,1.07
2015.04.09 19:07:33.525,0.92794,0.92802,2.25,1.10
2015.04.09 19:07:33.728,0.92789,0.92802,1.20,1.57
2015.04.09 19:07:34.320,0.92788,0.92802,1.54,1.57
2015.04.09 19:07:34.868,0.92788,0.92802,2.10,1.27
2015.04.09 19:07:35.917,0.92788,0.928,1.35,1.00
2015.04.09 19:07:39.329,0.92788,0.928,1.20,1.00
2015.04.09 19:07:39.684,0.92787,0.92798,1.15,1.00
2015.04.09 19:07:39.787,0.92786,0.92798,1.69,1.10
2015.04.09 19:07:39.888,0.92786,0.92796,1.00,1.00
2015.04.09 19:07:40.345,0.92786,0.92798,1.64,1.07
2015.04.09 19:07:40.446,0.92788,0.92799,1.07,1.00
2015.04.09 19:07:40.954,0.92788,0.928,1.57,1.00
2015.04.09 19:07:48.677,0.92785,0.92798,2.14,1.00
2015.04.09 19:07:50.892,0.92786,0.92798,1.84,1.00
2015.04.09 19:07:50.993,0.92786,0.928,3.34,1.00
2015.04.09 19:07:52.097,0.92791,0.92801,1.00,1.00
2015.04.09 19:07:52.602,0.92791,0.92802,1.00,1.10
2015.04.09 19:07:52.855,0.92791,0.92805,2.40,1.00
2015.04.09 19:07:53.187,0.92798,0.92805,1.00,1.00
2015.04.09 19:07:55.309,0.92795,0.92805,1.00,1.95
2015.04.09 19:07:56.191,0.92795,0.92806,1.00,1.65
2015.04.09 19:07:56.393,0.92795,0.92806,1.15,1.12
2015.04.09 19:07:56.816,0.92799,0.92806,1.00,1.12
2015.04.09 19:07:58.589,0.92796,0.92806,1.00,1.12
2015.04.09 19:07:58.640,0.92796,0.92806,1.00,1.37
2015.04.09 19:07:58.943,0.92796,0.92805,1.00,1.00
2015.04.09 19:07:59.247,0.92796,0.92804,1.00,1.20
2015.04.09 19:07:59.567,0.92794,0.92804,1.00,1.20
2015.04.09 19:08:00.814,0.92794,0.92804,1.00,2.02
2015.04.09 19:08:01.582,0.92796,0.92804,1.00,1.57
2015.04.09 19:08:02.237,0.92792,0.92804,1.20,1.87
2015.04.09 19:08:02.338,0.92789,0.92801,1.40,1.37
2015.04.09 19:08:02.888,0.92789,0.92801,1.32,1.20
2015.04.09 19:08:03.042,0.92789,0.92801,1.00,1.65
2015.04.09 19:08:03.195,0.92784,0.92798,2.32,1.55
2015.04.09 19:08:03.347,0.92784,0.92798,1.57,1.55
2015.04.09 19:08:03.853,0.92782,0.92793,1.01,1.00
2015.04.09 19:08:04.393,0.92783,0.92795,1.09,1.37
2015.04.09 19:08:04.909,0.92787,0.92796,1.00,1.47
2015.04.09 19:08:06.553,0.92784,0.92796,1.07,1.47
2015.04.09 19:08:07.512,0.92784,0.92796,1.40,1.37
2015.04.09 19:08:08.884,0.92784,0.92796,1.17,1.37
2015.04.09 19:08:08.935,0.92784,0.92796,1.10,1.37
2015.04.09 19:08:11.205,0.92784,0.92796,2.32,1.37
2015.04.09 19:08:12.790,0.92784,0.92796,1.17,1.37
2015.04.09 19:08:12.841,0.92784,0.92796,1.10,1.37
2015.04.09 19:08:13.362,0.92784,0.92793,1.00,1.00
2015.04.09 19:08:13.565,0.9278,0.92793,2.66,1.00
2015.04.09 19:08:13.666,0.9278,0.92793,2.66,1.37
2015.04.09 19:08:14.185,0.9278,0.92791,2.51,1.12
2015.04.09 19:08:22.829,0.92778,0.92791,1.29,1.00
2015.04.09 19:08:23.737,0.92778,0.92791,1.01,1.00
2015.04.09 19:08:33.776,0.92779,0.92791,1.00,1.00
2015.04.09 19:08:33.827,0.9278,0.92791,2.62,1.00
2015.04.09 19:08:33.929,0.9278,0.92794,5.51,1.00
2015.04.09 19:08:35.860,0.92782,0.92794,3.07,1.00
2015.04.09 19:08:36.543,0.9278,0.92794,4.09,1.00
2015.04.09 19:08:38.202,0.9278,0.9279,2.15,1.00
2015.04.09 19:08:40.743,0.92782,0.92793,1.09,1.00
2015.04.09 19:08:42.059,0.92785,0.92793,1.00,1.00
2015.04.09 19:08:46.257,0.9278,0.92793,3.04,1.00
2015.04.09 19:08:46.560,0.92781,0.92791,1.25,1.00
2015.04.09 19:08:47.116,0.92782,0.92794,1.00,1.15
2015.04.09 19:08:50.069,0.92782,0.92794,1.12,1.00
2015.04.09 19:08:51.954,0.92784,0.92794,1.00,1.00
2015.04.09 19:08:53.949,0.92783,0.92794,2.25,1.00
2015.04.09 19:08:58.804,0.92783,0.92794,1.00,1.00
2015.04.09 19:08:58.906,0.92783,0.92794,1.00,1.07
2015.04.09 19:08:59.457,0.92782,0.92794,1.00,2.85
2015.04.09 19:09:00.478,0.92782,0.92793,1.00,1.27
2015.04.09 19:09:01.371,0.92782,0.92794,1.10,2.02
2015.04.09 19:09:01.895,0.92782,0.92794,1.10,1.20
2015.04.09 19:09:02.403,0.92782,0.92794,1.17,1.20
2015.04.09 19:09:03.005,0.92782,0.92794,1.10,1.10
2015.04.09 19:09:10.425,0.92778,0.92788,3.19,1.00
2015.04.09 19:09:10.527,0.92777,0.92789,1.65,1.00
2015.04.09 19:09:11.045,0.92777,0.92789,1.01,1.00
2015.04.09 19:09:12.031,0.92777,0.92789,1.29,1.00
2015.04.09 19:09:13.354,0.92777,0.92789,1.01,1.00
2015.04.09 19:09:13.901,0.92777,0.92789,1.16,1.00
2015.04.09 19:09:14.845,0.92784,0.92789,1.00,1.00
2015.04.09 19:09:14.946,0.92784,0.92795,1.10,1.87
2015.04.09 19:09:15.048,0.92784,0.9279,1.17,1.00
2015.04.09 19:09:15.614,0.92784,0.92795,1.17,1.10
2015.04.09 19:09:16.121,0.92784,0.92795,1.00,1.10
2015.04.09 19:09:18.034,0.92786,0.92797,1.10,2.32
2015.04.09 19:09:23.313,0.92783,0.92796,1.00,2.21
2015.04.09 19:09:23.415,0.92779,0.9279,1.37,1.00
2015.04.09 19:09:23.980,0.92779,0.9279,1.40,1.00
2015.04.09 19:09:25.947,0.92778,0.9279,1.01,1.00
2015.04.09 19:09:26.494,0.92776,0.9279,1.84,1.00
2015.04.09 19:09:26.627,0.92776,0.9279,1.84,1.00
2015.04.09 19:09:39.162,0.92777,0.9279,1.91,1.00
2015.04.09 19:09:39.467,0.92781,0.92795,1.40,1.00
2015.04.09 19:09:39.669,0.92778,0.92789,1.41,1.00
2015.04.09 19:09:39.770,0.92778,0.92789,1.44,1.00
2015.04.09 19:09:40.737,0.92778,0.92789,1.44,1.00
2015.04.09 19:09:41.744,0.92778,0.92789,1.44,1.00
2015.04.09 19:09:42.849,0.92778,0.92792,1.54,1.10
2015.04.09 19:09:45.240,0.92778,0.92792,1.54,1.10
2015.04.09 19:09:45.796,0.92778,0.92792,3.52,1.00
2015.04.09 19:09:48.368,0.92778,0.92792,2.96,1.00
2015.04.09 19:09:48.898,0.92778,0.92792,3.34,1.00
2015.04.09 19:09:50.376,0.92779,0.92792,1.26,1.00
2015.04.09 19:09:50.680,0.92785,0.92796,1.10,1.57
2015.04.09 19:09:51.697,0.92783,0.92796,1.10,1.42
2015.04.09 19:09:52.232,0.92783,0.92796,1.10,1.67
2015.04.09 19:09:52.333,0.92786,0.92796,1.00,1.67
2015.04.09 19:09:56.423,0.92784,0.92795,1.00,1.35
2015.04.09 19:10:01.800,0.92784,0.92796,1.00,1.35
2015.04.09 19:10:03.810,0.92784,0.92796,1.12,1.55
2015.04.09 19:10:03.861,0.92787,0.92798,1.00,1.67
2015.04.09 19:10:22.048,0.92787,0.92796,1.00,1.05
2015.04.09 19:10:22.150,0.92783,0.92793,1.00,1.65
2015.04.09 19:10:22.201,0.92783,0.92793,1.00,3.82
2015.04.09 19:10:22.252,0.92778,0.92792,1.00,4.20
2015.04.09 19:10:22.757,0.92778,0.92789,1.00,1.52
2015.04.09 19:10:23.500,0.92778,0.92789,1.00,1.77
2015.04.09 19:10:36.078,0.92778,0.92788,1.00,1.52
2015.04.09 19:10:36.739,0.92778,0.92788,1.00,2.02
2015.04.09 19:10:41.444,0.92778,0.92788,1.00,2.21
2015.04.09 19:10:43.687,0.92778,0.92788,1.00,1.46
2015.04.09 19:10:44.742,0.92778,0.92791,1.00,2.77
2015.04.09 19:10:44.960,0.92778,0.92791,1.00,1.87
2015.04.09 19:10:45.465,0.92778,0.92791,1.00,1.85
2015.04.09 19:10:45.516,0.92781,0.92791,1.00,1.57
2015.04.09 19:10:45.921,0.92778,0.92791,1.00,1.65
2015.04.09 19:10:47.201,0.92778,0.92791,1.00,4.65
2015.04.09 19:10:57.221,0.92778,0.92792,1.00,4.57
2015.04.09 19:10:57.748,0.92778,0.92792,1.00,1.65
2015.04.09 19:11:03.220,0.92778,0.9279,1.20,1.57
2015.04.09 19:11:03.625,0.92778,0.92792,1.35,1.27
2015.04.09 19:11:06.513,0.92778,0.92792,1.17,2.02
2015.04.09 19:11:06.927,0.92778,0.92789,1.10,1.00
2015.04.09 19:11:07.477,0.92778,0.92789,1.00,1.37
2015.04.09 19:11:16.856,0.92778,0.92789,1.50,1.45
2015.04.09 19:11:22.287,0.92772,0.92788,2.40,2.02
2015.04.09 19:11:26.309,0.92776,0.92788,1.10,1.07
2015.04.09 19:11:26.360,0.92776,0.92788,1.17,1.00
2015.04.09 19:11:26.932,0.92776,0.9279,1.17,1.87
2015.04.09 19:11:34.635,0.92773,0.9279,3.07,1.47
2015.04.09 19:11:40.286,0.92774,0.92789,2.32,1.47
2015.04.09 19:11:45.668,0.92775,0.9279,1.15,1.37
2015.04.09 19:11:54.511,0.92779,0.9279,2.25,1.37
2015.04.09 19:11:54.563,0.92779,0.92792,4.87,1.10
2015.04.09 19:11:55.029,0.92783,0.92792,2.32,1.00
2015.04.09 19:11:55.080,0.92784,0.92798,1.15,2.47
2015.04.09 19:11:55.581,0.92787,0.92798,1.10,2.03
2015.04.09 19:11:56.350,0.92787,0.92799,1.10,2.24
2015.04.09 19:11:58.094,0.92783,0.92797,1.15,1.76
2015.04.09 19:11:58.297,0.92779,0.92793,1.65,1.37
2015.04.09 19:11:58.651,0.92781,0.92795,1.10,3.45
2015.04.09 19:11:58.853,0.92781,0.92794,1.10,1.59
2015.04.09 19:11:59.625,0.92778,0.92792,1.27,1.00
2015.04.09 19:12:00.070,0.92783,0.92795,1.00,1.39
2015.04.09 19:12:08.049,0.92783,0.92797,1.95,2.59
2015.04.09 19:12:08.353,0.92784,0.92796,1.50,3.26
2015.04.09 19:12:08.506,0.92778,0.92792,1.27,1.95
2015.04.09 19:12:08.759,0.92779,0.92793,1.27,1.00
2015.04.09 19:12:08.861,0.92783,0.92796,1.20,1.57
2015.04.09 19:12:08.963,0.92782,0.92791,1.52,1.00
2015.04.09 19:12:09.469,0.92779,0.92791,2.02,1.20
2015.04.09 19:12:09.671,0.92779,0.92791,1.20,1.10
2015.04.09 19:12:09.974,0.92779,0.92791,1.20,1.47
2015.04.09 19:12:10.076,0.92779,0.92791,1.20,1.47
2015.04.09 19:12:10.278,0.92779,0.92791,1.20,1.47
2015.04.09 19:12:10.632,0.92779,0.92791,1.20,1.20
2015.04.09 19:12:10.834,0.92779,0.92791,1.20,1.47
2015.04.09 19:12:11.813,0.92779,0.92791,1.17,1.20
2015.04.09 19:12:12.033,0.92779,0.92791,1.17,1.47
2015.04.09 19:12:12.404,0.92779,0.92791,1.17,1.20
2015.04.09 19:12:12.607,0.92779,0.92791,1.17,1.47
2015.04.09 19:12:14.087,0.92779,0.92791,1.00,1.47
2015.04.09 19:12:14.391,0.92779,0.92789,1.00,1.37
2015.04.09 19:12:19.202,0.92784,0.92792,1.00,2.32
2015.04.09 19:12:19.522,0.92784,0.92796,1.00,1.67
2015.04.09 19:12:19.677,0.92784,0.92796,1.07,1.30
2015.04.09 19:12:20.189,0.92788,0.92798,1.00,1.25
2015.04.09 19:12:31.919,0.92788,0.92799,1.00,1.14
2015.04.09 19:12:34.000,0.92788,0.928,1.00,2.14
2015.04.09 19:12:36.113,0.92788,0.928,1.10,1.95
2015.04.09 19:12:37.040,0.92788,0.928,1.55,1.50
2015.04.09 19:12:37.244,0.92793,0.92807,1.15,1.35
2015.04.09 19:12:45.531,0.92795,0.92809,1.20,5.15
2015.04.09 19:12:45.633,0.92793,0.92807,1.65,4.84
2015.04.09 19:12:45.785,0.92789,0.92802,1.72,1.37
2015.04.09 19:12:46.297,0.92788,0.92802,1.07,1.55
2015.04.09 19:12:50.125,0.92788,0.92802,1.00,3.45
2015.04.09 19:12:50.429,0.92788,0.92802,1.65,1.07
2015.04.09 19:12:50.834,0.92788,0.92802,1.00,1.15
2015.04.09 19:12:51.037,0.92788,0.92802,1.50,1.17
2015.04.09 19:12:51.554,0.92788,0.92802,1.00,3.07
2015.04.09 19:12:53.042,0.92788,0.92801,1.00,1.10
2015.04.09 19:12:54.253,0.92789,0.92802,1.00,1.17
2015.04.09 19:12:54.354,0.92792,0.92802,1.00,1.10
2015.04.09 19:12:54.405,0.92793,0.92804,1.00,1.20
2015.04.09 19:12:54.759,0.92793,0.92807,1.07,1.60
2015.04.09 19:12:54.911,0.92793,0.92807,1.10,1.67
2015.04.09 19:12:56.243,0.92793,0.92806,1.07,1.35
2015.04.09 19:12:56.445,0.92793,0.92806,1.00,1.42
2015.04.09 19:12:56.972,0.92793,0.92806,1.10,1.42
2015.04.09 19:12:57.508,0.92793,0.92806,1.10,3.67
2015.04.09 19:12:58.029,0.92793,0.92806,1.00,1.42
2015.04.09 19:12:59.186,0.92793,0.92806,1.00,1.42
2015.04.09 19:13:01.183,0.92794,0.92807,1.00,2.07
2015.04.09 19:13:01.285,0.92795,0.92807,1.17,1.52
2015.04.09 19:13:01.589,0.92798,0.92808,1.00,1.37
2015.04.09 19:13:03.608,0.92798,0.92809,1.00,1.22
2015.04.09 19:13:03.709,0.92798,0.92812,1.00,1.15
2015.04.09 19:13:03.963,0.92798,0.92812,1.65,1.00
2015.04.09 19:13:04.267,0.92803,0.92817,1.50,2.02
2015.04.09 19:13:04.775,0.92803,0.92817,2.40,1.72
2015.04.09 19:13:05.698,0.92803,0.92817,2.32,1.20
2015.04.09 19:13:06.002,0.92803,0.92817,2.40,1.20
2015.04.09 19:13:06.472,0.92803,0.92817,2.40,1.27
2015.04.09 19:13:06.573,0.92803,0.92817,2.25,1.27
2015.04.09 19:13:07.475,0.92803,0.92816,3.00,2.32
2015.04.09 19:13:07.779,0.92793,0.92807,3.15,1.17
2015.04.09 19:13:08.083,0.92795,0.92807,1.10,1.10
2015.04.09 19:13:08.133,0.92798,0.92807,1.00,1.10
2015.04.09 19:13:08.387,0.92799,0.92813,1.17,1.12
2015.04.09 19:13:08.438,0.92804,0.92813,1.00,1.00
2015.04.09 19:13:08.943,0.92804,0.92816,1.00,1.17
2015.04.09 19:13:09.288,0.92806,0.92819,1.10,1.17
2015.04.09 19:13:09.490,0.92806,0.92819,1.00,1.15
2015.04.09 19:13:09.693,0.92806,0.92819,1.00,1.10
2015.04.09 19:13:09.794,0.92806,0.92818,1.00,2.32
2015.04.09 19:13:10.098,0.92806,0.92818,1.10,1.10
2015.04.09 19:13:10.199,0.92806,0.92817,1.00,2.32
2015.04.09 19:13:10.680,0.92806,0.92818,1.00,1.15
2015.04.09 19:13:11.186,0.92806,0.92818,1.00,1.15
2015.04.09 19:13:11.754,0.92805,0.92818,1.00,1.65
2015.04.09 19:13:12.289,0.92805,0.92818,1.00,1.65
2015.04.09 19:13:13.270,0.92805,0.92818,1.07,1.15
2015.04.09 19:13:13.474,0.92806,0.92819,1.57,1.00
2015.04.09 19:13:14.150,0.92806,0.92822,1.57,3.15
2015.04.09 19:13:15.013,0.92806,0.92818,1.00,1.07
2015.04.09 19:13:16.014,0.92806,0.92818,1.17,1.37
2015.04.09 19:13:16.520,0.92806,0.92818,1.00,1.10
2015.04.09 19:13:16.832,0.92807,0.92822,1.35,1.95
2015.04.09 19:13:17.137,0.92806,0.92819,1.12,2.32
2015.04.09 19:13:17.491,0.92805,0.92818,1.00,1.27
2015.04.09 19:13:18.005,0.92807,0.92818,1.00,1.55
2015.04.09 19:13:18.107,0.92807,0.92818,1.07,1.00
2015.04.09 19:13:18.410,0.92808,0.92821,1.15,1.37
2015.04.09 19:13:19.187,0.92808,0.92821,1.17,1.47
2015.04.09 19:13:20.110,0.92808,0.92821,1.00,1.55
2015.04.09 19:13:20.787,0.92808,0.92821,1.00,3.45
2015.04.09 19:13:21.218,0.92808,0.92819,1.00,2.32
2015.04.09 19:13:21.320,0.92808,0.92821,1.00,3.45
2015.04.09 19:13:21.523,0.92808,0.92822,1.00,1.75
2015.04.09 19:13:22.030,0.92808,0.92822,1.50,1.55
2015.04.09 19:13:22.715,0.92808,0.9282,1.00,2.70
2015.04.09 19:13:23.230,0.92808,0.92822,1.00,2.10
2015.04.09 19:13:23.625,0.92808,0.92822,1.87,1.35
2015.04.09 19:13:23.929,0.92809,0.92822,1.07,1.20
2015.04.09 19:13:24.589,0.92809,0.92822,1.39,1.20
2015.04.09 19:13:24.691,0.92811,0.92825,1.69,1.17
2015.04.09 19:13:24.742,0.92815,0.92827,1.00,1.10
2015.04.09 19:13:25.047,0.92815,0.92828,1.00,3.82
2015.04.09 19:13:25.199,0.92813,0.92826,1.00,1.72
2015.04.09 19:13:25.250,0.92813,0.92825,1.00,1.57
2015.04.09 19:13:25.756,0.92808,0.92825,2.59,1.62
2015.04.09 19:13:27.439,0.92809,0.92823,1.35,1.37
2015.04.09 19:13:28.895,0.92812,0.92823,1.85,1.00
2015.04.09 19:13:28.946,0.92812,0.92826,1.85,1.65
2015.04.09 19:13:29.048,0.92815,0.92827,1.17,2.02
2015.04.09 19:13:29.465,0.92813,0.92829,1.50,1.52
2015.04.09 19:13:30.337,0.92815,0.92829,1.10,1.55
2015.04.09 19:13:30.843,0.92813,0.92829,2.47,1.72
2015.04.09 19:13:32.556,0.92815,0.92827,1.00,1.17
2015.04.09 19:13:33.061,0.92814,0.92829,1.65,2.00
2015.04.09 19:13:33.605,0.92815,0.9283,1.10,1.27
2015.04.09 19:13:33.955,0.92815,0.9283,3.07,1.20
2015.04.09 19:13:34.460,0.92815,0.9283,3.07,1.45
2015.04.09 19:13:38.336,0.92815,0.92832,1.27,2.00
2015.04.09 19:13:38.583,0.92815,0.92831,1.10,2.02
2015.04.09 19:13:38.685,0.92811,0.92828,2.10,1.92
2015.04.09 19:13:38.786,0.92812,0.92825,1.65,1.00
2015.04.09 19:13:38.837,0.92813,0.92828,1.27,1.37
2015.04.09 19:13:39.842,0.92815,0.92832,1.72,2.40
2015.04.09 19:13:41.213,0.92818,0.92833,1.20,1.72
2015.04.09 19:13:41.264,0.92818,0.92833,3.07,1.65
2015.04.09 19:13:42.072,0.92824,0.92835,4.50,1.00
2015.04.09 19:13:42.173,0.92824,0.92837,4.50,1.12
2015.04.09 19:13:42.224,0.92827,0.92839,1.15,1.10
2015.04.09 19:13:42.275,0.92827,0.92839,3.07,1.10
2015.04.09 19:13:42.528,0.92829,0.92843,1.17,1.20
2015.04.09 19:13:42.831,0.92832,0.92847,1.10,3.52
2015.04.09 19:13:42.882,0.92832,0.92845,1.15,1.37
2015.04.09 19:13:44.053,0.92829,0.92846,1.91,1.90
2015.04.09 19:13:44.306,0.9283,0.92846,1.25,2.40
2015.04.09 19:13:44.924,0.9283,0.92846,1.17,2.47
2015.04.09 19:13:45.076,0.9283,0.92845,1.17,1.92
2015.04.09 19:13:45.501,0.92828,0.92845,1.27,1.90
2015.04.09 19:13:45.722,0.9283,0.92843,1.00,1.10
2015.04.09 19:13:46.306,0.92829,0.92843,1.40,1.00
2015.04.09 19:13:47.463,0.92829,0.92846,1.90,1.90
2015.04.09 19:13:48.001,0.92829,0.92846,1.90,1.90
2015.04.09 19:13:49.372,0.92829,0.92846,6.00,1.95
2015.04.09 19:13:50.644,0.92829,0.92846,6.19,1.95
2015.04.09 19:13:50.796,0.92827,0.92845,3.52,2.02
2015.04.09 19:13:51.326,0.92828,0.92845,2.32,1.95
2015.04.09 19:13:51.478,0.92827,0.92845,1.35,2.40
2015.04.09 19:13:51.579,0.92826,0.92844,2.29,1.90
2015.04.09 19:13:52.086,0.92826,0.92843,2.10,2.00
2015.04.09 19:13:52.187,0.92826,0.92844,2.10,1.35
2015.04.09 19:13:52.732,0.92826,0.92842,2.10,1.75
2015.04.09 19:13:53.188,0.92828,0.92844,2.32,2.02
2015.04.09 19:13:55.702,0.92828,0.92844,2.32,1.27
2015.04.09 19:13:58.416,0.92826,0.9284,1.91,1.37
2015.04.09 19:13:59.312,0.92828,0.9284,2.32,1.37
2015.04.09 19:14:00.858,0.92833,0.9284,1.00,1.37
2015.04.09 19:14:00.909,0.92833,0.9284,1.27,1.00
2015.04.09 19:14:00.960,0.92832,0.92843,1.52,1.00
2015.04.09 19:14:01.011,0.92834,0.92843,2.70,1.00
2015.04.09 19:14:01.062,0.92835,0.92847,1.15,1.20
2015.04.09 19:14:01.113,0.92837,0.92849,2.32,1.00
2015.04.09 19:14:01.661,0.92839,0.9285,1.17,1.12
2015.04.09 19:14:02.925,0.92839,0.9285,1.00,1.12
2015.04.09 19:14:03.440,0.92839,0.9285,1.00,1.50
2015.04.09 19:14:04.443,0.92838,0.92849,1.10,1.00
2015.04.09 19:14:04.948,0.92838,0.9285,1.07,1.50
2015.04.09 19:14:05.454,0.92838,0.9285,1.10,1.12
2015.04.09 19:14:07.033,0.92838,0.9285,1.17,1.12
2015.04.09 19:14:07.740,0.92838,0.9285,1.10,1.20
2015.04.09 19:14:08.849,0.92838,0.9285,1.10,1.57
2015.04.09 19:14:09.052,0.92836,0.9285,1.27,2.32
2015.04.09 19:14:09.103,0.92836,0.9285,1.20,2.40
2015.04.09 19:14:09.154,0.92833,0.92848,1.72,1.95
2015.04.09 19:14:09.357,0.92832,0.92847,1.10,1.52
2015.04.09 19:14:09.963,0.92831,0.92844,1.20,2.25
2015.04.09 19:14:10.472,0.92827,0.92842,1.35,1.55
2015.04.09 19:14:10.882,0.92827,0.92842,3.52,1.47
2015.04.09 19:14:11.034,0.92827,0.92842,1.35,1.45
2015.04.09 19:14:11.676,0.92828,0.92842,2.32,1.37
2015.04.09 19:14:11.828,0.92827,0.92842,1.35,1.47
2015.04.09 19:14:13.878,0.92827,0.92843,3.52,1.47
2015.04.09 19:14:14.131,0.92826,0.92843,2.40,1.57
2015.04.09 19:14:15.406,0.92826,0.92843,1.35,2.77
2015.04.09 19:14:16.452,0.92826,0.92841,1.20,1.55
2015.04.09 19:14:16.860,0.92826,0.92841,1.27,1.52
2015.04.09 19:14:17.659,0.92826,0.92841,1.35,1.47
2015.04.09 19:14:17.964,0.92827,0.92843,1.17,1.95
2015.04.09 19:14:18.015,0.92827,0.92843,1.10,2.02
2015.04.09 19:14:18.377,0.92827,0.92843,1.17,1.55
2015.04.09 19:14:18.969,0.92827,0.92843,1.27,1.45
2015.04.09 19:14:19.020,0.92827,0.92843,1.20,1.52
2015.04.09 19:14:19.223,0.92829,0.92843,1.00,1.52
2015.04.09 19:14:19.759,0.92829,0.92843,1.17,1.65
2015.04.09 19:14:20.709,0.92829,0.92843,1.17,1.65
2015.04.09 19:14:21.700,0.92827,0.92843,1.25,1.65
2015.04.09 19:14:23.099,0.92827,0.92843,1.27,2.32
2015.04.09 19:14:23.151,0.92827,0.92843,1.30,2.40
2015.04.09 19:14:26.221,0.92827,0.92843,1.17,2.40
2015.04.09 19:14:27.377,0.92827,0.92843,1.17,2.40
2015.04.09 19:14:27.642,0.92827,0.92843,1.15,2.40
2015.04.09 19:14:28.178,0.92828,0.92843,2.32,2.32
2015.04.09 19:14:28.381,0.92827,0.92843,1.15,2.32
2015.04.09 19:14:28.791,0.92828,0.92842,2.25,1.37
2015.04.09 19:14:28.943,0.92827,0.92842,1.15,1.47
2015.04.09 19:14:29.388,0.92827,0.92843,1.15,2.70
2015.04.09 19:14:29.881,0.92827,0.92843,1.17,1.95
2015.04.09 19:14:30.033,0.92827,0.92842,1.17,1.55
2015.04.09 19:14:30.907,0.92827,0.92842,1.17,1.47
2015.04.09 19:14:31.462,0.92829,0.92842,1.17,1.37
2015.04.09 19:14:32.212,0.92829,0.92842,1.10,1.95
2015.04.09 19:14:34.072,0.92827,0.92842,1.65,2.02
2015.04.09 19:14:35.788,0.92827,0.92842,1.65,1.95
2015.04.09 19:14:36.039,0.92827,0.92842,1.72,2.02
2015.04.09 19:14:37.391,0.92827,0.92842,1.72,1.95
2015.04.09 19:14:37.983,0.92827,0.92842,1.72,1.87
2015.04.09 19:14:38.636,0.92827,0.92842,1.65,2.02
2015.04.09 19:14:42.012,0.9283,0.92842,1.00,2.02
2015.04.09 19:14:42.545,0.9283,0.92842,1.10,1.87
2015.04.09 19:14:43.949,0.92827,0.92842,1.65,1.95
2015.04.09 19:14:44.376,0.92827,0.92842,1.65,4.20
2015.04.09 19:14:44.892,0.92827,0.92842,1.20,3.45
2015.04.09 19:14:47.143,0.92828,0.92842,1.00,2.02
2015.04.09 19:14:47.660,0.92828,0.92842,1.07,2.40
2015.04.09 19:14:47.984,0.92828,0.92842,1.15,1.57
2015.04.09 19:14:48.137,0.92828,0.92842,1.00,1.65
2015.04.09 19:14:49.851,0.92828,0.92842,1.17,1.57
2015.04.09 19:14:50.317,0.92828,0.92842,1.20,1.65
2015.04.09 19:14:50.622,0.9283,0.92843,1.00,1.65
2015.04.09 19:14:50.672,0.92832,0.92844,1.12,1.90
2015.04.09 19:14:50.875,0.92835,0.92849,1.20,1.72
2015.04.09 19:14:51.027,0.92835,0.92851,1.20,2.02
2015.04.09 19:14:54.867,0.92837,0.92852,1.15,1.52
2015.04.09 19:14:55.453,0.92837,0.92852,1.10,1.52
2015.04.09 19:14:56.159,0.92837,0.92853,1.15,1.67
2015.04.09 19:14:56.260,0.92837,0.92853,1.00,1.62
2015.04.09 19:14:56.801,0.92837,0.92852,1.00,1.52
2015.04.09 19:14:58.043,0.92837,0.92852,1.07,1.52
2015.04.09 19:14:58.341,0.92839,0.92852,2.32,1.37
2015.04.09 19:14:58.493,0.92837,0.92852,2.02,1.87
2015.04.09 19:14:59.127,0.92839,0.92852,2.32,1.87
2015.04.09 19:14:59.279,0.92838,0.92852,1.25,1.37
2015.04.09 19:15:01.640,0.92837,0.92852,2.02,1.57
2015.04.09 19:15:02.763,0.92836,0.92852,1.95,1.90
2015.04.09 19:15:02.916,0.92836,0.92852,1.12,2.47
2015.04.09 19:15:03.017,0.92835,0.92852,1.72,1.62
2015.04.09 19:15:03.169,0.92837,0.92852,1.17,1.55
2015.04.09 19:15:03.808,0.92837,0.92853,1.15,1.65
2015.04.09 19:15:03.960,0.92837,0.92853,1.15,1.72
2015.04.09 19:15:04.476,0.92837,0.92853,1.17,1.72
2015.04.09 19:15:05.000,0.92837,0.92853,3.07,1.65
2015.04.09 19:15:05.529,0.92837,0.92853,1.15,1.57
2015.04.09 19:15:05.979,0.92838,0.92853,2.32,1.57
2015.04.09 19:15:06.282,0.92835,0.92851,4.57,1.57
2015.04.09 19:15:06.384,0.92835,0.9285,2.32,1.05
2015.04.09 19:15:06.933,0.92835,0.9285,2.32,1.05
2015.04.09 19:15:07.035,0.92833,0.9285,1.24,1.42
2015.04.09 19:15:07.186,0.92832,0.92848,1.57,3.82
2015.04.09 19:15:07.701,0.92832,0.92846,1.10,1.55
2015.04.09 19:15:09.539,0.92832,0.92846,1.10,3.15
2015.04.09 19:15:09.640,0.92832,0.92845,1.10,1.52
2015.04.09 19:15:09.742,0.9283,0.92845,1.00,1.72
2015.04.09 19:15:09.793,0.92829,0.92845,1.17,1.72
2015.04.09 19:15:10.298,0.92831,0.92845,1.10,1.27
2015.04.09 19:15:11.522,0.92832,0.92845,1.00,1.27
2015.04.09 19:15:12.082,0.92831,0.92845,1.27,1.20
2015.04.09 19:15:12.385,0.92829,0.92845,1.91,1.57
2015.04.09 19:15:12.638,0.92828,0.92845,2.66,1.72
2015.04.09 19:15:12.689,0.92828,0.92845,4.84,1.65
2015.04.09 19:15:12.992,0.92827,0.92843,1.27,2.02
2015.04.09 19:15:13.397,0.92828,0.92843,2.47,1.50
2015.04.09 19:15:13.499,0.92826,0.92842,6.00,1.75
2015.04.09 19:15:13.600,0.92829,0.92839,1.15,1.37
2015.04.09 19:15:14.006,0.92825,0.92837,3.07,1.37
2015.04.09 19:15:14.157,0.92828,0.92838,2.25,1.00
2015.04.09 19:15:14.410,0.92825,0.92838,3.45,1.37
2015.04.09 19:15:14.613,0.92825,0.92836,3.52,1.12
2015.04.09 19:15:14.815,0.92825,0.92836,3.52,1.00
2015.04.09 19:15:15.193,0.92823,0.92835,1.27,1.50
2015.04.09 19:15:15.893,0.92826,0.92835,1.10,1.37
2015.04.09 19:15:16.423,0.92826,0.92835,1.17,1.37
2015.04.09 19:15:17.572,0.92826,0.92835,1.17,1.00
2015.04.09 19:15:17.775,0.92826,0.92835,1.17,1.00
2015.04.09 19:15:17.877,0.92826,0.92839,1.54,1.12
2015.04.09 19:15:17.978,0.92828,0.92841,3.07,2.25
2015.04.09 19:15:18.080,0.92828,0.92841,2.32,1.00
2015.04.09 19:15:19.349,0.92829,0.92844,1.16,1.45
2015.04.09 19:15:27.997,0.92829,0.92843,1.27,1.45
2015.04.09 19:15:28.200,0.92825,0.92837,1.20,1.00
2015.04.09 19:15:28.251,0.92825,0.92837,1.00,1.00
2015.04.09 19:15:28.352,0.92825,0.92835,1.00,1.00
2015.04.09 19:15:28.853,0.92823,0.92835,1.17,1.00
2015.04.09 19:15:30.121,0.92823,0.92835,1.00,1.00
2015.04.09 19:15:32.713,0.92823,0.92836,1.00,1.20
2015.04.09 19:15:33.232,0.92823,0.92836,1.17,1.12
2015.04.09 19:15:33.748,0.92823,0.92836,1.00,1.27
2015.04.09 19:15:34.265,0.92819,0.92835,1.25,1.57
2015.04.09 19:15:38.377,0.92819,0.92835,1.25,1.95
2015.04.09 19:15:38.927,0.9282,0.92834,1.15,1.00
2015.04.09 19:15:40.231,0.9282,0.92835,1.15,1.95
2015.04.09 19:15:44.471,0.9282,0.92833,1.15,1.00
2015.04.09 19:15:45.718,0.9282,0.92835,3.07,1.57
2015.04.09 19:15:46.269,0.92822,0.92836,1.65,1.12
2015.04.09 19:15:54.961,0.92821,0.92836,1.37,2.02
2015.04.09 19:16:00.038,0.92826,0.92836,1.12,1.65
2015.04.09 19:16:00.342,0.92827,0.92838,3.52,1.00
2015.04.09 19:16:00.443,0.92829,0.9284,1.15,1.00
2015.04.09 19:16:01.009,0.92829,0.92841,1.15,1.00
2015.04.09 19:16:02.402,0.92831,0.92842,1.20,1.50
2015.04.09 19:16:03.812,0.92833,0.92842,1.00,1.50
2015.04.09 19:16:04.322,0.92832,0.92842,1.00,1.50
2015.04.09 19:16:05.625,0.92832,0.92841,1.00,1.00
2015.04.09 19:16:06.160,0.92831,0.92841,1.20,1.37
2015.04.09 19:16:07.342,0.92829,0.92842,2.10,1.12
2015.04.09 19:16:08.010,0.92831,0.92843,1.72,1.37
2015.04.09 19:16:12.742,0.92831,0.92843,1.35,1.12
2015.04.09 19:16:13.782,0.92831,0.92843,1.20,1.12
2015.04.09 19:16:15.376,0.92831,0.92843,1.20,1.37
2015.04.09 19:16:17.563,0.92828,0.92842,1.35,1.45
2015.04.09 19:16:17.614,0.92828,0.92842,1.27,1.55
2015.04.09 19:16:17.665,0.92828,0.92842,1.27,1.47
2015.04.09 19:16:18.183,0.92828,0.92842,1.35,1.55
2015.04.09 19:16:18.497,0.92828,0.92842,3.52,1.37
2015.04.09 19:16:20.162,0.92828,0.92842,4.20,1.00
2015.04.09 19:16:20.668,0.92829,0.92842,2.77,1.50
2015.04.09 19:16:24.280,0.92829,0.92842,2.77,1.37
2015.04.09 19:16:30.215,0.92829,0.92842,2.77,1.00
2015.04.09 19:16:30.417,0.92828,0.92842,2.02,1.50
2015.04.09 19:16:31.941,0.92828,0.92842,2.02,1.87
2015.04.09 19:16:33.002,0.92828,0.92841,1.10,1.47
2015.04.09 19:16:33.103,0.92828,0.92841,1.10,1.65
2015.04.09 19:16:33.406,0.92828,0.92839,1.00,2.59
2015.04.09 19:16:33.861,0.92823,0.92837,1.20,1.47
2015.04.09 19:16:33.963,0.92821,0.92831,1.72,1.00
2015.04.09 19:16:37.967,0.9282,0.92831,1.65,1.00
2015.04.09 19:16:49.014,0.92823,0.92831,1.00,1.00
2015.04.09 19:16:54.095,0.92822,0.92831,1.72,1.00
2015.04.09 19:16:54.449,0.92822,0.92831,1.00,1.15
2015.04.09 19:16:54.501,0.9282,0.92831,1.10,1.15
2015.04.09 19:16:54.606,0.92819,0.92831,1.50,1.52
2015.04.09 19:16:55.062,0.9281,0.92824,2.77,1.00
2015.04.09 19:16:55.466,0.9281,0.92824,1.57,1.10
2015.04.09 19:16:56.535,0.9281,0.92824,1.20,1.00
2015.04.09 19:17:04.307,0.92816,0.92828,1.00,1.15
2015.04.09 19:17:05.393,0.92816,0.92828,1.00,1.20
2015.04.09 19:17:06.384,0.92817,0.92832,1.50,8.02
2015.04.09 19:17:06.485,0.92817,0.92832,1.72,2.85
2015.04.09 19:17:06.789,0.92817,0.92832,4.65,1.00
2015.04.09 19:17:19.217,0.92819,0.92832,1.05,1.12
2015.04.09 19:17:19.319,0.92819,0.92832,2.02,1.12
2015.04.09 19:17:19.878,0.92819,0.92833,3.15,1.47
2015.04.09 19:17:20.182,0.92823,0.92834,3.45,1.37
2015.04.09 19:17:20.334,0.92827,0.92838,1.10,1.37
2015.04.09 19:17:21.184,0.92826,0.9284,2.77,1.37
2015.04.09 19:17:21.724,0.92829,0.92842,1.20,1.37
2015.04.09 19:17:23.428,0.92829,0.92841,1.00,2.62
2015.04.09 19:17:23.480,0.92827,0.92839,1.00,3.82
2015.04.09 19:17:23.581,0.92825,0.92836,1.00,1.55
2015.04.09 19:17:23.784,0.92821,0.92832,1.75,1.00
2015.04.09 19:17:24.407,0.92821,0.92832,1.20,1.00
2015.04.09 19:17:25.517,0.92821,0.92833,1.20,1.10
2015.04.09 19:17:27.903,0.92821,0.92833,1.95,1.10
2015.04.09 19:17:29.515,0.92821,0.92833,1.87,1.17
2015.04.09 19:17:30.044,0.92821,0.92833,1.50,1.17
2015.04.09 19:17:30.551,0.92821,0.92833,1.87,1.17
2015.04.09 19:17:42.093,0.92821,0.92834,1.12,1.15
2015.04.09 19:17:42.612,0.92822,0.92834,1.00,1.15
2015.04.09 19:17:43.128,0.9282,0.92834,1.95,1.15
2015.04.09 19:17:49.922,0.9282,0.92834,1.72,1.10
2015.04.09 19:17:51.894,0.92822,0.92835,1.10,1.55
2015.04.09 19:17:58.839,0.9282,0.92834,1.72,1.95
2015.04.09 19:17:59.349,0.9282,0.92834,1.72,1.95
2015.04.09 19:18:07.177,0.9282,0.92834,1.57,2.02
2015.04.09 19:18:11.748,0.9282,0.92834,1.72,1.37
2015.04.09 19:18:16.769,0.92821,0.92834,1.57,1.10
2015.04.09 19:18:17.274,0.92823,0.92837,1.00,1.27
2015.04.09 19:18:17.779,0.92822,0.92834,1.10,1.17
2015.04.09 19:18:18.364,0.92822,0.92834,2.10,1.00
2015.04.09 19:18:18.668,0.92829,0.92837,1.00,1.17
2015.04.09 19:18:19.137,0.92825,0.92837,1.50,1.17
2015.04.09 19:18:20.236,0.92827,0.92837,1.00,1.07
2015.04.09 19:18:20.438,0.92827,0.92838,1.00,1.20
2015.04.09 19:18:20.691,0.92827,0.92838,2.02,1.00
2015.04.09 19:18:20.995,0.92828,0.92837,1.20,1.37
2015.04.09 19:18:21.148,0.92826,0.9284,1.27,1.57
2015.04.09 19:18:21.704,0.92826,0.9284,1.52,1.65
2015.04.09 19:18:21.805,0.92826,0.9284,1.47,1.65
2015.04.09 19:18:22.110,0.92824,0.92836,2.77,1.00
2015.04.09 19:18:22.676,0.92824,0.92836,1.72,1.00
2015.04.09 19:18:22.866,0.92825,0.92839,1.47,1.17
2015.04.09 19:18:23.463,0.92825,0.92839,1.47,1.17
2015.04.09 19:18:23.665,0.92825,0.92839,1.10,1.17
2015.04.09 19:18:24.071,0.92825,0.92839,1.00,3.34
2015.04.09 19:18:24.273,0.92821,0.92834,1.10,1.27
2015.04.09 19:18:24.577,0.92821,0.92835,1.00,2.02
2015.04.09 19:18:24.830,0.92818,0.92831,1.30,1.37
2015.04.09 19:18:26.166,0.92816,0.9283,1.20,1.52
2015.04.09 19:18:26.267,0.92818,0.92831,1.00,1.55
2015.04.09 19:18:27.092,0.92818,0.92831,1.00,3.45
2015.04.09 19:18:27.143,0.92815,0.92829,1.87,1.52
2015.04.09 19:18:27.585,0.92818,0.92829,1.00,1.52
2015.04.09 19:18:27.687,0.92818,0.9283,1.87,1.10
2015.04.09 19:18:27.889,0.92821,0.92834,1.37,1.15
2015.04.09 19:18:27.990,0.92821,0.92835,1.45,2.02
2015.04.09 19:18:28.092,0.92823,0.92836,1.52,1.00
2015.04.09 19:18:28.345,0.92826,0.92838,1.12,1.00
2015.04.09 19:18:28.853,0.92826,0.92838,1.37,1.00
2015.04.09 19:18:31.480,0.92826,0.92838,1.00,1.00
2015.04.09 19:18:31.581,0.92826,0.92838,1.00,1.27
2015.04.09 19:18:31.894,0.92826,0.92838,1.95,1.00
2015.04.09 19:18:32.624,0.92826,0.92836,1.20,1.00
2015.04.09 19:18:32.877,0.92826,0.92838,1.20,1.00
2015.04.09 19:18:33.029,0.92826,0.92836,1.00,4.50
2015.04.09 19:18:33.232,0.92825,0.92836,1.00,1.65
2015.04.09 19:18:33.637,0.92831,0.92836,1.00,1.10
2015.04.09 19:18:34.144,0.92831,0.92837,1.00,1.00
2015.04.09 19:18:34.651,0.92831,0.92839,1.00,1.27
2015.04.09 19:18:35.546,0.92827,0.92839,1.50,1.16
2015.04.09 19:18:36.052,0.92828,0.92837,1.20,1.00
2015.04.09 19:18:37.339,0.92828,0.92837,1.80,1.00
2015.04.09 19:18:37.542,0.92828,0.92839,2.10,1.08
2015.04.09 19:18:37.643,0.92829,0.92839,1.10,1.16
2015.04.09 19:18:37.744,0.92829,0.92839,1.37,1.16
2015.04.09 19:18:38.138,0.92829,0.92839,1.00,1.43
2015.04.09 19:18:39.220,0.92829,0.92839,1.00,1.16
2015.04.09 19:18:39.725,0.92829,0.92842,1.85,1.19
2015.04.09 19:18:40.534,0.9283,0.92843,1.62,1.25
2015.04.09 19:18:40.686,0.92829,0.92843,1.12,1.32
2015.04.09 19:18:41.751,0.92828,0.92842,1.65,1.52
2015.04.09 19:18:41.852,0.92829,0.92842,1.57,1.44
2015.04.09 19:18:41.954,0.92832,0.92842,1.45,1.00
2015.04.09 19:18:42.005,0.92832,0.92845,2.02,1.20
2015.04.09 19:18:42.511,0.92834,0.92846,1.00,1.27
2015.04.09 19:18:43.313,0.92831,0.92845,1.27,1.17
2015.04.09 19:18:43.915,0.9283,0.92842,2.21,1.00
2015.04.09 19:18:44.218,0.9283,0.92842,1.87,1.07
2015.04.09 19:18:44.270,0.9283,0.92842,1.50,1.45
2015.04.09 19:18:44.473,0.92828,0.92841,1.00,2.02
2015.04.09 19:18:44.625,0.92828,0.92841,1.15,1.12
2015.04.09 19:18:45.157,0.92828,0.92842,1.15,1.20
2015.04.09 19:18:50.548,0.92828,0.92842,1.00,1.15
2015.04.09 19:19:01.847,0.92828,0.92841,1.12,2.32
2015.04.09 19:19:02.191,0.92826,0.92837,2.25,1.17
2015.04.09 19:19:02.242,0.92824,0.92837,1.00,1.17
2015.04.09 19:19:02.749,0.92822,0.92836,1.27,1.57
2015.04.09 19:19:03.347,0.92822,0.92834,1.27,1.00
2015.04.09 19:19:06.038,0.92822,0.92834,1.20,1.07
2015.04.09 19:19:06.741,0.92822,0.92833,1.12,1.17
2015.04.09 19:19:10.037,0.92821,0.92834,1.75,1.15
2015.04.09 19:19:10.689,0.92821,0.92834,1.95,1.00
2015.04.09 19:19:11.243,0.92821,0.92834,1.75,1.17
2015.04.09 19:19:12.258,0.92821,0.92835,1.95,1.27
2015.04.09 19:19:14.394,0.92822,0.92834,1.50,1.10
2015.04.09 19:19:14.899,0.92822,0.92836,1.50,2.10
2015.04.09 19:19:15.764,0.92822,0.92835,1.10,1.20
2015.04.09 19:19:16.279,0.92822,0.92834,2.10,1.12
2015.04.09 19:19:17.644,0.92822,0.92834,2.10,1.12
2015.04.09 19:19:18.584,0.92822,0.92836,2.92,1.95
2015.04.09 19:19:19.101,0.92825,0.92837,1.00,2.70
2015.04.09 19:19:19.362,0.92825,0.92837,1.00,2.32
2015.04.09 19:19:20.075,0.92826,0.9284,1.07,1.37
2015.04.09 19:19:30.834,0.92826,0.92838,2.32,1.10
2015.04.09 19:19:31.344,0.92827,0.92839,2.40,1.00
2015.04.09 19:19:31.850,0.92828,0.92842,1.35,1.15
2015.04.09 19:19:32.296,0.92828,0.92842,1.35,1.10
2015.04.09 19:19:32.506,0.92828,0.92842,1.27,1.17
2015.04.09 19:19:32.863,0.92828,0.92842,1.20,1.55
2015.04.09 19:19:33.369,0.92826,0.9284,1.65,1.45
2015.04.09 19:19:37.621,0.92826,0.9284,1.72,1.00
2015.04.09 19:19:38.454,0.92828,0.92842,1.47,1.17
2015.04.09 19:19:38.556,0.92828,0.92842,1.20,1.17
2015.04.09 19:19:39.084,0.92828,0.92842,1.35,1.07
2015.04.09 19:19:39.186,0.92828,0.92842,1.35,1.10
2015.04.09 19:19:40.033,0.92828,0.92842,1.27,1.10
2015.04.09 19:19:40.134,0.92828,0.92842,2.32,1.10
2015.04.09 19:19:40.439,0.92835,0.92846,2.02,1.20
2015.04.09 19:19:40.787,0.92835,0.92844,1.92,1.00
2015.04.09 19:19:41.307,0.92836,0.92845,1.20,1.00
2015.04.09 19:19:42.652,0.92836,0.92846,1.20,1.20
2015.04.09 19:19:43.477,0.92836,0.92846,1.47,1.20
2015.04.09 19:19:45.378,0.92835,0.92846,1.72,1.20
2015.04.09 19:19:45.909,0.92835,0.92845,1.47,1.00
2015.04.09 19:19:46.600,0.92835,0.92847,1.57,1.20
2015.04.09 19:19:46.702,0.92835,0.92847,2.10,1.20
2015.04.09 19:19:47.007,0.92838,0.92852,1.65,1.30
2015.04.09 19:19:47.058,0.92838,0.92852,2.10,1.00
2015.04.09 19:19:47.210,0.9284,0.92854,1.27,1.33
2015.04.09 19:19:47.918,0.9284,0.92854,1.12,1.15
2015.04.09 19:19:48.786,0.92839,0.92851,1.57,1.00
2015.04.09 19:19:48.887,0.9284,0.92854,2.25,1.15
2015.04.09 19:19:49.222,0.9284,0.92853,1.12,1.15
2015.04.09 19:19:50.165,0.92838,0.9285,2.77,1.00
2015.04.09 19:19:50.690,0.92838,0.9285,1.87,1.07
2015.04.09 19:19:51.053,0.92834,0.92848,1.95,1.35
2015.04.09 19:19:51.104,0.92834,0.92845,1.95,1.00
2015.04.09 19:19:51.356,0.92834,0.92847,1.95,1.20
2015.04.09 19:19:51.609,0.92837,0.92847,1.65,1.00
2015.04.09 19:19:51.660,0.9284,0.92849,1.00,1.00
2015.04.09 19:19:51.711,0.9284,0.92851,1.00,1.00
2015.04.09 19:19:56.041,0.9284,0.92853,1.00,1.17
2015.04.09 19:19:57.863,0.9284,0.92851,1.00,4.50
2015.04.09 19:19:58.167,0.92834,0.92845,2.62,1.15
2015.04.09 19:19:58.319,0.92834,0.92845,1.00,1.65
2015.04.09 19:19:58.926,0.92831,0.92843,1.00,1.10
2015.04.09 19:19:58.978,0.92828,0.92841,1.39,1.15
2015.04.09 19:19:59.364,0.92828,0.9284,1.19,2.32
2015.04.09 19:19:59.780,0.92828,0.92838,1.00,1.00
2015.04.09 19:20:00.977,0.92828,0.92842,1.87,1.27
2015.04.09 19:20:02.630,0.92828,0.92842,1.57,1.15
2015.04.09 19:20:03.583,0.92828,0.92842,1.95,1.15
2015.04.09 19:20:04.236,0.92828,0.92842,1.95,1.15
2015.04.09 19:20:12.698,0.92828,0.92842,1.95,1.15
2015.04.09 19:20:13.697,0.92828,0.92841,1.95,2.32
2015.04.09 19:20:15.619,0.92828,0.92842,1.95,1.17
2015.04.09 19:20:16.375,0.92828,0.92842,1.95,1.17
2015.04.09 19:20:21.594,0.92828,0.92842,1.62,1.00
2015.04.09 19:20:22.145,0.92829,0.92843,2.02,1.10
2015.04.09 19:20:27.714,0.92831,0.92845,1.65,1.50
2015.04.09 19:20:27.926,0.92836,0.92848,1.50,1.72
2015.04.09 19:20:28.229,0.92839,0.92849,1.45,1.00
2015.04.09 19:20:28.533,0.9284,0.92853,1.65,1.00
2015.04.09 19:20:29.042,0.9284,0.92853,1.50,1.17
2015.04.09 19:20:29.346,0.9284,0.92852,1.00,1.15
2015.04.09 19:20:29.397,0.92839,0.92849,1.50,2.32
2015.04.09 19:20:29.549,0.92836,0.92847,1.37,1.15
2015.04.09 19:20:29.905,0.92832,0.92844,1.55,1.10
2015.04.09 19:20:30.457,0.92832,0.92844,1.57,1.50
2015.04.09 19:20:32.832,0.92832,0.92844,1.37,1.65
2015.04.09 19:20:33.237,0.92831,0.92843,1.37,1.27
2015.04.09 19:20:33.288,0.92829,0.92841,1.95,1.20
2015.04.09 19:20:33.440,0.92829,0.92841,1.37,1.52
2015.04.09 19:20:43.969,0.92825,0.92839,1.57,1.17
2015.04.09 19:20:44.223,0.92825,0.92839,1.47,1.35
2015.04.09 19:20:44.730,0.92824,0.92837,1.37,1.27
2015.04.09 19:20:46.951,0.92824,0.92837,1.37,1.27
2015.04.09 19:21:02.663,0.92819,0.9283,2.32,1.00
2015.04.09 19:21:02.976,0.92816,0.92829,1.91,1.10
2015.04.09 19:21:03.027,0.92818,0.92831,1.52,1.50
2015.04.09 19:21:05.833,0.92819,0.92831,1.67,1.00
2015.04.09 19:21:11.347,0.92819,0.92831,1.67,1.00
2015.04.09 19:21:19.185,0.92819,0.92831,1.30,1.00
2015.04.09 19:21:23.919,0.92819,0.92831,1.07,1.00
2015.04.09 19:21:36.745,0.92817,0.92831,1.20,1.90
2015.04.09 19:21:36.846,0.92815,0.92829,1.50,1.27
2015.04.09 19:21:36.947,0.92815,0.92829,1.50,2.02
2015.04.09 19:21:44.189,0.92815,0.92827,1.00,1.15
2015.04.09 19:21:44.240,0.92812,0.92826,1.57,1.17
2015.04.09 19:21:51.682,0.92812,0.92826,1.65,1.00
2015.04.09 19:22:00.324,0.92815,0.92829,1.00,1.27
2015.04.09 19:22:06.476,0.92813,0.92827,1.80,1.20
2015.04.09 19:22:08.114,0.92813,0.92827,1.20,1.15
2015.04.09 19:22:13.142,0.92812,0.92826,1.65,1.17
2015.04.09 19:22:22.210,0.92812,0.92826,2.10,1.07
2015.04.09 19:22:22.312,0.92814,0.92828,1.65,1.20
2015.04.09 19:22:23.372,0.92814,0.92828,2.02,1.20
2015.04.09 19:22:25.804,0.92814,0.92828,2.02,1.10
2015.04.09 19:22:27.571,0.92817,0.92829,1.00,1.12
2015.04.09 19:22:28.417,0.92817,0.92829,1.07,1.12
2015.04.09 19:22:28.720,0.92822,0.92834,1.00,1.00
2015.04.09 19:22:29.192,0.92823,0.92834,1.12,1.00
2015.04.09 19:22:32.195,0.92825,0.92839,1.12,3.07
2015.04.09 19:22:32.246,0.92825,0.92839,1.27,1.00
2015.04.09 19:22:32.347,0.92829,0.92841,1.10,1.12
2015.04.09 19:22:32.862,0.92829,0.92841,1.10,1.00
2015.04.09 19:22:35.233,0.92829,0.92841,1.10,1.07
2015.04.09 19:22:35.385,0.92826,0.9284,1.10,1.55
2015.04.09 19:22:35.436,0.92826,0.9284,1.10,3.45
2015.04.09 19:22:35.639,0.92823,0.92837,2.89,1.15
2015.04.09 19:22:36.462,0.92823,0.92837,2.32,1.15
2015.04.09 19:22:37.619,0.92823,0.92837,1.07,1.17
2015.04.09 19:22:37.670,0.92823,0.92837,1.15,1.20
2015.04.09 19:22:41.611,0.92824,0.92837,1.20,1.17
2015.04.09 19:22:41.813,0.92823,0.92837,1.20,3.07
2015.04.09 19:22:42.333,0.92823,0.92836,1.20,1.15
2015.04.09 19:22:42.698,0.92822,0.92836,1.57,1.17
2015.04.09 19:22:44.081,0.92824,0.92836,1.00,1.17
2015.04.09 19:22:45.875,0.92822,0.92835,2.32,1.07
2015.04.09 19:22:46.380,0.92821,0.92834,1.07,1.10
2015.04.09 19:22:46.923,0.92821,0.92835,1.65,1.50
2015.04.09 19:22:48.661,0.92823,0.92835,1.65,1.00
2015.04.09 19:22:51.041,0.92825,0.92837,2.40,1.00
2015.04.09 19:22:51.193,0.92825,0.92839,3.15,1.12
2015.04.09 19:22:52.416,0.92828,0.9284,1.45,1.37
2015.04.09 19:22:52.568,0.9283,0.92844,1.72,1.72
2015.04.09 19:22:52.872,0.92834,0.92844,1.20,1.20
2015.04.09 19:22:55.200,0.92835,0.92846,1.17,1.15
2015.04.09 19:22:55.302,0.92837,0.92851,1.45,1.17
2015.04.09 19:22:55.404,0.92839,0.92851,2.62,1.20
2015.04.09 19:22:55.861,0.9284,0.9285,1.20,1.00
2015.04.09 19:22:56.202,0.9284,0.92853,1.20,1.35
2015.04.09 19:22:57.063,0.9284,0.92853,1.20,1.35
2015.04.09 19:22:57.687,0.9284,0.92853,1.20,1.35
2015.04.09 19:22:59.372,0.9284,0.92853,1.20,1.35
2015.04.09 19:23:00.162,0.92841,0.92853,1.00,1.35
2015.04.09 19:23:00.804,0.92841,0.92853,1.00,1.35
2015.04.09 19:23:02.170,0.92841,0.92853,1.00,1.80
2015.04.09 19:23:06.875,0.92841,0.92853,1.00,1.35
2015.04.09 19:23:19.641,0.9284,0.92853,1.20,1.80
2015.04.09 19:23:19.884,0.9284,0.92852,1.10,1.65
2015.04.09 19:23:20.197,0.92837,0.92851,1.20,1.27
2015.04.09 19:23:20.450,0.92835,0.92851,1.27,1.27
2015.04.09 19:23:23.981,0.92835,0.92849,1.27,1.46
2015.04.09 19:23:24.082,0.92835,0.92846,1.27,2.70
2015.04.09 19:23:24.184,0.92834,0.92846,1.00,6.75
2015.04.09 19:23:24.285,0.92831,0.92846,1.00,7.50
2015.04.09 19:23:24.387,0.92829,0.92841,1.12,1.07
2015.04.09 19:23:24.893,0.92828,0.92841,1.35,1.37
2015.04.09 19:23:25.420,0.9283,0.92841,1.20,1.37
2015.04.09 19:23:25.938,0.9283,0.92841,1.27,1.37
2015.04.09 19:23:27.084,0.9283,0.92842,1.27,2.62
2015.04.09 19:23:27.624,0.9283,0.92842,1.10,2.77
2015.04.09 19:23:28.162,0.9283,0.92842,1.17,2.70
2015.04.09 19:23:28.213,0.9283,0.92842,1.65,1.87
2015.04.09 19:23:28.617,0.92832,0.92844,1.00,1.47
2015.04.09 19:23:29.174,0.92834,0.92846,1.10,1.95
2015.04.09 19:23:29.630,0.92834,0.92846,1.32,1.37
2015.04.09 19:23:30.339,0.92836,0.92848,1.00,2.70
2015.04.09 19:23:35.913,0.92833,0.92846,1.84,1.47
2015.04.09 19:23:37.962,0.92833,0.92846,1.84,1.47
2015.04.09 19:23:38.490,0.92833,0.92846,1.15,1.87
2015.04.09 19:23:39.052,0.92833,0.92846,1.15,1.37
2015.04.09 19:23:49.602,0.92835,0.92846,1.00,1.37
2015.04.09 19:23:50.134,0.92833,0.92846,1.46,1.37
2015.04.09 19:23:50.612,0.92833,0.92846,1.46,1.12
2015.04.09 19:24:00.272,0.92833,0.92846,1.46,1.20
2015.04.09 19:24:00.710,0.92834,0.92847,3.26,1.37
2015.04.09 19:24:01.014,0.92845,0.92857,1.07,1.97
2015.04.09 19:24:01.116,0.92846,0.92859,1.17,1.39
2015.04.09 19:24:02.895,0.92843,0.92857,1.50,1.65
2015.04.09 19:24:02.946,0.92843,0.92854,1.00,1.07
2015.04.09 19:24:03.098,0.92841,0.92853,1.10,1.10
2015.04.09 19:24:04.831,0.92841,0.92853,1.87,1.10
2015.04.09 19:24:04.983,0.92843,0.92857,1.35,1.87
2015.04.09 19:24:05.236,0.92846,0.92857,1.07,1.10
2015.04.09 19:24:05.287,0.92847,0.92861,1.65,1.12
2015.04.09 19:24:06.147,0.9285,0.92864,1.00,1.54
2015.04.09 19:24:07.152,0.9285,0.92861,1.10,1.00
2015.04.09 19:24:07.458,0.9285,0.92859,1.10,1.15
2015.04.09 19:24:07.960,0.92849,0.92859,1.00,3.45
2015.04.09 19:24:08.011,0.92845,0.92857,1.50,1.52
2015.04.09 19:24:08.062,0.92845,0.92856,1.00,2.70
2015.04.09 19:24:08.164,0.92843,0.92856,1.10,4.01
2015.04.09 19:24:08.468,0.92843,0.92852,1.00,1.07
2015.04.09 19:24:08.519,0.92839,0.92852,1.00,1.15
2015.04.09 19:24:09.069,0.92838,0.92852,1.01,1.15
2015.04.09 19:24:16.480,0.92839,0.92852,1.00,1.15
2015.04.09 19:24:17.013,0.9284,0.92852,1.00,1.15
2015.04.09 19:24:21.681,0.92839,0.92852,1.20,1.15
2015.04.09 19:24:25.175,0.92839,0.92853,1.72,1.20
2015.04.09 19:24:25.276,0.92839,0.92853,1.87,1.55
2015.04.09 19:24:25.820,0.92839,0.92853,1.50,1.17
2015.04.09 19:24:26.328,0.92839,0.92853,2.62,1.15
2015.04.09 19:24:26.889,0.92839,0.92853,1.87,3.07
2015.04.09 19:24:27.494,0.92838,0.9285,1.20,1.17
2015.04.09 19:24:28.028,0.92838,0.9285,1.20,1.17
2015.04.09 19:24:38.977,0.92835,0.92849,1.46,1.17
2015.04.09 19:24:41.872,0.92835,0.92849,1.27,1.27
2015.04.09 19:24:41.974,0.92835,0.92849,1.20,3.82
2015.04.09 19:24:42.775,0.92833,0.92847,4.39,1.15
2015.04.09 19:24:43.309,0.92833,0.92847,4.39,1.15
2015.04.09 19:24:50.100,0.92835,0.92847,2.40,1.01
2015.04.09 19:24:51.109,0.92835,0.92849,4.27,1.27
2015.04.09 19:24:51.211,0.92835,0.92849,4.27,1.00
2015.04.09 19:24:51.698,0.92838,0.92852,2.10,1.00
2015.04.09 19:24:52.103,0.9284,0.92854,1.00,3.07
2015.04.09 19:24:52.651,0.92839,0.92851,1.10,1.17
2015.04.09 19:24:55.651,0.9284,0.92851,1.12,1.17
2015.04.09 19:24:55.955,0.92838,0.9285,1.10,1.15
2015.04.09 19:24:56.462,0.92835,0.92849,2.06,1.17
2015.04.09 19:25:02.141,0.92837,0.92849,1.20,1.00
2015.04.09 19:25:02.244,0.92838,0.9285,1.17,1.12
2015.04.09 19:25:02.649,0.92838,0.9285,2.02,1.12
2015.04.09 19:25:02.920,0.92846,0.92858,1.00,1.27
2015.04.09 19:25:02.971,0.92846,0.92858,1.17,1.00
2015.04.09 19:25:03.486,0.92847,0.9286,1.07,1.07
2015.04.09 19:25:04.157,0.92847,0.9286,1.10,1.40
2015.04.09 19:25:07.532,0.92846,0.92859,1.20,2.32
2015.04.09 19:25:07.837,0.92842,0.92854,1.50,1.46
2015.04.09 19:25:08.347,0.92841,0.92851,2.25,1.00
2015.04.09 19:25:08.398,0.92839,0.92851,1.65,1.00
2015.04.09 19:25:13.680,0.92839,0.92851,1.50,1.17
2015.04.09 19:25:14.319,0.92836,0.9285,3.22,1.10
2015.04.09 19:25:14.833,0.92836,0.9285,3.00,1.15
2015.04.09 19:25:15.885,0.92836,0.92847,2.25,1.00
2015.04.09 19:25:16.189,0.92831,0.92843,1.00,3.26
2015.04.09 19:25:16.241,0.92829,0.92841,1.00,1.52
2015.04.09 19:25:16.393,0.92827,0.92838,1.00,1.00
2015.04.09 19:25:16.927,0.92825,0.92838,1.37,1.00
2015.04.09 19:25:18.964,0.92824,0.92838,2.51,1.17
2015.04.09 19:25:20.941,0.92826,0.92838,1.57,1.07
2015.04.09 19:25:20.992,0.92826,0.92838,1.65,1.00
2015.04.09 19:25:21.542,0.92826,0.9284,3.26,1.17
2015.04.09 19:25:21.861,0.92826,0.92838,2.25,1.15
2015.04.09 19:25:22.115,0.92824,0.92835,1.00,1.15
2015.04.09 19:25:22.570,0.92819,0.92834,2.32,1.17
2015.04.09 19:25:23.095,0.9282,0.92835,1.12,1.15
2015.04.09 19:25:26.977,0.92823,0.92835,1.00,1.15
2015.04.09 19:25:28.086,0.92821,0.92836,1.72,1.17
2015.04.09 19:25:28.592,0.92822,0.92836,1.47,1.17
2015.04.09 19:25:29.098,0.92822,0.92836,1.10,1.17
2015.04.09 19:25:29.655,0.9282,0.92835,1.07,2.77
2015.04.09 19:25:29.807,0.92817,0.92833,1.57,3.45
2015.04.09 19:25:29.857,0.92817,0.92829,1.00,1.17
2015.04.09 19:25:29.959,0.92813,0.92827,1.35,1.20
2015.04.09 19:25:30.263,0.92811,0.92827,2.02,2.02
2015.04.09 19:25:30.364,0.92811,0.92827,1.30,2.02
2015.04.09 19:25:30.466,0.92812,0.92827,1.50,1.65
2015.04.09 19:25:30.618,0.92818,0.92831,1.00,1.27
2015.04.09 19:25:30.719,0.92818,0.92833,1.17,1.10
2015.04.09 19:25:31.192,0.92818,0.92836,2.29,1.65
2015.04.09 19:25:39.876,0.9282,0.92832,1.01,1.00
2015.04.09 19:25:40.078,0.92817,0.92832,2.21,1.07
2015.04.09 19:25:41.854,0.92816,0.92833,2.10,2.21
2015.04.09 19:25:42.057,0.92814,0.92828,1.16,1.10
2015.04.09 19:25:42.599,0.92813,0.92827,1.35,1.00
2015.04.09 19:25:43.057,0.92812,0.92825,1.05,1.00
2015.04.09 19:25:46.100,0.9281,0.92827,1.91,1.09
2015.04.09 19:25:50.187,0.9281,0.92825,1.27,1.07
2015.04.09 19:25:50.492,0.92808,0.92824,1.46,1.54
2015.04.09 19:25:50.794,0.92808,0.92824,1.46,1.16
2015.04.09 19:25:52.346,0.92807,0.92824,1.65,1.91
2015.04.09 19:25:59.302,0.92807,0.92823,1.46,1.15
2015.04.09 19:26:00.534,0.92808,0.92824,1.20,1.84
2015.04.09 19:26:09.347,0.92809,0.92822,1.22,2.32
2015.04.09 19:26:09.398,0.92808,0.92824,1.20,3.26
2015.04.09 19:26:09.911,0.92807,0.92824,1.80,1.91
2015.04.09 19:26:12.730,0.92807,0.92824,1.54,2.47
2015.04.09 19:26:14.630,0.92808,0.92824,1.01,1.91
2015.04.09 19:26:14.899,0.92811,0.92824,1.62,1.65
2015.04.09 19:26:14.950,0.92811,0.92826,6.19,1.37
2015.04.09 19:26:15.001,0.92811,0.92826,6.56,1.37
2015.04.09 19:26:15.153,0.92813,0.92829,1.84,1.37
2015.04.09 19:26:15.406,0.92815,0.9283,1.91,1.27
2015.04.09 19:26:15.920,0.92817,0.92832,1.55,1.90
2015.04.09 19:26:16.780,0.92819,0.92834,1.01,1.27
2015.04.09 19:26:18.335,0.92819,0.92834,1.01,1.27
2015.04.09 19:26:20.033,0.92819,0.92834,1.26,1.65
2015.04.09 19:26:30.525,0.92818,0.92834,2.89,1.65
2015.04.09 19:26:31.812,0.92818,0.92834,2.40,1.65
2015.04.09 19:26:31.964,0.92817,0.9283,2.62,2.32
2015.04.09 19:26:32.117,0.92817,0.9283,1.10,2.32
2015.04.09 19:26:32.370,0.92817,0.92828,1.00,3.45
2015.04.09 19:26:33.572,0.92813,0.92827,1.95,1.15
2015.04.09 19:26:43.336,0.92814,0.92827,1.20,1.27
2015.04.09 19:26:43.388,0.92814,0.92827,1.27,1.27
2015.04.09 19:26:44.643,0.92814,0.92827,1.27,1.57
2015.04.09 19:26:45.196,0.92812,0.92827,2.10,1.57
2015.04.09 19:26:45.714,0.92812,0.92827,2.29,1.27
2015.04.09 19:26:45.765,0.92817,0.92829,1.00,1.71
2015.04.09 19:26:54.543,0.92813,0.92827,1.27,1.27
2015.04.09 19:26:54.951,0.92813,0.92827,1.07,1.27
2015.04.09 19:26:55.458,0.92811,0.92824,1.36,1.00
2015.04.09 19:26:55.985,0.92812,0.92824,1.25,1.00
2015.04.09 19:27:01.923,0.92812,0.92828,1.50,2.66
2015.04.09 19:27:13.710,0.92812,0.92824,1.00,1.00
2015.04.09 19:27:18.660,0.92812,0.92824,1.47,1.00
2015.04.09 19:27:22.714,0.92812,0.92824,1.10,1.00
2015.04.09 19:27:23.265,0.92812,0.92824,1.47,1.00
2015.04.09 19:27:25.027,0.92814,0.92826,1.00,1.10
2015.04.09 19:27:28.881,0.92816,0.92827,1.00,1.17
2015.04.09 19:27:43.858,0.92816,0.92828,1.00,1.20
2015.04.09 19:27:49.107,0.92816,0.9283,1.32,1.39
2015.04.09 19:27:49.158,0.92816,0.9283,1.40,1.31
2015.04.09 19:27:49.694,0.92816,0.9283,1.16,1.95
2015.04.09 19:27:54.458,0.92816,0.9283,1.20,1.27
2015.04.09 19:27:54.862,0.92818,0.92831,1.00,1.46
2015.04.09 19:27:55.372,0.92817,0.92831,1.00,2.21
2015.04.09 19:27:58.365,0.92817,0.92831,1.57,1.09
2015.04.09 19:27:58.668,0.92817,0.92831,1.65,1.10
2015.04.09 19:27:59.987,0.92817,0.92831,4.20,1.00
2015.04.09 19:28:02.219,0.92817,0.92831,1.65,1.00
2015.04.09 19:28:02.798,0.92817,0.92831,1.57,1.29
2015.04.09 19:28:03.087,0.92817,0.92831,1.27,1.29
2015.04.09 19:28:03.591,0.92817,0.92829,1.27,1.00
2015.04.09 19:28:03.692,0.92817,0.92829,1.39,1.10
2015.04.09 19:28:04.680,0.92817,0.92829,1.46,1.00
2015.04.09 19:28:06.791,0.92817,0.92828,1.27,1.00
2015.04.09 19:28:07.167,0.92818,0.92828,1.77,1.00
2015.04.09 19:28:07.721,0.92818,0.92828,1.54,1.00
2015.04.09 19:28:10.180,0.92818,0.92828,1.46,1.00
2015.04.09 19:28:10.332,0.92818,0.9283,3.64,1.00
2015.04.09 19:28:10.716,0.92818,0.9283,1.46,1.00
2015.04.09 19:28:10.932,0.92818,0.9283,1.46,1.00
2015.04.09 19:28:11.546,0.92818,0.9283,1.46,1.00
2015.04.09 19:28:17.432,0.92818,0.9283,1.27,1.12
2015.04.09 19:28:18.622,0.92818,0.9283,1.27,1.12
2015.04.09 19:28:19.125,0.92818,0.9283,3.45,1.12
2015.04.09 19:28:20.126,0.92818,0.9283,1.27,1.12
2015.04.09 19:28:20.732,0.92818,0.9283,1.27,1.12
2015.04.09 19:28:20.834,0.92818,0.9283,1.27,1.12
2015.04.09 19:28:21.435,0.92818,0.9283,3.45,1.12
2015.04.09 19:28:21.940,0.92818,0.9283,1.17,1.12
2015.04.09 19:28:22.513,0.92818,0.9283,1.10,1.20
2015.04.09 19:28:23.097,0.92818,0.9283,1.07,1.27
2015.04.09 19:28:23.852,0.92818,0.9283,1.15,1.20
2015.04.09 19:28:27.777,0.92818,0.9283,1.01,1.20
2015.04.09 19:28:27.828,0.92818,0.9283,1.09,4.50
2015.04.09 19:28:29.067,0.92818,0.9283,1.01,4.50
2015.04.09 19:28:29.953,0.92818,0.9283,1.15,4.50
2015.04.09 19:28:33.803,0.92818,0.9283,1.15,1.00
2015.04.09 19:28:43.764,0.92818,0.92832,1.27,1.57
2015.04.09 19:28:55.489,0.92818,0.92832,3.82,1.50
2015.04.09 19:29:00.113,0.92818,0.92832,1.65,1.50
2015.04.09 19:29:00.265,0.92818,0.9283,1.27,1.00
2015.04.09 19:29:05.619,0.92818,0.9283,1.84,1.00
2015.04.09 19:29:06.618,0.92818,0.9283,1.84,1.00
2015.04.09 19:29:07.108,0.92818,0.92832,1.84,1.50
2015.04.09 19:29:11.922,0.92816,0.92831,1.16,1.15
2015.04.09 19:29:12.626,0.92816,0.92831,1.09,1.17
2015.04.09 19:29:13.609,0.92816,0.92831,1.09,1.17
2015.04.09 19:29:14.212,0.92816,0.92831,1.16,1.00
2015.04.09 19:29:18.419,0.92817,0.9283,1.10,1.09
2015.04.09 19:29:18.722,0.92817,0.92827,1.00,1.00
2015.04.09 19:29:19.036,0.92817,0.92829,1.52,1.00
2015.04.09 19:29:19.543,0.92817,0.92828,1.00,1.10
2015.04.09 19:29:20.498,0.92817,0.92827,1.00,1.00
2015.04.09 19:29:21.010,0.92817,0.92827,1.00,1.07
2015.04.09 19:29:21.594,0.92817,0.92829,1.52,1.00
2015.04.09 19:29:21.648,0.92818,0.92829,2.70,1.00
2015.04.09 19:29:21.750,0.92817,0.92829,1.52,1.00
2015.04.09 19:29:23.453,0.92817,0.92829,3.52,1.00
2015.04.09 19:29:25.348,0.92817,0.9283,3.71,1.00
2015.04.09 19:29:25.803,0.92818,0.92832,4.09,1.00
2015.04.09 19:29:27.764,0.92818,0.92831,4.76,1.00
2015.04.09 19:29:44.366,0.92818,0.92828,1.25,1.00
2015.04.09 19:29:44.568,0.92818,0.92828,1.07,1.00
2015.04.09 19:29:44.619,0.92818,0.92826,1.00,1.00
2015.04.09 19:29:45.692,0.92818,0.92828,1.00,1.00
2015.04.09 19:29:45.743,0.92822,0.92828,1.00,1.00
2015.04.09 19:29:46.284,0.92819,0.92828,1.15,1.00
2015.04.09 19:29:46.386,0.92819,0.92831,1.00,2.70
2015.04.09 19:29:46.924,0.92819,0.9283,1.17,1.00
2015.04.09 19:29:47.078,0.92819,0.92828,1.10,1.07
2015.04.09 19:29:47.179,0.92816,0.92826,1.00,1.00
2015.04.09 19:29:47.382,0.92814,0.92826,1.20,1.50
2015.04.09 19:29:47.990,0.92814,0.92824,1.10,1.50
2015.04.09 19:29:48.459,0.9281,0.92821,1.22,1.00
2015.04.09 19:29:51.401,0.9281,0.92821,3.15,1.00
2015.04.09 19:29:52.210,0.92814,0.92824,1.10,1.00
2015.04.09 19:29:52.803,0.92814,0.92824,1.07,1.00
2015.04.09 19:29:53.375,0.92814,0.92825,1.15,1.50
2015.04.09 19:29:56.316,0.92814,0.92826,2.10,3.00
2015.04.09 19:29:59.338,0.92814,0.92826,1.87,3.15
2015.04.09 19:29:59.440,0.92814,0.92826,1.10,3.15
2015.04.09 19:30:01.022,0.92814,0.92825,1.10,2.32
2015.04.09 19:30:01.527,0.92814,0.92826,1.00,3.90
2015.04.09 19:30:01.834,0.92814,0.92826,1.39,1.07
2015.04.09 19:30:01.936,0.92814,0.92826,2.21,1.07
2015.04.09 19:30:02.240,0.92814,0.92824,1.20,1.17
2015.04.09 19:30:02.543,0.92814,0.92825,1.10,2.32
2015.04.09 19:30:05.661,0.92814,0.92826,1.10,1.15
2015.04.09 19:30:06.183,0.92814,0.92826,1.20,1.15
2015.04.09 19:30:06.694,0.92814,0.92826,1.10,1.35
2015.04.09 19:30:10.461,0.92814,0.92826,1.10,2.47
2015.04.09 19:30:10.664,0.92814,0.92826,1.50,1.80
2015.04.09 19:30:10.987,0.92814,0.92824,1.20,1.17
2015.04.09 19:30:11.570,0.92814,0.92826,2.14,1.25
2015.04.09 19:30:12.078,0.92815,0.92826,1.30,1.00
2015.04.09 19:30:12.627,0.92814,0.92826,2.25,1.07
2015.04.09 19:30:13.209,0.92814,0.92826,1.10,1.07
2015.04.09 19:30:15.693,0.92814,0.92826,1.10,1.15
2015.04.09 19:30:16.548,0.9281,0.92822,1.22,1.00
2015.04.09 19:30:19.154,0.92808,0.92821,2.21,1.00
2015.04.09 19:30:19.205,0.92808,0.92821,1.84,1.17
2015.04.09 19:30:19.708,0.92808,0.92821,1.65,1.17
2015.04.09 19:30:20.359,0.92808,0.92821,1.65,1.20
2015.04.09 19:30:36.297,0.92808,0.92819,1.72,1.00
2015.04.09 19:30:36.551,0.92809,0.92822,1.22,1.50
2015.04.09 19:30:38.710,0.92809,0.92822,1.05,1.57
2015.04.09 19:30:43.691,0.92808,0.92819,1.54,1.00
2015.04.09 19:30:43.792,0.92808,0.92821,1.54,1.00
2015.04.09 19:31:16.608,0.92807,0.92821,1.71,1.32
2015.04.09 19:31:17.126,0.92808,0.92821,1.09,1.40
2015.04.09 19:31:26.473,0.92808,0.92822,1.09,1.30
2015.04.09 19:31:26.575,0.92808,0.92822,1.09,1.25
2015.04.09 19:31:27.081,0.92811,0.92822,2.06,1.20
2015.04.09 19:31:27.538,0.92809,0.92821,1.42,1.00
2015.04.09 19:31:27.690,0.92809,0.92821,1.35,1.50
2015.04.09 19:31:28.247,0.92809,0.92819,1.07,1.00
2015.04.09 19:31:28.297,0.92809,0.92819,1.00,1.00
2015.04.09 19:31:28.348,0.92809,0.92817,1.00,1.00
2015.04.09 19:31:28.853,0.92809,0.92816,1.00,1.00
2015.04.09 19:31:29.157,0.92807,0.92815,1.00,1.00
2015.04.09 19:31:29.258,0.92803,0.92815,1.09,1.00
2015.04.09 19:31:30.308,0.92803,0.92814,1.10,1.00
2015.04.09 19:31:33.179,0.92803,0.92813,1.00,1.00
2015.04.09 19:31:33.682,0.928,0.92812,2.59,1.00
2015.04.09 19:31:39.561,0.928,0.92811,2.14,1.00
2015.04.09 19:31:41.059,0.928,0.92811,1.10,1.00
2015.04.09 19:31:41.584,0.928,0.9281,1.10,1.00
2015.04.09 19:31:46.838,0.928,0.92809,1.10,1.00
2015.04.09 19:31:47.041,0.928,0.92812,1.20,2.25
2015.04.09 19:31:47.593,0.928,0.92811,1.20,1.00
2015.04.09 19:31:51.219,0.928,0.92811,1.35,1.00
2015.04.09 19:31:51.787,0.928,0.92812,1.35,1.00
2015.04.09 19:31:55.198,0.928,0.9281,1.46,1.00
2015.04.09 19:31:55.704,0.928,0.9281,1.20,1.00
2015.04.09 19:32:05.972,0.92798,0.92809,1.00,1.00
2015.04.09 19:32:06.747,0.92798,0.92809,1.00,1.07
2015.04.09 19:32:07.959,0.92798,0.92807,1.00,1.07
2015.04.09 19:32:08.061,0.92793,0.92805,1.20,1.32
2015.04.09 19:32:08.263,0.92789,0.92803,1.84,1.10
2015.04.09 19:32:09.032,0.92792,0.92803,1.01,1.10
2015.04.09 19:32:09.340,0.92791,0.92803,1.31,1.15
2015.04.09 19:32:12.003,0.92791,0.92803,1.97,1.27
2015.04.09 19:32:12.256,0.92794,0.92806,1.76,1.10
2015.04.09 19:32:12.358,0.92798,0.92807,1.00,1.17
2015.04.09 19:32:14.420,0.92798,0.92809,1.00,1.15
2015.04.09 19:32:17.487,0.92798,0.92809,1.00,1.15
2015.04.09 19:32:17.902,0.92796,0.92807,1.50,3.45
2015.04.09 19:32:18.155,0.92789,0.92802,1.31,1.15
2015.04.09 19:32:20.048,0.92789,0.92802,1.60,1.15
2015.04.09 19:32:22.976,0.92789,0.92802,1.31,1.10
2015.04.09 19:32:29.313,0.9279,0.92802,1.32,1.07
2015.04.09 19:32:31.041,0.92789,0.92802,1.31,1.15
2015.04.09 19:32:31.963,0.92789,0.92802,1.31,1.15
2015.04.09 19:32:33.367,0.92789,0.92802,1.31,1.15
2015.04.09 19:32:36.271,0.92789,0.92802,1.31,1.15
2015.04.09 19:32:36.372,0.92793,0.92806,1.39,1.10
2015.04.09 19:32:37.484,0.92793,0.92806,1.09,1.17
2015.04.09 19:32:38.537,0.92793,0.92807,1.46,1.15
2015.04.09 19:32:38.689,0.92793,0.92807,1.61,1.20
2015.04.09 19:32:39.248,0.92793,0.92807,2.14,1.17
2015.04.09 19:32:39.752,0.92793,0.92807,2.06,1.15
2015.04.09 19:32:41.388,0.92793,0.92804,1.50,1.50
2015.04.09 19:32:41.692,0.92789,0.92797,1.12,1.87
2015.04.09 19:32:41.794,0.92787,0.92797,1.95,1.87
2015.04.09 19:32:43.335,0.92787,0.92799,1.95,1.20
2015.04.09 19:32:44.898,0.92787,0.92799,1.57,1.47
2015.04.09 19:32:45.000,0.92787,0.92796,1.57,1.20
2015.04.09 19:32:45.102,0.92787,0.92796,1.10,1.20
2015.04.09 19:32:45.604,0.92787,0.92798,1.00,1.27
2015.04.09 19:32:46.921,0.92787,0.92798,1.95,1.15
2015.04.09 19:32:47.573,0.92787,0.92798,2.62,1.00
2015.04.09 19:32:56.107,0.92787,0.92798,1.35,1.00
2015.04.09 19:32:56.411,0.92788,0.92798,4.76,1.00
2015.04.09 19:32:56.563,0.92792,0.92803,2.70,1.37
2015.04.09 19:32:56.917,0.92796,0.92803,1.12,1.00
2015.04.09 19:32:57.423,0.92798,0.92802,1.00,1.00
2015.04.09 19:32:58.349,0.92796,0.92802,1.00,1.00
2015.04.09 19:32:58.450,0.92792,0.92802,1.52,1.37
2015.04.09 19:32:59.734,0.92794,0.92804,1.52,1.00
2015.04.09 19:33:00.288,0.92797,0.92804,1.00,1.00
2015.04.09 19:33:00.795,0.9279,0.928,1.27,1.37
2015.04.09 19:33:03.121,0.92789,0.928,2.40,1.37
2015.04.09 19:33:03.224,0.92791,0.92803,1.54,2.62
2015.04.09 19:33:03.541,0.92792,0.92803,2.77,1.50
2015.04.09 19:33:04.049,0.92793,0.92802,1.15,1.37
2015.04.09 19:33:04.151,0.92793,0.92803,1.00,1.37
2015.04.09 19:33:04.354,0.9279,0.928,1.20,1.37
2015.04.09 19:33:04.405,0.9279,0.928,1.10,1.37
2015.04.09 19:33:04.946,0.9279,0.928,1.50,3.37
2015.04.09 19:33:05.449,0.9279,0.928,2.06,3.37
2015.04.09 19:33:06.131,0.9279,0.92803,2.51,1.00
2015.04.09 19:33:06.232,0.9279,0.92804,4.76,2.25
2015.04.09 19:33:06.738,0.92793,0.92804,2.59,1.00
2015.04.09 19:33:07.662,0.92793,0.92805,2.59,1.00
2015.04.09 19:33:08.019,0.92794,0.92807,1.27,2.17
2015.04.09 19:33:08.566,0.92796,0.92807,1.85,2.17
2015.04.09 19:33:09.070,0.92799,0.92807,1.00,1.42
2015.04.09 19:33:09.573,0.92799,0.92807,1.20,1.42
2015.04.09 19:33:12.955,0.92799,0.92808,1.10,1.37
2015.04.09 19:33:13.902,0.92799,0.92808,1.00,1.65
2015.04.09 19:33:14.408,0.92799,0.92806,1.00,1.10
2015.04.09 19:33:15.163,0.92799,0.92806,1.00,1.17
2015.04.09 19:33:19.065,0.92799,0.92806,1.00,1.27
2015.04.09 19:33:19.167,0.92794,0.92806,1.57,2.02
2015.04.09 19:33:24.191,0.92794,0.92804,1.00,1.65
2015.04.09 19:33:24.949,0.92791,0.92803,2.21,1.57
2015.04.09 19:33:26.855,0.9279,0.92803,1.46,1.57
2015.04.09 19:33:46.663,0.92789,0.92803,2.14,2.02
2015.04.09 19:34:09.386,0.9279,0.92803,1.20,1.10
2015.04.09 19:34:12.039,0.9279,0.92803,1.79,1.00
2015.04.09 19:34:13.795,0.9279,0.92803,1.46,1.00
2015.04.09 19:34:14.222,0.92791,0.92803,1.31,1.00
2015.04.09 19:34:14.324,0.92793,0.92807,1.46,1.20
2015.04.09 19:34:14.425,0.92793,0.92807,1.91,1.20
2015.04.09 19:34:14.968,0.92794,0.92806,1.10,1.00
2015.04.09 19:34:15.069,0.92791,0.92802,1.39,1.00
2015.04.09 19:34:15.590,0.92791,0.92802,1.12,1.00
2015.04.09 19:34:18.144,0.92791,0.92802,1.12,1.57
2015.04.09 19:34:18.196,0.92789,0.92801,1.40,1.10
2015.04.09 19:34:18.247,0.92788,0.92801,2.06,1.15
2015.04.09 19:34:18.753,0.92788,0.92799,1.20,1.27
2015.04.09 19:34:19.297,0.92788,0.92799,1.00,1.27
2015.04.09 19:34:19.844,0.92788,0.92799,1.00,1.27
2015.04.09 19:34:32.682,0.92788,0.92797,1.00,1.00
2015.04.09 19:34:38.621,0.92784,0.92792,1.10,1.00
2015.04.09 19:34:38.823,0.92783,0.92796,2.96,1.00
2015.04.09 19:34:42.074,0.92784,0.92796,1.54,1.10
2015.04.09 19:34:42.582,0.92783,0.92796,2.21,1.10
2015.04.09 19:34:42.987,0.92783,0.92796,2.21,1.00
2015.04.09 19:34:43.810,0.92788,0.92796,1.00,1.00
2015.04.09 19:34:44.338,0.92788,0.92797,1.57,1.00
2015.04.09 19:34:45.329,0.92788,0.92798,1.50,1.00
2015.04.09 19:34:48.422,0.92788,0.92799,1.50,1.10
2015.04.09 19:34:48.929,0.92788,0.928,2.44,1.17
2015.04.09 19:34:50.465,0.92788,0.92799,1.20,1.10
2015.04.09 19:34:50.768,0.92789,0.928,1.65,1.87
2015.04.09 19:34:52.220,0.92789,0.92801,3.71,1.37
2015.04.09 19:34:53.141,0.92789,0.92801,1.47,1.37
2015.04.09 19:34:53.674,0.92788,0.92799,2.59,1.00
2015.04.09 19:34:54.050,0.9279,0.92799,1.60,1.00
2015.04.09 19:34:54.354,0.92791,0.92801,2.47,1.37
2015.04.09 19:34:54.709,0.9279,0.92802,1.46,1.87
2015.04.09 19:34:55.226,0.9279,0.92801,1.16,1.37
2015.04.09 19:34:56.333,0.9279,0.92801,1.16,1.37
2015.04.09 19:34:56.875,0.9279,0.928,1.41,1.00
2015.04.09 19:34:57.432,0.9279,0.928,1.22,1.37
2015.04.09 19:34:59.073,0.9279,0.928,1.09,1.37
2015.04.09 19:34:59.328,0.92789,0.92799,1.12,1.47
2015.04.09 19:34:59.480,0.92786,0.92794,2.25,1.00
2015.04.09 19:34:59.632,0.92786,0.92799,1.16,1.69
2015.04.09 19:35:00.148,0.92789,0.92802,1.20,2.70
2015.04.09 19:35:00.253,0.92789,0.92802,1.95,2.70
2015.04.09 19:35:00.567,0.92794,0.92804,1.00,1.37
2015.04.09 19:35:00.871,0.92789,0.92802,1.65,1.37
2015.04.09 19:35:01.651,0.92789,0.92799,1.12,1.37
2015.04.09 19:35:01.753,0.92787,0.92798,1.10,1.47
2015.04.09 19:35:01.855,0.92787,0.92801,1.20,2.21
2015.04.09 19:35:01.956,0.92787,0.92801,1.65,1.39
2015.04.09 19:35:02.465,0.92787,0.92801,2.40,2.14
2015.04.09 19:35:02.984,0.92787,0.92799,4.57,1.00
2015.04.09 19:35:07.242,0.92787,0.92799,2.40,1.00
2015.04.09 19:35:13.843,0.9279,0.92801,1.12,2.25
2015.04.09 19:35:15.507,0.92789,0.92801,2.10,1.00
2015.04.09 19:35:29.045,0.92789,0.92803,2.10,2.02
2015.04.09 19:35:29.551,0.9279,0.92803,1.27,1.37
2015.04.09 19:35:30.148,0.9279,0.92804,2.02,2.81
2015.04.09 19:35:30.653,0.9279,0.92804,2.02,2.81
2015.04.09 19:35:40.779,0.9279,0.92804,1.65,3.56
2015.04.09 19:35:41.285,0.9279,0.92801,1.57,1.12
2015.04.09 19:35:47.044,0.92788,0.92802,2.40,1.20
2015.04.09 19:35:57.757,0.92788,0.92802,1.35,1.65
2015.04.09 19:36:07.349,0.92788,0.92802,1.25,2.02
2015.04.09 19:36:09.045,0.92788,0.92802,1.25,2.14
2015.04.09 19:36:09.096,0.92788,0.92799,1.10,1.00
2015.04.09 19:36:09.198,0.92787,0.92797,1.00,1.00
2015.04.09 19:36:09.299,0.92785,0.92799,1.35,1.84
2015.04.09 19:36:09.502,0.92785,0.92799,3.82,1.69
2015.04.09 19:36:11.192,0.92786,0.928,3.90,1.50
2015.04.09 19:36:12.150,0.92788,0.92801,1.15,1.31
2015.04.09 19:36:17.089,0.92788,0.928,1.15,1.00
2015.04.09 19:36:19.503,0.92788,0.928,1.17,1.00
2015.04.09 19:36:20.049,0.92788,0.928,1.07,1.37
2015.04.09 19:36:20.151,0.92785,0.92797,1.95,1.00
2015.04.09 19:36:20.253,0.92783,0.92795,1.27,1.00
2015.04.09 19:36:21.840,0.92783,0.92797,1.62,1.10
2015.04.09 19:36:22.372,0.92784,0.92797,1.27,1.00
2015.04.09 19:36:22.423,0.92784,0.92797,1.07,1.47
2015.04.09 19:36:22.677,0.92778,0.92789,1.00,2.02
2015.04.09 19:36:22.778,0.92775,0.92789,3.34,2.21
2015.04.09 19:36:22.829,0.92775,0.92789,2.02,1.20
2015.04.09 19:36:23.234,0.92778,0.92792,1.84,1.57
2015.04.09 19:36:23.778,0.9278,0.92792,1.09,1.00
2015.04.09 19:36:27.211,0.92783,0.92793,1.10,1.00
2015.04.09 19:36:27.515,0.92783,0.92791,1.00,1.00
2015.04.09 19:36:27.566,0.92783,0.92793,1.00,1.00
2015.04.09 19:36:28.096,0.9278,0.92793,1.91,1.00
2015.04.09 19:36:29.849,0.9278,0.92791,2.21,1.00
2015.04.09 19:36:33.813,0.9278,0.92794,2.21,2.25
2015.04.09 19:36:34.319,0.9278,0.92793,1.46,1.10
2015.04.09 19:36:37.167,0.9278,0.92793,1.10,2.40
2015.04.09 19:36:37.269,0.92779,0.9279,1.39,1.20
2015.04.09 19:36:37.573,0.92775,0.92787,1.46,1.00
2015.04.09 19:36:38.898,0.92775,0.92789,1.74,1.07
2015.04.09 19:36:39.050,0.92777,0.9279,1.30,1.00
2015.04.09 19:36:39.644,0.92777,0.92791,1.30,1.20
2015.04.09 19:36:43.005,0.92776,0.92789,1.41,1.00
2015.04.09 19:36:43.471,0.92777,0.92791,1.16,1.20
2015.04.09 19:36:43.764,0.92777,0.92791,1.16,1.10
2015.04.09 19:36:51.598,0.92777,0.92791,1.27,1.57
2015.04.09 19:36:52.103,0.92776,0.92789,1.15,1.10
2015.04.09 19:36:58.233,0.92776,0.92789,1.46,1.57
2015.04.09 19:36:58.740,0.92776,0.92789,1.54,1.50
2015.04.09 19:37:01.202,0.92775,0.92789,1.87,1.15
2015.04.09 19:37:01.355,0.92775,0.92789,1.17,1.57
2015.04.09 19:37:01.858,0.92777,0.92791,1.00,2.21
2015.04.09 19:37:01.909,0.92777,0.92791,1.17,2.14
2015.04.09 19:37:19.243,0.92778,0.92791,1.27,1.10
2015.04.09 19:37:22.407,0.92778,0.92791,1.54,1.10
2015.04.09 19:37:25.541,0.92778,0.92791,1.20,1.10
2015.04.09 19:37:29.069,0.92777,0.92791,2.32,1.65
2015.04.09 19:37:29.120,0.92777,0.92791,2.32,1.65
2015.04.09 19:37:34.131,0.92777,0.92791,2.40,1.50
2015.04.09 19:37:34.232,0.92779,0.92792,1.87,1.95
2015.04.09 19:37:34.536,0.92784,0.92797,2.40,3.00
2015.04.09 19:37:34.840,0.92784,0.92796,1.27,2.70
2015.04.09 19:37:35.148,0.92782,0.92794,1.10,1.20
2015.04.09 19:37:35.312,0.92782,0.92793,1.10,1.37
2015.04.09 19:37:37.399,0.92782,0.92794,1.20,1.87
2015.04.09 19:37:37.867,0.92782,0.92794,2.02,1.87
2015.04.09 19:37:40.640,0.92782,0.92793,1.27,1.00
2015.04.09 19:37:41.149,0.92781,0.92793,2.32,1.37
2015.04.09 19:37:41.657,0.92781,0.92793,2.32,1.00
2015.04.09 19:37:42.362,0.92781,0.92795,1.95,1.17
2015.04.09 19:37:46.430,0.92781,0.92795,2.32,1.65
2015.04.09 19:37:46.531,0.92784,0.92797,1.57,1.07
2015.04.09 19:37:46.633,0.92787,0.928,1.07,1.10
2015.04.09 19:37:47.195,0.92787,0.928,1.95,1.10
2015.04.09 19:37:48.963,0.92789,0.92801,1.20,1.17
2015.04.09 19:37:50.057,0.92786,0.928,1.72,1.10
2015.04.09 19:37:50.108,0.92786,0.92798,1.25,1.00
2015.04.09 19:37:50.261,0.92784,0.92798,1.20,1.27
2015.04.09 19:37:50.771,0.92781,0.92795,2.02,1.00
2015.04.09 19:37:50.973,0.92782,0.92795,1.15,1.00
2015.04.09 19:37:51.518,0.92784,0.92796,1.07,1.10
2015.04.09 19:37:57.167,0.92784,0.92796,1.00,1.10
2015.04.09 19:38:00.087,0.92784,0.92796,1.45,1.00
2015.04.09 19:38:00.391,0.92784,0.92798,1.72,1.00
2015.04.09 19:38:00.970,0.92784,0.92798,1.72,1.20
2015.04.09 19:38:03.180,0.92784,0.92798,1.72,1.10
2015.04.09 19:38:05.089,0.92784,0.92798,1.27,1.07
2015.04.09 19:38:06.544,0.92784,0.92798,1.27,2.40
2015.04.09 19:38:06.797,0.9278,0.92794,1.50,2.02
2015.04.09 19:38:07.869,0.92778,0.92792,2.02,1.10
2015.04.09 19:38:08.371,0.92778,0.92792,1.35,1.10
2015.04.09 19:38:30.460,0.92778,0.92792,1.27,1.17
2015.04.09 19:38:30.511,0.92778,0.92792,1.27,1.15
2015.04.09 19:38:31.252,0.92778,0.92792,1.27,1.07
2015.04.09 19:39:03.100,0.92778,0.92791,1.20,1.10
2015.04.09 19:39:04.875,0.92779,0.92791,2.02,1.00
2015.04.09 19:39:05.282,0.92781,0.92794,1.35,1.00
2015.04.09 19:39:05.384,0.92783,0.92794,1.65,1.00
2015.04.09 19:39:05.689,0.92787,0.92799,1.65,1.20
2015.04.09 19:39:16.507,0.92787,0.92799,1.65,1.00
2015.04.09 19:39:28.131,0.92786,0.92799,1.27,1.00
2015.04.09 19:39:28.233,0.92785,0.92799,2.25,1.25
2015.04.09 19:39:28.384,0.92785,0.92798,1.10,1.65
2015.04.09 19:39:28.587,0.92783,0.92797,1.87,2.77
2015.04.09 19:39:28.839,0.92783,0.92797,2.02,1.65
2015.04.09 19:39:29.370,0.92785,0.92797,1.25,1.00
2015.04.09 19:39:29.573,0.92783,0.92797,4.09,1.00
2015.04.09 19:39:32.839,0.92784,0.92797,1.62,1.00
2015.04.09 19:39:33.143,0.92786,0.92797,1.25,1.00
2015.04.09 19:39:41.077,0.92785,0.92797,2.40,1.00
2015.04.09 19:39:41.623,0.92785,0.92796,1.20,1.00
2015.04.09 19:39:43.150,0.92784,0.92796,2.77,1.00
2015.04.09 19:39:43.682,0.92784,0.92796,2.77,1.00
2015.04.09 19:39:44.680,0.92784,0.92796,2.77,1.00
2015.04.09 19:39:45.214,0.92785,0.92796,1.15,1.00
2015.04.09 19:39:46.555,0.92784,0.92796,2.77,1.00
2015.04.09 19:39:47.138,0.92784,0.92796,2.77,1.00
2015.04.09 19:39:52.173,0.92784,0.92796,2.77,1.15
2015.04.09 19:39:52.678,0.92784,0.92794,2.77,1.00
2015.04.09 19:39:53.185,0.92784,0.92795,2.40,1.00
2015.04.09 19:40:00.206,0.92786,0.92796,1.22,1.15
2015.04.09 19:40:00.308,0.92786,0.92799,1.22,1.00
2015.04.09 19:40:01.613,0.92787,0.92801,1.25,1.68
2015.04.09 19:40:01.916,0.92788,0.92801,1.27,1.10
2015.04.09 19:40:01.967,0.92788,0.92801,1.27,1.00
2015.04.09 19:40:02.019,0.92788,0.92801,1.52,1.00
2015.04.09 19:40:02.566,0.92788,0.92802,1.52,1.50
2015.04.09 19:40:03.787,0.92788,0.92802,1.27,1.57
2015.04.09 19:40:04.292,0.92788,0.92802,1.27,1.15
2015.04.09 19:40:06.278,0.92788,0.92802,1.57,1.15
2015.04.09 19:40:06.582,0.92791,0.92803,1.20,1.00
2015.04.09 19:40:09.637,0.92791,0.92803,2.02,1.00
2015.04.09 19:40:09.739,0.92794,0.92808,1.62,2.02
2015.04.09 19:40:13.126,0.92794,0.92808,1.72,1.57
2015.04.09 19:40:14.707,0.92794,0.92806,1.72,1.00
2015.04.09 19:40:36.461,0.92796,0.92809,1.57,1.57
2015.04.09 19:40:36.765,0.92801,0.92809,1.27,1.00
2015.04.09 19:40:36.968,0.92801,0.92813,1.42,1.50
2015.04.09 19:40:37.473,0.92802,0.92814,1.52,1.12
2015.04.09 19:40:37.978,0.92805,0.92817,1.27,1.37
2015.04.09 19:40:38.130,0.92807,0.92819,1.17,1.00
2015.04.09 19:40:38.636,0.92807,0.9282,1.17,1.25
2015.04.09 19:40:41.757,0.92807,0.9282,1.17,1.50
2015.04.09 19:40:41.808,0.92806,0.92818,1.00,1.25
2015.04.09 19:40:41.859,0.92802,0.92814,2.40,1.37
2015.04.09 19:40:41.961,0.92802,0.92814,1.07,1.47
2015.04.09 19:40:43.937,0.92802,0.92813,1.07,1.37
2015.04.09 19:40:44.443,0.928,0.92812,1.27,1.37
2015.04.09 19:40:59.576,0.92798,0.92811,2.40,1.87
2015.04.09 19:40:59.627,0.92797,0.9281,1.20,2.70
2015.04.09 19:40:59.779,0.92795,0.92808,1.65,1.27
2015.04.09 19:41:07.860,0.92794,0.92808,2.70,1.65
2015.04.09 19:41:15.161,0.92794,0.92808,2.47,1.12
2015.04.09 19:41:15.798,0.92796,0.9281,1.00,2.02
2015.04.09 19:41:23.440,0.92794,0.92808,2.47,1.12
2015.04.09 19:41:25.725,0.92794,0.92808,2.47,1.50
2015.04.09 19:41:26.259,0.92794,0.92808,2.10,1.65
2015.04.09 19:41:31.682,0.92797,0.92809,1.00,2.02
2015.04.09 19:41:38.076,0.92792,0.92804,1.12,1.15
2015.04.09 19:41:38.229,0.92789,0.92801,1.10,1.15
2015.04.09 19:41:38.280,0.92787,0.92801,1.00,2.02
2015.04.09 19:41:38.395,0.92786,0.92798,1.20,1.50
2015.04.09 19:41:38.546,0.92784,0.92795,1.10,1.20
2015.04.09 19:41:38.951,0.92785,0.92796,1.17,1.50
2015.04.09 19:41:39.497,0.92785,0.92796,1.15,1.00
2015.04.09 19:41:39.598,0.92785,0.92799,1.15,2.25
2015.04.09 19:41:39.649,0.92785,0.92799,1.15,3.00
2015.04.09 19:41:39.906,0.92785,0.92798,1.20,1.95
2015.04.09 19:41:39.959,0.92785,0.92797,1.20,1.12
2015.04.09 19:41:41.066,0.92782,0.92796,1.20,3.15
2015.04.09 19:41:41.168,0.92779,0.92794,2.02,1.12
2015.04.09 19:41:45.438,0.92779,0.92793,2.02,1.20
2015.04.09 19:41:45.941,0.92779,0.92793,2.02,1.57
2015.04.09 19:41:50.285,0.92779,0.92793,1.27,1.57
2015.04.09 19:41:55.409,0.92776,0.92793,4.27,1.65
2015.04.09 19:41:56.114,0.92776,0.92793,1.15,3.22
2015.04.09 19:42:01.812,0.92778,0.92791,1.00,1.20
2015.04.09 19:42:04.892,0.92777,0.92792,1.65,1.35
2015.04.09 19:42:11.446,0.92777,0.92791,1.17,1.00
2015.04.09 19:42:13.751,0.92777,0.92791,1.00,1.17
2015.04.09 19:42:13.953,0.92775,0.92788,1.17,1.00
2015.04.09 19:42:14.257,0.92772,0.92788,1.52,6.90
2015.04.09 19:42:14.560,0.92774,0.92788,1.27,4.20
2015.04.09 19:42:14.822,0.92774,0.92788,1.27,3.37
2015.04.09 19:42:15.126,0.92776,0.9279,1.17,2.02
2015.04.09 19:42:26.316,0.92776,0.92791,1.25,2.02
2015.04.09 19:42:26.848,0.92776,0.92791,1.25,2.02
2015.04.09 19:42:27.583,0.92776,0.92792,1.72,2.02
2015.04.09 19:42:27.736,0.92776,0.9279,1.57,1.65
2015.04.09 19:42:27.887,0.92773,0.92787,1.65,3.45
2015.04.09 19:42:28.446,0.92775,0.92789,1.27,1.95
2015.04.09 19:42:28.547,0.92775,0.92791,5.62,2.62
2015.04.09 19:42:28.800,0.92777,0.92793,3.82,4.20
2015.04.09 19:42:33.582,0.92779,0.92791,1.17,1.00
2015.04.09 19:42:33.836,0.92774,0.92786,1.72,1.00
2015.04.09 19:42:34.503,0.92775,0.92789,1.20,1.10
2015.04.09 19:42:34.673,0.92775,0.92789,1.25,1.00
2015.04.09 19:42:38.012,0.92777,0.92791,1.10,1.27
2015.04.09 19:42:39.865,0.92777,0.92791,1.10,1.55
2015.04.09 19:42:41.545,0.92777,0.92791,1.47,1.55
2015.04.09 19:42:42.089,0.92777,0.92791,1.52,1.37
2015.04.09 19:42:42.635,0.92777,0.92791,2.02,1.57
2015.04.09 19:42:43.173,0.92777,0.92791,2.02,1.57
2015.04.09 19:42:45.293,0.92777,0.92791,1.15,1.57
2015.04.09 19:42:48.266,0.92777,0.92791,1.15,2.02
2015.04.09 19:42:48.798,0.92775,0.92789,2.02,1.45
2015.04.09 19:43:02.220,0.92775,0.92789,1.65,1.65
2015.04.09 19:43:09.351,0.92775,0.92789,1.20,1.35
2015.04.09 19:43:09.795,0.92775,0.92789,1.95,1.72
2015.04.09 19:43:11.583,0.92778,0.9279,1.00,1.72
2015.04.09 19:43:12.574,0.92778,0.9279,1.12,1.35
2015.04.09 19:43:12.675,0.92778,0.92792,3.45,1.95
2015.04.09 19:43:13.283,0.92778,0.92792,1.20,1.65
2015.04.09 19:43:13.807,0.92778,0.92792,1.20,1.72
2015.04.09 19:43:17.831,0.92778,0.9279,1.57,1.47
2015.04.09 19:43:25.242,0.92778,0.9279,1.12,1.55
2015.04.09 19:43:25.646,0.92776,0.92788,1.87,1.17
2015.04.09 19:43:26.154,0.92776,0.92788,1.95,1.00
2015.04.09 19:43:28.163,0.92776,0.92788,1.65,1.00
2015.04.09 19:43:28.467,0.92778,0.9279,1.17,1.20
2015.04.09 19:43:28.972,0.92778,0.92792,1.20,2.40
2015.04.09 19:43:29.493,0.92778,0.92792,1.20,1.72
2015.04.09 19:43:32.223,0.92778,0.92792,1.27,1.72
2015.04.09 19:43:42.130,0.92778,0.92792,1.27,4.72
2015.04.09 19:43:42.707,0.92778,0.92792,1.27,4.72
2015.04.09 19:43:44.364,0.92778,0.92792,1.65,1.72
2015.04.09 19:43:44.899,0.92778,0.92792,1.20,1.72
2015.04.09 19:43:54.596,0.92778,0.92792,1.27,3.22
2015.04.09 19:44:03.407,0.92777,0.92789,1.00,1.35
2015.04.09 19:44:04.272,0.92777,0.92789,1.00,1.35
2015.04.09 19:44:04.797,0.92777,0.92789,1.12,1.35
2015.04.09 19:44:07.573,0.92777,0.92789,1.50,1.35
2015.04.09 19:44:10.314,0.92779,0.92789,1.00,1.35
2015.04.09 19:44:11.301,0.92779,0.92791,1.00,5.77
2015.04.09 19:44:11.743,0.92777,0.92791,1.57,5.40
2015.04.09 19:44:11.895,0.92777,0.92791,1.65,4.35
2015.04.09 19:44:14.063,0.92777,0.92791,2.40,1.35
2015.04.09 19:44:21.155,0.92778,0.92791,1.34,1.20
2015.04.09 19:44:21.206,0.92778,0.92792,2.21,1.10
2015.04.09 19:44:21.408,0.92783,0.92797,1.10,1.57
2015.04.09 19:44:21.560,0.92788,0.92798,1.00,1.62
2015.04.09 19:44:25.829,0.92782,0.92792,1.17,1.00
2015.04.09 19:44:25.930,0.92781,0.92792,1.00,1.10
2015.04.09 19:44:26.031,0.92779,0.92792,1.10,1.27
2015.04.09 19:44:31.187,0.92778,0.9279,1.07,3.30
2015.04.09 19:44:31.491,0.92778,0.92789,1.00,2.32
2015.04.09 19:44:34.464,0.92778,0.9279,1.00,1.27
2015.04.09 19:44:44.158,0.92778,0.92791,1.00,5.77
2015.04.09 19:44:51.311,0.92778,0.92791,1.00,2.40
2015.04.09 19:45:00.372,0.92778,0.92792,1.20,4.72
2015.04.09 19:45:06.808,0.92778,0.92792,1.17,1.45
2015.04.09 19:45:07.327,0.92778,0.92792,1.27,1.45
2015.04.09 19:45:07.991,0.92778,0.92792,1.12,1.52
2015.04.09 19:45:10.667,0.92778,0.92792,1.37,1.62
2015.04.09 19:45:10.819,0.92778,0.92792,1.55,1.20
2015.04.09 19:45:14.342,0.92778,0.92792,1.07,4.35
2015.04.09 19:45:14.864,0.92778,0.92792,1.17,4.35
2015.04.09 19:45:28.213,0.92777,0.92793,1.35,4.27
2015.04.09 19:45:31.333,0.92777,0.92793,1.65,3.90
2015.04.09 19:45:34.705,0.92777,0.92793,1.65,3.52
2015.04.09 19:45:40.142,0.92777,0.92795,3.52,4.72
2015.04.09 19:45:40.764,0.92777,0.92795,1.62,4.72
2015.04.09 19:45:46.435,0.92778,0.92795,1.55,4.72
2015.04.09 19:45:50.441,0.92778,0.92794,2.77,3.60
2015.04.09 19:45:50.962,0.92778,0.92794,2.70,4.35
2015.04.09 19:45:51.164,0.92778,0.92794,2.77,3.60
2015.04.09 19:45:51.689,0.92778,0.92794,2.77,3.60
2015.04.09 19:45:56.682,0.92776,0.92792,1.52,3.52
2015.04.09 19:45:56.783,0.92776,0.92792,1.55,3.52
2015.04.09 19:45:56.935,0.92778,0.92792,1.45,3.45
2015.04.09 19:45:56.986,0.92778,0.92792,1.52,3.00
2015.04.09 19:45:57.512,0.92777,0.92793,3.45,3.52
2015.04.09 19:45:57.834,0.92777,0.92793,1.55,3.52
2015.04.09 19:45:58.423,0.92777,0.92793,1.52,3.45
2015.04.09 19:45:58.942,0.92777,0.92794,1.65,3.52
2015.04.09 19:46:00.052,0.92779,0.92796,1.52,1.09
2015.04.09 19:46:00.204,0.9278,0.92797,4.87,1.72
2015.04.09 19:46:00.306,0.92782,0.92797,2.70,1.42
2015.04.09 19:46:00.836,0.92787,0.92797,1.45,1.42
2015.04.09 19:46:00.988,0.92784,0.92796,2.10,1.37
2015.04.09 19:46:01.089,0.92784,0.92798,1.65,1.00
2015.04.09 19:46:01.140,0.92785,0.92796,1.27,1.00
2015.04.09 19:46:01.241,0.92784,0.92798,2.47,1.00
2015.04.09 19:46:01.648,0.92784,0.92798,1.25,1.37
2015.04.09 19:46:02.163,0.92788,0.92797,1.00,1.47
2015.04.09 19:46:03.493,0.92787,0.92797,1.00,1.47
2015.04.09 19:46:06.460,0.92787,0.92797,1.00,1.47
2015.04.09 19:46:07.267,0.92788,0.92798,1.00,4.27
2015.04.09 19:46:11.582,0.92788,0.92796,1.00,3.45
2015.04.09 19:46:11.683,0.9278,0.92791,2.70,1.00
2015.04.09 19:46:11.835,0.92779,0.92791,2.25,1.17
2015.04.09 19:46:12.038,0.9278,0.92791,1.55,1.00
2015.04.09 19:46:12.090,0.9278,0.92791,1.65,1.00
2015.04.09 19:46:12.191,0.92781,0.92793,2.32,1.00
2015.04.09 19:46:12.895,0.92781,0.92793,3.07,1.00
2015.04.09 19:46:15.041,0.92781,0.92792,2.32,1.00
2015.04.09 19:46:15.559,0.92781,0.92792,1.57,1.00
2015.04.09 19:46:16.023,0.9278,0.92792,1.12,1.17
2015.04.09 19:46:16.528,0.92778,0.92792,1.87,1.15
2015.04.09 19:46:17.271,0.92778,0.92792,1.50,6.45
2015.04.09 19:46:18.536,0.92778,0.92792,1.57,1.27
2015.04.09 19:46:18.638,0.92778,0.92792,1.57,1.27
2015.04.09 19:46:19.661,0.92778,0.92792,1.50,1.52
2015.04.09 19:46:20.187,0.92778,0.92792,1.12,4.27
2015.04.09 19:46:20.702,0.92778,0.92791,1.10,5.70
2015.04.09 19:46:21.231,0.92778,0.92791,1.10,3.52
2015.04.09 19:46:31.411,0.92778,0.92792,1.47,1.55
2015.04.09 19:46:34.608,0.92778,0.92792,1.10,1.55
2015.04.09 19:46:35.941,0.92778,0.92792,1.10,1.55
2015.04.09 19:46:36.043,0.92776,0.9279,1.00,1.65
2015.04.09 19:46:36.146,0.92776,0.92789,1.00,3.52
2015.04.09 19:46:36.297,0.92776,0.92789,1.00,3.52
2015.04.09 19:46:38.477,0.92775,0.92786,1.00,1.37
2015.04.09 19:46:40.859,0.92774,0.92786,1.72,1.37
2015.04.09 19:46:41.573,0.92774,0.92786,1.10,1.45
2015.04.09 19:46:41.876,0.92777,0.92788,1.00,1.65
2015.04.09 19:46:44.737,0.92773,0.92787,2.02,4.65
2015.04.09 19:46:46.905,0.92773,0.92785,1.87,1.27
2015.04.09 19:46:48.176,0.92773,0.92784,1.00,1.20
2015.04.09 19:46:49.690,0.92772,0.92784,1.65,1.20
2015.04.09 19:46:50.256,0.92771,0.92784,1.72,1.20
2015.04.09 19:46:52.602,0.92774,0.92784,1.12,1.10
2015.04.09 19:46:52.653,0.92778,0.92789,1.00,1.52
2015.04.09 19:46:53.006,0.92778,0.92789,1.00,4.27
2015.04.09 19:46:53.190,0.92778,0.92789,1.00,4.27
2015.04.09 19:46:56.777,0.92778,0.92789,1.00,4.54
2015.04.09 19:46:59.242,0.92778,0.92787,1.00,3.55
2015.04.09 19:46:59.597,0.92773,0.92787,1.00,5.12
2015.04.09 19:47:01.229,0.9277,0.92784,2.47,1.37
2015.04.09 19:47:07.166,0.9277,0.92784,1.72,1.37
2015.04.09 19:47:09.611,0.9277,0.92784,1.72,1.37
2015.04.09 19:47:11.011,0.9277,0.92784,1.72,1.37
2015.04.09 19:47:13.082,0.9277,0.92784,1.72,1.12
2015.04.09 19:47:19.377,0.92771,0.92784,1.22,1.12
2015.04.09 19:47:22.602,0.92771,0.92784,1.22,1.37
2015.04.09 19:47:26.192,0.9277,0.92784,2.47,1.37
2015.04.09 19:47:26.293,0.9277,0.92784,1.27,1.95
2015.04.09 19:47:26.799,0.92769,0.92781,1.17,1.00
2015.04.09 19:47:27.960,0.92769,0.92781,1.15,1.00
2015.04.09 19:47:28.466,0.92769,0.92781,1.27,1.00
2015.04.09 19:47:29.172,0.9277,0.92784,1.52,1.37
2015.04.09 19:47:29.273,0.9277,0.92784,4.20,1.37
2015.04.09 19:47:31.094,0.92773,0.92786,1.10,1.62
2015.04.09 19:47:31.622,0.92769,0.92783,3.52,1.37
2015.04.09 19:47:31.775,0.92769,0.92782,1.50,2.70
2015.04.09 19:47:31.876,0.92769,0.92783,1.00,1.52
2015.04.09 19:47:32.060,0.92769,0.92783,1.00,1.52
2015.04.09 19:47:32.580,0.92769,0.92783,1.07,2.02
2015.04.09 19:47:49.664,0.92769,0.92783,1.20,2.02
2015.04.09 19:47:52.400,0.92769,0.92783,1.72,1.95
2015.04.09 19:47:55.608,0.92769,0.92783,1.27,2.02
2015.04.09 19:47:56.118,0.92769,0.92783,1.00,2.02
2015.04.09 19:48:01.060,0.92769,0.92783,1.00,1.62
2015.04.09 19:48:02.328,0.92769,0.92783,1.00,7.65
2015.04.09 19:48:05.439,0.92769,0.92782,1.00,2.95
2015.04.09 19:48:07.092,0.92769,0.92783,1.75,1.87
2015.04.09 19:48:07.905,0.92769,0.92783,1.87,1.77
