2017.12.28 20:00:00.125,0.87992,0.87998,1.00,2.25
2017.12.28 20:00:00.336,0.87986,0.87998,1.87,4.31
2017.12.28 20:00:00.505,0.87992,0.87996,1.00,1.00
2017.12.28 20:00:01.111,0.8799,0.87994,1.00,1.00
2017.12.28 20:00:01.275,0.87991,0.87996,1.00,1.12
2017.12.28 20:00:01.779,0.8799,0.87996,1.00,1.50
2017.12.28 20:00:02.078,0.87988,0.87994,1.00,1.12
2017.12.28 20:00:02.131,0.87988,0.87992,1.00,1.00
2017.12.28 20:00:02.743,0.87987,0.87992,1.00,1.00
2017.12.28 20:00:03.269,0.87988,0.87992,1.00,1.00
2017.12.28 20:00:03.712,0.87986,0.87992,1.00,1.00
2017.12.28 20:00:04.226,0.87985,0.87992,1.00,1.12
2017.12.28 20:00:04.732,0.87986,0.87992,1.00,1.12
2017.12.28 20:00:05.348,0.87987,0.87992,1.00,1.12
2017.12.28 20:00:05.864,0.87986,0.87992,1.00,1.12
2017.12.28 20:00:06.384,0.87987,0.87992,1.00,1.12
2017.12.28 20:00:06.933,0.87986,0.87992,1.00,1.12
2017.12.28 20:00:07.633,0.87987,0.87992,1.00,1.00
2017.12.28 20:00:08.434,0.87987,0.87992,1.00,1.50
2017.12.28 20:00:08.958,0.87987,0.87992,1.00,1.12
2017.12.28 20:00:09.494,0.87987,0.87992,1.00,1.50
2017.12.28 20:00:09.809,0.87984,0.8799,1.00,3.56
2017.12.28 20:00:10.060,0.87976,0.87984,1.00,1.12
2017.12.28 20:00:10.113,0.8798,0.87985,1.00,3.37
2017.12.28 20:00:14.672,0.87981,0.87986,1.00,1.50
2017.12.28 20:00:15.223,0.87981,0.87985,1.00,1.00
2017.12.28 20:00:16.080,0.87982,0.87986,1.00,1.12
2017.12.28 20:00:16.326,0.87982,0.87986,1.00,1.12
2017.12.28 20:00:17.010,0.87981,0.87986,1.00,1.12
2017.12.28 20:00:17.317,0.87983,0.87987,1.00,1.12
2017.12.28 20:00:17.372,0.87985,0.87989,1.00,1.50
2017.12.28 20:00:17.427,0.87985,0.87991,1.00,1.00
2017.12.28 20:00:17.716,0.87987,0.87991,1.00,1.00
2017.12.28 20:00:18.237,0.87987,0.87992,1.00,1.00
2017.12.28 20:00:20.244,0.87983,0.87992,1.00,1.00
2017.12.28 20:00:23.053,0.87983,0.87991,1.00,1.00
2017.12.28 20:00:23.326,0.87982,0.87991,1.00,2.44
2017.12.28 20:00:23.378,0.8798,0.87991,1.00,3.19
2017.12.28 20:00:23.430,0.8798,0.87986,1.00,1.50
2017.12.28 20:00:23.482,0.87978,0.87984,1.00,1.12
2017.12.28 20:00:23.637,0.87978,0.87986,1.00,1.12
2017.12.28 20:00:23.886,0.8798,0.87987,1.00,1.00
2017.12.28 20:00:24.710,0.87981,0.87987,1.00,1.00
2017.12.28 20:00:25.211,0.8798,0.87987,1.00,1.00
2017.12.28 20:00:26.498,0.87981,0.87987,1.00,1.00
2017.12.28 20:00:26.758,0.87981,0.87991,1.00,2.44
2017.12.28 20:00:26.811,0.87983,0.87991,1.00,1.31
2017.12.28 20:00:27.121,0.87981,0.87989,1.00,1.00
2017.12.28 20:00:28.161,0.87982,0.87989,1.00,1.00
2017.12.28 20:00:29.170,0.87981,0.87989,1.00,1.00
2017.12.28 20:00:30.809,0.87982,0.87989,1.00,1.00
2017.12.28 20:00:30.913,0.87978,0.87988,1.00,1.00
2017.12.28 20:00:31.070,0.87978,0.87986,1.00,1.00
2017.12.28 20:00:31.612,0.87978,0.87984,1.00,1.00
2017.12.28 20:00:32.036,0.87978,0.87986,1.00,1.31
2017.12.28 20:00:32.265,0.8798,0.87986,1.00,1.00
2017.12.28 20:00:33.032,0.87981,0.87986,1.00,1.00
2017.12.28 20:00:33.571,0.8798,0.87986,1.00,1.00
2017.12.28 20:00:35.016,0.87981,0.87988,1.00,1.25
2017.12.28 20:00:36.918,0.87981,0.87988,1.00,1.50
2017.12.28 20:00:37.438,0.87981,0.87988,1.00,1.12
2017.12.28 20:00:37.949,0.87982,0.87988,1.00,1.12
2017.12.28 20:00:42.192,0.87981,0.87988,1.00,1.00
2017.12.28 20:00:45.621,0.87981,0.87988,1.00,1.50
2017.12.28 20:00:45.780,0.87979,0.87987,1.00,1.12
2017.12.28 20:00:46.319,0.87978,0.87987,1.00,1.12
2017.12.28 20:00:48.591,0.87979,0.87987,1.00,1.12
2017.12.28 20:00:49.148,0.8798,0.87987,1.00,1.00
2017.12.28 20:00:49.677,0.87981,0.87988,1.00,1.00
2017.12.28 20:00:51.910,0.87981,0.87988,1.00,1.50
2017.12.28 20:00:51.963,0.87979,0.87986,1.00,1.00
2017.12.28 20:00:52.575,0.87978,0.87986,1.00,1.00
2017.12.28 20:00:52.833,0.87979,0.87988,1.00,1.00
2017.12.28 20:00:53.093,0.87979,0.87986,1.00,1.00
2017.12.28 20:00:53.591,0.87979,0.87988,1.00,1.00
2017.12.28 20:00:54.124,0.8798,0.87988,1.00,1.00
2017.12.28 20:00:55.204,0.87981,0.87988,1.00,1.00
2017.12.28 20:00:57.344,0.8798,0.87988,1.00,1.00
2017.12.28 20:00:58.620,0.87981,0.87988,1.00,1.00
2017.12.28 20:01:01.710,0.87982,0.87988,1.00,1.00
2017.12.28 20:01:02.248,0.87981,0.87988,1.00,1.00
2017.12.28 20:01:03.499,0.87982,0.87988,1.00,1.12
2017.12.28 20:01:10.481,0.87981,0.87988,1.00,1.50
2017.12.28 20:01:12.228,0.87981,0.87988,1.00,1.12
2017.12.28 20:01:18.807,0.87982,0.87988,1.00,1.00
2017.12.28 20:01:19.508,0.87981,0.87988,1.00,1.00
2017.12.28 20:01:22.137,0.87982,0.87988,1.00,1.00
2017.12.28 20:01:24.159,0.87981,0.87988,1.00,1.00
2017.12.28 20:01:25.388,0.87982,0.87988,1.00,1.00
2017.12.28 20:01:25.920,0.87981,0.87988,1.00,1.00
2017.12.28 20:01:26.581,0.87982,0.87988,1.00,1.00
2017.12.28 20:01:27.516,0.87981,0.87988,1.00,1.12
2017.12.28 20:01:33.095,0.87982,0.87988,1.00,1.00
2017.12.28 20:01:33.635,0.87981,0.87988,1.00,1.00
2017.12.28 20:01:34.366,0.87982,0.87988,1.00,1.00
2017.12.28 20:01:35.166,0.87981,0.87988,1.00,1.00
2017.12.28 20:01:36.142,0.87982,0.87988,1.00,1.00
2017.12.28 20:01:36.687,0.87981,0.87988,1.00,1.00
2017.12.28 20:01:37.476,0.87982,0.87988,1.00,1.00
2017.12.28 20:01:38.000,0.87981,0.87988,1.00,1.00
2017.12.28 20:01:39.033,0.87982,0.87988,1.00,1.12
2017.12.28 20:01:39.796,0.87982,0.87988,1.00,1.50
2017.12.28 20:01:40.520,0.87981,0.87988,1.00,1.50
2017.12.28 20:01:41.054,0.87981,0.87988,1.00,1.00
2017.12.28 20:01:45.386,0.87981,0.87988,1.00,1.50
2017.12.28 20:01:46.316,0.87979,0.87986,1.00,4.69
2017.12.28 20:01:46.471,0.87979,0.87986,1.00,1.12
2017.12.28 20:01:46.904,0.87981,0.87988,1.00,1.69
2017.12.28 20:01:47.275,0.87979,0.87984,1.00,1.62
2017.12.28 20:01:47.593,0.87977,0.87983,1.00,2.62
2017.12.28 20:01:48.102,0.87976,0.87982,1.00,1.12
2017.12.28 20:01:57.183,0.87976,0.87982,1.00,1.50
2017.12.28 20:01:57.820,0.87975,0.87982,1.00,1.50
2017.12.28 20:02:00.520,0.87976,0.87982,1.00,1.50
2017.12.28 20:02:05.812,0.87976,0.87982,1.00,1.12
2017.12.28 20:02:06.116,0.87976,0.87982,1.00,1.75
2017.12.28 20:02:06.413,0.87974,0.87981,1.00,1.75
2017.12.28 20:02:10.283,0.87974,0.8798,1.00,4.31
2017.12.28 20:02:10.941,0.87974,0.8798,1.00,2.62
2017.12.28 20:02:22.174,0.87975,0.8798,1.00,2.62
2017.12.28 20:02:22.573,0.87975,0.87981,1.00,1.00
2017.12.28 20:02:23.034,0.87976,0.87981,1.00,1.50
2017.12.28 20:02:25.861,0.87975,0.87981,1.00,5.06
2017.12.28 20:02:26.939,0.87976,0.87981,1.00,3.19
2017.12.28 20:02:31.650,0.87977,0.87981,1.00,1.12
2017.12.28 20:02:32.210,0.87976,0.8798,1.00,1.00
2017.12.28 20:02:32.778,0.87974,0.87981,1.00,3.37
2017.12.28 20:02:33.465,0.87975,0.8798,1.00,2.44
2017.12.28 20:02:33.703,0.87976,0.8798,1.00,1.12
2017.12.28 20:02:35.253,0.87976,0.87981,1.00,1.12
2017.12.28 20:02:35.798,0.87976,0.87981,1.00,1.50
2017.12.28 20:02:39.997,0.87976,0.87981,1.00,1.12
2017.12.28 20:02:40.564,0.87976,0.87982,1.00,1.00
2017.12.28 20:02:42.440,0.87975,0.87982,1.00,1.00
2017.12.28 20:02:42.987,0.87976,0.87982,1.00,1.00
2017.12.28 20:02:44.045,0.87977,0.87982,1.00,1.00
2017.12.28 20:02:44.628,0.87976,0.87982,1.00,1.00
2017.12.28 20:02:48.006,0.87977,0.87982,1.00,1.00
2017.12.28 20:02:48.524,0.87974,0.87982,1.00,2.06
2017.12.28 20:02:49.192,0.87973,0.87981,1.00,1.00
2017.12.28 20:02:49.696,0.87974,0.87981,1.00,1.00
2017.12.28 20:02:52.057,0.87973,0.87981,1.00,1.12
2017.12.28 20:02:57.067,0.87974,0.87981,1.00,1.12
2017.12.28 20:02:58.366,0.87973,0.87981,1.00,1.12
2017.12.28 20:02:58.938,0.87974,0.87981,1.00,1.87
2017.12.28 20:02:59.441,0.87973,0.87981,1.00,1.87
2017.12.28 20:03:00.612,0.87971,0.87981,1.00,1.12
2017.12.28 20:03:05.476,0.8797,0.87981,1.00,1.12
2017.12.28 20:03:06.357,0.87971,0.87981,1.00,1.12
2017.12.28 20:03:06.910,0.8797,0.87981,1.00,1.87
2017.12.28 20:03:07.451,0.87971,0.87981,1.00,1.87
2017.12.28 20:03:07.893,0.87971,0.87979,1.00,1.00
2017.12.28 20:03:22.538,0.87972,0.87979,1.00,1.12
2017.12.28 20:03:23.239,0.87971,0.87979,1.00,1.12
2017.12.28 20:03:24.844,0.87972,0.87979,1.00,1.00
2017.12.28 20:03:25.519,0.87971,0.87979,1.00,1.12
2017.12.28 20:03:26.904,0.87972,0.87979,1.00,1.12
2017.12.28 20:03:28.713,0.87971,0.87979,1.00,1.12
2017.12.28 20:03:29.276,0.87972,0.87979,1.00,1.12
2017.12.28 20:03:29.806,0.87971,0.87979,1.00,1.12
2017.12.28 20:03:30.317,0.87972,0.87979,1.00,1.12
2017.12.28 20:03:30.850,0.87971,0.87979,1.00,1.12
2017.12.28 20:03:32.830,0.87972,0.87979,1.00,1.12
2017.12.28 20:03:33.423,0.87971,0.87979,1.00,1.12
2017.12.28 20:03:35.449,0.87972,0.87979,1.00,1.12
2017.12.28 20:03:38.198,0.87972,0.87981,1.00,1.00
2017.12.28 20:03:38.723,0.87973,0.87981,1.00,1.00
2017.12.28 20:03:41.341,0.87974,0.87981,1.00,1.00
2017.12.28 20:03:44.560,0.87973,0.87981,1.00,1.00
2017.12.28 20:03:45.786,0.87974,0.87981,1.00,1.00
2017.12.28 20:03:46.114,0.87976,0.87981,1.00,1.00
2017.12.28 20:03:46.169,0.87976,0.87983,1.00,1.31
2017.12.28 20:03:47.193,0.87977,0.87983,1.00,1.31
2017.12.28 20:03:47.964,0.87976,0.87983,1.00,1.31
2017.12.28 20:03:48.779,0.87977,0.87983,1.00,1.31
2017.12.28 20:03:49.532,0.87976,0.87983,1.00,1.31
2017.12.28 20:03:56.541,0.87977,0.87983,1.00,1.31
2017.12.28 20:03:58.943,0.87976,0.87983,1.00,1.31
2017.12.28 20:04:00.669,0.87977,0.87983,1.00,1.31
2017.12.28 20:04:01.273,0.87976,0.87983,1.00,1.31
2017.12.28 20:04:02.573,0.87977,0.87983,1.00,1.31
2017.12.28 20:04:03.093,0.87977,0.87983,1.00,1.69
2017.12.28 20:04:07.512,0.87978,0.87983,1.00,1.69
2017.12.28 20:04:07.873,0.87976,0.87981,1.00,1.50
2017.12.28 20:04:08.376,0.87976,0.87981,1.00,1.50
2017.12.28 20:04:08.973,0.87976,0.87981,1.00,1.12
2017.12.28 20:04:12.669,0.87977,0.87981,1.00,1.00
2017.12.28 20:04:32.207,0.87978,0.87982,1.00,1.12
2017.12.28 20:04:33.254,0.87978,0.87982,1.00,1.00
2017.12.28 20:04:33.564,0.87974,0.8798,1.00,1.00
2017.12.28 20:04:34.330,0.87975,0.8798,1.00,1.00
2017.12.28 20:04:38.557,0.87974,0.87982,1.00,2.06
2017.12.28 20:04:39.085,0.87975,0.87982,1.00,2.06
2017.12.28 20:04:40.494,0.87974,0.87982,1.00,2.06
2017.12.28 20:04:41.167,0.87975,0.87982,1.00,2.06
2017.12.28 20:04:45.840,0.87974,0.87982,1.00,2.06
2017.12.28 20:04:47.237,0.87975,0.87982,1.00,2.06
2017.12.28 20:04:48.656,0.87974,0.87982,1.00,2.06
2017.12.28 20:04:51.176,0.87975,0.87982,1.00,1.31
2017.12.28 20:04:51.356,0.87975,0.87982,1.00,2.06
2017.12.28 20:04:51.911,0.87974,0.87982,1.00,2.06
2017.12.28 20:04:55.198,0.87975,0.87982,1.00,2.06
2017.12.28 20:04:57.676,0.87974,0.87982,1.00,2.06
2017.12.28 20:05:00.658,0.87975,0.87982,1.00,2.06
2017.12.28 20:05:01.014,0.87978,0.87983,1.00,2.44
2017.12.28 20:05:01.574,0.87979,0.87983,1.00,1.31
2017.12.28 20:05:03.646,0.87978,0.87985,1.00,3.94
2017.12.28 20:05:05.115,0.87979,0.87985,1.00,3.94
2017.12.28 20:05:05.629,0.87978,0.87985,1.00,3.94
2017.12.28 20:05:06.096,0.8798,0.87985,1.00,1.69
2017.12.28 20:05:06.402,0.87977,0.87985,1.00,1.69
2017.12.28 20:05:06.456,0.87977,0.87983,1.00,1.12
2017.12.28 20:05:07.042,0.87976,0.87983,1.00,1.12
2017.12.28 20:05:08.094,0.87977,0.87983,1.00,1.12
2017.12.28 20:05:09.271,0.87975,0.87983,1.00,1.12
2017.12.28 20:05:10.070,0.87976,0.87983,1.00,1.12
2017.12.28 20:05:10.605,0.87976,0.87983,1.00,2.62
2017.12.28 20:05:11.393,0.87975,0.87983,1.00,2.81
2017.12.28 20:05:12.173,0.87976,0.87983,1.00,2.81
2017.12.28 20:05:14.414,0.87975,0.87983,1.00,2.81
2017.12.28 20:05:14.875,0.87976,0.87983,1.00,2.81
2017.12.28 20:05:15.385,0.87975,0.87983,1.00,2.81
2017.12.28 20:05:17.292,0.87976,0.87983,1.00,2.81
2017.12.28 20:05:24.168,0.87976,0.87983,1.00,3.19
2017.12.28 20:05:24.700,0.87977,0.87984,1.00,1.56
2017.12.28 20:05:26.474,0.87976,0.87984,1.00,1.56
2017.12.28 20:05:27.074,0.87977,0.87984,1.00,1.56
2017.12.28 20:05:27.591,0.87978,0.87984,1.00,1.56
2017.12.28 20:05:30.040,0.87977,0.87984,1.00,1.69
2017.12.28 20:05:31.126,0.87978,0.87984,1.00,1.69
2017.12.28 20:05:31.968,0.87977,0.87984,1.00,1.69
2017.12.28 20:05:33.163,0.87978,0.87984,1.00,1.56
2017.12.28 20:05:44.162,0.87979,0.87984,1.00,1.69
2017.12.28 20:05:55.641,0.87978,0.87984,1.00,1.56
2017.12.28 20:06:00.747,0.87977,0.87984,1.00,1.69
2017.12.28 20:06:01.411,0.87976,0.87984,1.00,1.69
2017.12.28 20:06:22.487,0.87976,0.87982,1.00,1.87
2017.12.28 20:06:22.814,0.87972,0.87978,1.00,1.87
2017.12.28 20:06:27.468,0.87972,0.87979,1.00,1.19
2017.12.28 20:06:28.000,0.87971,0.87979,1.00,1.31
2017.12.28 20:06:28.626,0.87971,0.87979,1.00,1.69
2017.12.28 20:06:29.899,0.87972,0.87978,1.00,1.31
2017.12.28 20:06:32.451,0.87972,0.87978,1.00,1.12
2017.12.28 20:06:32.505,0.87974,0.87979,1.00,1.00
2017.12.28 20:06:32.678,0.87974,0.87981,1.00,1.12
2017.12.28 20:06:32.730,0.87976,0.87981,1.00,1.12
2017.12.28 20:06:34.746,0.87975,0.87981,1.00,1.12
2017.12.28 20:06:35.470,0.87976,0.87981,1.00,1.12
2017.12.28 20:06:38.008,0.87975,0.87981,1.00,1.12
2017.12.28 20:06:40.354,0.87975,0.87981,1.00,1.50
2017.12.28 20:06:40.844,0.87976,0.87981,1.37,1.00
2017.12.28 20:06:41.492,0.87976,0.87982,1.00,1.50
2017.12.28 20:06:43.440,0.87976,0.87982,1.00,3.19
2017.12.28 20:06:44.572,0.87974,0.87979,1.00,1.00
2017.12.28 20:06:44.625,0.87971,0.87977,1.00,1.75
2017.12.28 20:06:44.678,0.87965,0.87976,1.37,1.75
2017.12.28 20:06:44.898,0.87971,0.87975,1.00,1.00
2017.12.28 20:06:45.448,0.87971,0.87976,1.00,1.50
2017.12.28 20:06:46.281,0.87972,0.87978,1.00,6.00
2017.12.28 20:06:46.990,0.87972,0.87978,1.00,3.19
2017.12.28 20:06:47.564,0.87973,0.87978,1.00,2.44
2017.12.28 20:06:50.398,0.87973,0.87978,1.00,1.50
2017.12.28 20:06:51.384,0.87973,0.87978,1.00,1.87
2017.12.28 20:06:52.079,0.87972,0.87978,1.00,2.06
2017.12.28 20:06:52.588,0.87973,0.87978,1.00,1.87
2017.12.28 20:06:52.694,0.87973,0.8798,1.00,2.81
2017.12.28 20:06:53.410,0.87974,0.8798,1.00,1.87
2017.12.28 20:06:53.926,0.87975,0.8798,1.00,1.00
2017.12.28 20:06:58.112,0.87975,0.8798,1.00,1.37
2017.12.28 20:06:58.626,0.87975,0.8798,1.00,1.12
2017.12.28 20:07:00.539,0.87976,0.8798,1.00,1.00
2017.12.28 20:07:01.126,0.87977,0.87981,1.00,1.00
2017.12.28 20:07:03.698,0.87977,0.87982,1.00,1.12
2017.12.28 20:07:04.307,0.87978,0.87982,1.00,1.00
2017.12.28 20:07:04.850,0.87978,0.87984,1.00,2.06
2017.12.28 20:07:05.367,0.87978,0.87984,1.00,6.19
2017.12.28 20:07:06.939,0.87977,0.87984,1.00,6.19
2017.12.28 20:07:07.677,0.87977,0.87981,1.00,1.12
2017.12.28 20:07:08.447,0.87979,0.87983,1.00,1.50
2017.12.28 20:07:08.981,0.87978,0.87983,1.00,1.50
2017.12.28 20:07:10.347,0.87977,0.87983,1.00,1.50
2017.12.28 20:07:17.127,0.87978,0.87983,1.00,2.25
2017.12.28 20:07:17.439,0.8798,0.87984,1.00,1.12
2017.12.28 20:07:19.610,0.87979,0.87983,1.00,1.12
2017.12.28 20:07:20.127,0.87979,0.87983,1.00,1.50
2017.12.28 20:07:21.276,0.8798,0.87984,1.00,1.12
2017.12.28 20:07:21.806,0.8798,0.87984,1.00,1.12
2017.12.28 20:07:22.588,0.87981,0.87985,1.00,1.50
2017.12.28 20:07:22.845,0.87982,0.87986,1.00,1.12
2017.12.28 20:07:22.951,0.87979,0.87988,1.00,2.44
2017.12.28 20:07:23.003,0.87978,0.87984,1.00,4.50
2017.12.28 20:07:23.057,0.87974,0.87981,1.00,1.00
2017.12.28 20:07:23.161,0.87978,0.87983,1.00,1.69
2017.12.28 20:07:23.492,0.87974,0.87982,1.00,1.31
2017.12.28 20:07:23.547,0.87976,0.87981,1.00,1.50
2017.12.28 20:07:24.661,0.87977,0.87981,1.00,1.00
2017.12.28 20:07:26.411,0.87978,0.87983,1.00,1.62
2017.12.28 20:07:26.921,0.87979,0.87983,1.00,1.31
2017.12.28 20:07:27.802,0.87979,0.87984,1.00,1.69
2017.12.28 20:07:28.059,0.87979,0.87983,1.00,1.25
2017.12.28 20:07:28.572,0.87978,0.87982,1.00,1.00
2017.12.28 20:07:29.228,0.87978,0.87983,1.00,1.31
2017.12.28 20:07:32.677,0.87977,0.87981,1.00,1.25
2017.12.28 20:07:35.069,0.87978,0.87982,1.00,1.31
2017.12.28 20:07:46.345,0.87978,0.87984,1.00,1.31
2017.12.28 20:07:50.260,0.87978,0.87984,1.00,2.06
2017.12.28 20:07:51.755,0.87978,0.87984,1.00,1.69
2017.12.28 20:07:54.142,0.87978,0.87983,1.00,1.25
2017.12.28 20:08:00.847,0.87978,0.87984,1.00,315.37
2017.12.28 20:08:03.022,0.87978,0.87983,1.00,1.25
2017.12.28 20:08:04.152,0.87979,0.87984,1.00,404.44
2017.12.28 20:08:04.795,0.87979,0.87983,1.00,1.00
2017.12.28 20:08:05.342,0.87979,0.87984,1.00,2.81
2017.12.28 20:08:07.516,0.8798,0.87985,1.00,2.06
2017.12.28 20:08:08.615,0.8798,0.87984,1.00,1.69
2017.12.28 20:08:09.365,0.8798,0.87985,1.00,2.06
2017.12.28 20:08:10.880,0.8798,0.87984,1.00,1.69
2017.12.28 20:08:11.397,0.8798,0.87985,1.00,2.06
2017.12.28 20:08:11.948,0.8798,0.87984,1.00,2.06
2017.12.28 20:08:14.386,0.87978,0.87984,1.00,3.75
2017.12.28 20:08:14.914,0.87979,0.87983,1.00,1.25
2017.12.28 20:08:15.071,0.8798,0.87986,1.00,2.44
2017.12.28 20:08:15.124,0.87982,0.87986,1.00,1.25
2017.12.28 20:08:15.640,0.87981,0.87988,1.00,2.81
2017.12.28 20:08:16.258,0.87982,0.87988,1.00,2.44
2017.12.28 20:08:18.572,0.87983,0.87988,1.00,2.44
2017.12.28 20:08:20.434,0.87983,0.87988,1.00,1.69
2017.12.28 20:08:20.966,0.87983,0.87988,1.00,1.69
2017.12.28 20:08:22.535,0.87983,0.87988,1.00,1.69
2017.12.28 20:08:23.115,0.87982,0.87987,1.00,1.25
2017.12.28 20:08:24.723,0.87983,0.87988,1.00,2.81
2017.12.28 20:08:26.234,0.87983,0.87988,1.00,1.31
2017.12.28 20:08:26.991,0.87984,0.87989,1.00,1.25
2017.12.28 20:08:28.115,0.87983,0.87989,1.00,1.31
2017.12.28 20:08:31.048,0.87975,0.87986,1.50,2.25
2017.12.28 20:08:31.102,0.87977,0.87982,1.00,1.56
2017.12.28 20:08:31.154,0.87971,0.87979,1.50,1.00
2017.12.28 20:08:31.413,0.87975,0.87981,1.00,3.19
2017.12.28 20:08:37.230,0.87975,0.8798,1.00,3.00
2017.12.28 20:08:40.324,0.87975,0.87981,1.00,5.44
2017.12.28 20:08:43.479,0.87975,0.8798,1.00,1.12
2017.12.28 20:08:43.984,0.87975,0.87981,1.00,5.44
2017.12.28 20:08:44.504,0.87975,0.87979,1.00,1.00
2017.12.28 20:08:44.966,0.87974,0.87978,1.00,1.25
2017.12.28 20:08:45.526,0.87973,0.8798,1.00,9.56
2017.12.28 20:08:46.569,0.87974,0.87979,1.00,1.31
2017.12.28 20:08:47.877,0.87974,0.87979,1.00,1.31
2017.12.28 20:08:52.984,0.87973,0.87979,1.00,298.69
2017.12.28 20:08:53.254,0.87973,0.87979,1.00,310.31
2017.12.28 20:08:58.066,0.87973,0.87979,1.00,314.06
2017.12.28 20:08:59.445,0.87973,0.87979,1.00,333.19
2017.12.28 20:08:59.719,0.87973,0.87979,1.00,336.56
2017.12.28 20:09:00.021,0.87973,0.87979,1.00,344.44
2017.12.28 20:09:00.897,0.87972,0.87979,1.00,344.44
2017.12.28 20:09:09.782,0.87972,0.87979,1.00,2.81
2017.12.28 20:09:11.985,0.87971,0.87979,1.00,2.81
2017.12.28 20:09:17.467,0.87973,0.87979,1.00,2.81
2017.12.28 20:09:17.994,0.87972,0.87979,1.00,2.81
2017.12.28 20:09:18.535,0.87973,0.87979,1.00,2.81
2017.12.28 20:09:19.057,0.87972,0.87979,1.00,2.81
2017.12.28 20:09:19.958,0.87973,0.87979,1.00,1.69
2017.12.28 20:09:20.558,0.87972,0.8798,1.00,2.44
2017.12.28 20:09:28.094,0.87972,0.8798,1.00,2.81
2017.12.28 20:09:29.234,0.87971,0.8798,1.00,2.81
2017.12.28 20:09:31.757,0.87971,0.87979,1.00,1.12
2017.12.28 20:09:37.253,0.87972,0.87979,1.00,2.81
2017.12.28 20:09:37.756,0.87972,0.87979,1.00,2.06
2017.12.28 20:09:39.146,0.87971,0.87979,1.00,2.44
2017.12.28 20:09:39.844,0.87971,0.87979,1.00,2.44
2017.12.28 20:09:40.570,0.87972,0.87979,1.00,2.44
2017.12.28 20:09:41.698,0.87971,0.87977,1.00,1.37
2017.12.28 20:09:56.014,0.8797,0.87978,1.00,2.81
2017.12.28 20:09:57.577,0.87969,0.87977,1.00,1.31
2017.12.28 20:10:00.280,0.8797,0.87977,1.00,2.06
2017.12.28 20:10:01.058,0.87969,0.87977,1.00,2.06
2017.12.28 20:10:01.718,0.8797,0.87977,1.00,2.06
2017.12.28 20:10:02.197,0.87967,0.87975,1.00,4.12
2017.12.28 20:10:02.497,0.87969,0.87974,1.00,1.00
2017.12.28 20:10:10.404,0.8797,0.87975,1.00,1.87
2017.12.28 20:10:10.581,0.87971,0.87975,1.00,1.50
2017.12.28 20:10:11.185,0.8797,0.87975,1.00,1.50
2017.12.28 20:10:12.134,0.8797,0.87975,1.00,1.87
2017.12.28 20:10:12.743,0.8797,0.87975,1.00,1.50
2017.12.28 20:10:13.510,0.87969,0.87975,1.00,1.50
2017.12.28 20:10:14.442,0.8797,0.87975,1.00,1.50
2017.12.28 20:10:14.980,0.87969,0.87975,1.00,1.50
2017.12.28 20:10:15.596,0.8797,0.87975,1.00,1.50
2017.12.28 20:10:18.944,0.87969,0.87975,1.00,1.50
2017.12.28 20:10:19.733,0.87969,0.87975,1.00,1.87
2017.12.28 20:10:20.343,0.87969,0.87975,1.00,1.50
2017.12.28 20:10:20.950,0.87969,0.87975,1.00,1.87
2017.12.28 20:10:21.540,0.87969,0.87975,1.00,5.25
2017.12.28 20:10:22.037,0.87969,0.87975,1.00,2.25
2017.12.28 20:10:22.255,0.87969,0.87975,1.00,5.25
2017.12.28 20:10:22.358,0.87969,0.87975,1.00,2.25
2017.12.28 20:10:23.045,0.87969,0.87975,1.00,5.25
2017.12.28 20:10:23.253,0.87969,0.87975,1.00,1.50
2017.12.28 20:10:23.835,0.87969,0.87975,1.00,1.87
2017.12.28 20:10:24.356,0.87969,0.87975,1.00,1.50
2017.12.28 20:10:24.931,0.8797,0.87975,1.00,1.50
2017.12.28 20:10:25.394,0.87971,0.87977,1.00,1.87
2017.12.28 20:10:25.954,0.87972,0.87977,1.00,1.50
2017.12.28 20:10:26.490,0.8797,0.87976,1.00,2.00
2017.12.28 20:10:26.542,0.87971,0.87976,1.00,1.00
2017.12.28 20:10:27.057,0.8797,0.87977,1.00,1.00
2017.12.28 20:10:27.325,0.87971,0.87979,1.00,2.25
2017.12.28 20:10:27.846,0.87972,0.87979,1.00,1.12
2017.12.28 20:10:28.632,0.87973,0.8798,1.00,1.37
2017.12.28 20:10:29.215,0.87972,0.8798,1.00,1.87
2017.12.28 20:10:29.473,0.87973,0.87981,1.00,3.00
2017.12.28 20:10:30.052,0.87972,0.87979,1.00,1.12
2017.12.28 20:10:30.796,0.87973,0.87979,1.00,1.12
2017.12.28 20:10:32.806,0.87972,0.87979,1.00,1.87
2017.12.28 20:10:33.526,0.87973,0.87979,1.00,1.87
2017.12.28 20:10:34.132,0.87972,0.87979,1.00,1.50
2017.12.28 20:10:36.168,0.87973,0.87979,1.00,1.50
2017.12.28 20:10:36.942,0.87972,0.87979,1.00,1.87
2017.12.28 20:10:40.088,0.87973,0.8798,1.00,1.87
2017.12.28 20:10:40.264,0.87973,0.8798,1.00,1.00
2017.12.28 20:10:40.419,0.87973,0.8798,1.00,4.50
2017.12.28 20:10:40.938,0.87972,0.87979,1.00,1.00
2017.12.28 20:10:43.040,0.87973,0.87981,1.00,3.75
2017.12.28 20:10:43.600,0.87973,0.87981,1.00,3.00
2017.12.28 20:10:44.177,0.87973,0.87981,1.00,1.87
2017.12.28 20:10:44.702,0.87974,0.87981,1.00,1.87
2017.12.28 20:10:44.755,0.87973,0.8798,1.00,1.12
2017.12.28 20:10:45.665,0.87973,0.87981,1.00,4.50
2017.12.28 20:10:45.769,0.87973,0.87981,1.00,2.25
2017.12.28 20:10:46.289,0.87975,0.87981,1.00,1.87
2017.12.28 20:10:48.843,0.87975,0.87983,1.00,1.87
2017.12.28 20:10:49.383,0.87976,0.87983,1.00,1.87
2017.12.28 20:10:49.908,0.87975,0.87983,1.00,1.87
2017.12.28 20:10:50.420,0.87976,0.87983,1.00,1.87
2017.12.28 20:10:51.647,0.87975,0.87982,1.00,1.12
2017.12.28 20:10:51.984,0.87973,0.87982,1.00,2.25
2017.12.28 20:10:52.036,0.87973,0.87981,1.00,2.25
2017.12.28 20:10:52.547,0.87972,0.87981,1.00,2.62
2017.12.28 20:10:54.214,0.87973,0.87981,1.00,2.81
2017.12.28 20:10:55.400,0.87971,0.87978,1.00,1.12
2017.12.28 20:10:55.733,0.87969,0.87977,1.00,2.06
2017.12.28 20:10:56.594,0.8797,0.87977,1.00,2.06
2017.12.28 20:10:57.426,0.87968,0.87973,1.00,1.37
2017.12.28 20:10:58.145,0.87968,0.87972,1.00,1.00
2017.12.28 20:10:58.878,0.8797,0.87975,1.00,2.25
2017.12.28 20:10:58.983,0.8797,0.87975,1.00,1.12
2017.12.28 20:10:59.523,0.87969,0.87977,1.00,2.81
2017.12.28 20:11:01.062,0.8797,0.87977,1.00,3.19
2017.12.28 20:11:03.636,0.87971,0.87977,1.00,1.37
2017.12.28 20:11:03.688,0.87973,0.87978,1.00,1.50
2017.12.28 20:11:12.028,0.87974,0.8798,1.00,5.44
2017.12.28 20:11:12.293,0.87973,0.8798,1.00,21.19
2017.12.28 20:11:14.699,0.87972,0.87978,1.00,4.12
2017.12.28 20:11:15.209,0.87972,0.87977,1.00,1.00
2017.12.28 20:11:16.519,0.87975,0.87979,1.00,1.00
2017.12.28 20:11:17.040,0.87975,0.8798,1.00,1.87
2017.12.28 20:11:33.807,0.87976,0.87981,1.00,3.56
2017.12.28 20:11:35.837,0.87976,0.87981,1.00,1.25
2017.12.28 20:11:36.365,0.8797,0.87979,1.00,1.37
2017.12.28 20:11:36.949,0.87968,0.87979,1.87,1.37
2017.12.28 20:11:37.052,0.87975,0.87979,1.00,1.00
2017.12.28 20:11:38.751,0.87974,0.8798,1.00,3.75
2017.12.28 20:11:38.813,0.87967,0.87977,1.00,4.12
2017.12.28 20:11:39.360,0.87972,0.87977,1.00,4.87
2017.12.28 20:11:39.881,0.8797,0.87975,1.00,1.37
2017.12.28 20:11:40.454,0.87971,0.87975,1.00,1.00
2017.12.28 20:11:41.273,0.87969,0.87975,1.00,3.00
2017.12.28 20:11:43.108,0.87963,0.87975,1.87,5.44
2017.12.28 20:11:46.192,0.87971,0.87976,1.00,1.25
2017.12.28 20:11:46.939,0.87963,0.87975,2.62,3.56
2017.12.28 20:11:49.112,0.87971,0.87976,1.00,1.50
2017.12.28 20:11:49.717,0.87973,0.87978,1.00,4.87
2017.12.28 20:11:51.087,0.87973,0.87977,1.00,1.50
2017.12.28 20:11:53.803,0.87973,0.87978,1.00,5.25
2017.12.28 20:11:54.871,0.87973,0.87977,1.00,1.50
2017.12.28 20:12:00.126,0.87971,0.87976,1.00,1.50
2017.12.28 20:12:01.692,0.8797,0.87976,1.00,1.50
2017.12.28 20:12:02.262,0.87971,0.87976,1.00,2.25
2017.12.28 20:12:03.006,0.8797,0.87976,1.00,2.25
2017.12.28 20:12:07.504,0.87971,0.87976,1.00,2.25
2017.12.28 20:12:15.746,0.8797,0.87976,1.00,1.50
2017.12.28 20:12:17.904,0.87971,0.87976,1.00,1.50
2017.12.28 20:12:30.398,0.87971,0.87976,1.00,1.12
2017.12.28 20:12:37.288,0.87972,0.87978,1.00,3.19
2017.12.28 20:12:37.340,0.87974,0.87978,1.00,1.00
2017.12.28 20:12:38.020,0.87973,0.87979,1.00,1.69
2017.12.28 20:12:38.562,0.87974,0.87979,1.00,1.69
2017.12.28 20:12:39.345,0.87973,0.87979,1.00,1.50
2017.12.28 20:12:41.627,0.87974,0.87979,1.00,1.50
2017.12.28 20:12:42.181,0.87973,0.87979,1.00,1.87
2017.12.28 20:12:42.703,0.87973,0.87979,1.00,1.50
2017.12.28 20:12:43.227,0.87974,0.87979,1.00,1.50
2017.12.28 20:12:43.916,0.87973,0.87979,1.00,1.50
2017.12.28 20:12:44.268,0.87971,0.87976,1.00,1.50
2017.12.28 20:12:44.320,0.8797,0.87976,1.00,1.50
2017.12.28 20:12:44.867,0.87971,0.87976,1.00,1.50
2017.12.28 20:12:45.388,0.8797,0.87976,1.00,1.50
2017.12.28 20:12:47.117,0.8797,0.87976,1.00,1.12
2017.12.28 20:12:54.347,0.87968,0.87976,1.00,1.12
2017.12.28 20:12:54.400,0.87968,0.87976,1.00,1.75
2017.12.28 20:12:54.917,0.87967,0.87974,1.00,1.12
2017.12.28 20:12:57.310,0.87968,0.87974,1.00,1.00
2017.12.28 20:12:57.818,0.87967,0.87974,1.00,1.00
2017.12.28 20:12:58.551,0.87968,0.87974,1.00,1.00
2017.12.28 20:12:59.069,0.87967,0.87974,1.00,1.00
2017.12.28 20:13:00.070,0.87968,0.87974,1.00,1.00
2017.12.28 20:13:00.609,0.87969,0.87974,1.00,1.00
2017.12.28 20:13:02.268,0.87969,0.87976,1.00,1.12
2017.12.28 20:13:05.374,0.8797,0.87976,1.00,1.12
2017.12.28 20:13:05.950,0.87969,0.87976,1.00,1.12
2017.12.28 20:13:12.008,0.8797,0.87976,1.00,1.12
2017.12.28 20:13:12.601,0.87969,0.87976,1.00,1.12
2017.12.28 20:13:13.994,0.87968,0.87976,1.00,1.12
2017.12.28 20:13:14.501,0.87969,0.87976,1.00,1.12
2017.12.28 20:13:15.026,0.87968,0.87976,1.00,1.12
2017.12.28 20:13:15.568,0.87969,0.87976,1.00,4.12
2017.12.28 20:13:16.104,0.87968,0.87976,1.00,4.87
2017.12.28 20:13:19.184,0.87968,0.87976,1.00,3.00
2017.12.28 20:13:20.591,0.87968,0.87975,1.00,5.25
2017.12.28 20:13:21.116,0.87967,0.87973,1.00,1.00
2017.12.28 20:13:28.375,0.87969,0.87974,1.00,1.12
2017.12.28 20:13:29.031,0.8797,0.87975,1.00,2.06
2017.12.28 20:13:29.690,0.8797,0.87974,1.00,1.00
2017.12.28 20:13:50.586,0.8797,0.87975,1.00,1.87
2017.12.28 20:13:51.194,0.8797,0.87974,1.00,1.00
2017.12.28 20:13:52.896,0.8797,0.87975,1.00,1.87
2017.12.28 20:13:55.158,0.8797,0.87974,1.00,1.00
2017.12.28 20:13:56.295,0.87967,0.87971,1.00,1.00
2017.12.28 20:13:56.806,0.87966,0.87971,1.00,1.37
2017.12.28 20:13:59.067,0.87967,0.87971,1.00,1.00
2017.12.28 20:14:00.211,0.87967,0.87972,1.00,1.87
2017.12.28 20:14:02.445,0.87967,0.87971,1.00,1.00
2017.12.28 20:14:10.815,0.87967,0.87972,1.00,1.87
2017.12.28 20:14:11.482,0.87969,0.87974,1.00,1.50
2017.12.28 20:14:13.173,0.8797,0.87974,1.00,1.12
2017.12.28 20:14:13.689,0.8797,0.87974,1.00,1.50
2017.12.28 20:14:14.639,0.8797,0.87975,1.00,2.81
2017.12.28 20:14:15.939,0.8797,0.87974,1.00,1.50
2017.12.28 20:14:16.586,0.8797,0.87975,1.00,2.81
2017.12.28 20:14:17.318,0.8797,0.87974,1.00,1.50
2017.12.28 20:14:19.057,0.8797,0.87975,1.00,2.81
2017.12.28 20:14:19.656,0.8797,0.87974,1.00,1.50
2017.12.28 20:14:20.229,0.8797,0.87975,1.00,2.81
2017.12.28 20:14:20.961,0.8797,0.87974,1.00,1.50
2017.12.28 20:14:22.431,0.8797,0.87975,1.00,2.81
2017.12.28 20:14:29.728,0.8797,0.87974,1.00,1.50
2017.12.28 20:14:30.263,0.8797,0.87975,1.00,2.81
2017.12.28 20:14:34.144,0.87969,0.87974,1.00,1.87
2017.12.28 20:14:34.916,0.87969,0.87973,1.00,1.00
2017.12.28 20:14:36.055,0.87967,0.87971,1.00,1.00
2017.12.28 20:14:36.589,0.87967,0.87972,1.00,1.87
2017.12.28 20:14:40.335,0.87966,0.87971,1.00,1.87
2017.12.28 20:14:40.724,0.87959,0.87971,2.62,5.44
2017.12.28 20:14:42.462,0.87959,0.8797,2.62,1.00
2017.12.28 20:14:42.514,0.87966,0.87971,1.00,1.87
2017.12.28 20:14:48.181,0.87968,0.87972,1.00,2.62
2017.12.28 20:14:50.398,0.87966,0.87971,1.00,1.50
2017.12.28 20:14:52.107,0.87968,0.87972,1.00,3.37
2017.12.28 20:14:52.986,0.87967,0.87971,1.00,1.12
2017.12.28 20:14:58.362,0.87968,0.87972,1.00,1.12
2017.12.28 20:15:00.211,0.87966,0.87972,1.00,1.37
2017.12.28 20:15:00.770,0.87966,0.87972,1.00,1.12
2017.12.28 20:15:01.602,0.87966,0.87973,1.00,1.50
2017.12.28 20:15:04.002,0.8797,0.87974,1.00,1.00
2017.12.28 20:15:04.055,0.8797,0.87976,1.00,1.00
2017.12.28 20:15:04.108,0.8797,0.87979,1.37,1.00
2017.12.28 20:15:04.217,0.87971,0.87982,1.12,1.12
2017.12.28 20:15:04.441,0.87976,0.87982,1.00,1.12
2017.12.28 20:15:07.472,0.87975,0.87982,1.00,1.00
2017.12.28 20:15:07.869,0.87977,0.87983,1.00,2.81
2017.12.28 20:15:09.128,0.87977,0.87983,1.00,2.81
2017.12.28 20:15:10.446,0.87977,0.87983,1.00,2.81
2017.12.28 20:15:13.114,0.87977,0.87983,1.00,2.25
2017.12.28 20:15:13.449,0.87983,0.87987,1.00,1.00
2017.12.28 20:15:13.501,0.87983,0.87988,1.00,1.00
2017.12.28 20:15:14.092,0.87983,0.87989,1.00,1.69
2017.12.28 20:15:15.493,0.87983,0.8799,1.00,1.50
2017.12.28 20:15:18.182,0.87981,0.87989,1.00,2.44
2017.12.28 20:15:18.643,0.87979,0.87987,1.00,1.50
2017.12.28 20:15:22.122,0.87979,0.87986,1.00,1.00
2017.12.28 20:15:23.011,0.8798,0.87986,1.00,1.00
2017.12.28 20:15:23.564,0.87979,0.87986,1.00,1.00
2017.12.28 20:15:31.512,0.8798,0.87986,1.00,1.00
2017.12.28 20:15:32.230,0.87981,0.87987,1.00,1.12
2017.12.28 20:15:33.686,0.8798,0.87988,1.00,1.50
2017.12.28 20:15:36.515,0.8798,0.87986,1.00,1.00
2017.12.28 20:15:39.575,0.87981,0.87986,1.00,1.00
2017.12.28 20:15:40.622,0.8798,0.87986,1.00,1.00
2017.12.28 20:15:41.279,0.87981,0.87986,1.00,1.00
2017.12.28 20:15:41.838,0.8798,0.87986,1.00,1.00
2017.12.28 20:15:48.969,0.87981,0.87986,1.00,1.00
2017.12.28 20:15:49.879,0.8798,0.87986,1.00,1.00
2017.12.28 20:15:50.394,0.87981,0.87986,1.00,1.00
2017.12.28 20:15:51.091,0.8798,0.87986,1.00,1.00
2017.12.28 20:15:56.559,0.87979,0.87986,1.00,1.00
2017.12.28 20:15:57.090,0.8798,0.87986,1.00,1.00
2017.12.28 20:16:00.268,0.87981,0.87986,1.00,1.00
2017.12.28 20:16:01.972,0.87982,0.87986,1.00,1.00
2017.12.28 20:16:02.519,0.87983,0.87989,1.00,1.50
2017.12.28 20:16:02.623,0.87983,0.87991,1.00,2.25
2017.12.28 20:16:02.837,0.87982,0.87989,1.00,2.25
2017.12.28 20:16:04.023,0.87982,0.87987,1.00,1.12
2017.12.28 20:16:04.750,0.87983,0.87987,1.00,1.12
2017.12.28 20:16:07.278,0.87982,0.87988,1.00,1.37
2017.12.28 20:16:15.127,0.87982,0.87988,1.00,1.37
2017.12.28 20:16:19.307,0.87981,0.87988,1.00,1.37
2017.12.28 20:16:19.851,0.87982,0.87986,1.00,1.12
2017.12.28 20:16:30.401,0.87983,0.87989,1.00,1.50
2017.12.28 20:16:30.905,0.87984,0.87991,1.00,2.25
2017.12.28 20:16:35.972,0.87985,0.87991,1.00,2.25
2017.12.28 20:16:36.476,0.87984,0.87991,1.50,2.25
2017.12.28 20:16:38.046,0.87985,0.87991,1.00,2.25
2017.12.28 20:16:39.208,0.87986,0.87991,1.00,1.87
2017.12.28 20:16:39.914,0.87985,0.8799,1.50,1.37
2017.12.28 20:16:48.652,0.87982,0.87989,1.00,1.62
2017.12.28 20:16:50.664,0.87981,0.87988,1.50,2.06
2017.12.28 20:16:57.219,0.87981,0.87987,1.50,1.00
2017.12.28 20:16:58.911,0.87983,0.87989,1.00,2.62
2017.12.28 20:16:59.540,0.87984,0.87989,1.50,1.00
2017.12.28 20:17:00.085,0.87983,0.87989,1.50,1.12
2017.12.28 20:17:00.650,0.87984,0.87989,1.00,1.12
2017.12.28 20:17:04.863,0.87985,0.87991,1.00,2.81
2017.12.28 20:17:05.402,0.87986,0.87991,1.00,1.12
2017.12.28 20:17:05.975,0.87987,0.87991,1.00,1.12
2017.12.28 20:17:06.664,0.87986,0.87991,1.00,1.87
2017.12.28 20:17:07.235,0.87985,0.87991,1.00,1.87
2017.12.28 20:17:10.232,0.87986,0.87991,1.00,1.87
2017.12.28 20:17:10.970,0.87985,0.87991,1.00,1.87
2017.12.28 20:17:11.516,0.87986,0.87991,1.00,1.87
2017.12.28 20:17:13.274,0.87985,0.87991,1.00,1.87
2017.12.28 20:17:13.941,0.87986,0.87991,1.00,1.87
2017.12.28 20:17:14.884,0.87985,0.87991,1.00,1.87
2017.12.28 20:17:21.276,0.87986,0.87991,1.00,1.87
2017.12.28 20:17:21.863,0.87985,0.87991,1.50,1.87
2017.12.28 20:17:22.644,0.87986,0.87991,1.00,1.87
2017.12.28 20:17:27.339,0.87985,0.87991,1.50,1.62
2017.12.28 20:17:27.873,0.87986,0.87991,1.00,2.06
2017.12.28 20:17:29.477,0.87986,0.87991,1.00,1.69
2017.12.28 20:17:30.029,0.87987,0.87991,1.00,1.12
2017.12.28 20:17:31.442,0.87988,0.87993,1.00,1.87
2017.12.28 20:17:33.743,0.87987,0.87993,1.50,1.87
2017.12.28 20:17:34.061,0.8799,0.87994,1.00,1.25
2017.12.28 20:17:34.582,0.8799,0.87994,1.50,1.31
2017.12.28 20:17:35.438,0.87991,0.87994,1.00,1.69
2017.12.28 20:17:36.003,0.87989,0.87994,1.50,2.06
2017.12.28 20:17:36.898,0.87989,0.87994,1.50,2.06
2017.12.28 20:17:37.941,0.8799,0.87994,1.00,2.06
2017.12.28 20:17:39.158,0.8799,0.87994,1.00,2.44
2017.12.28 20:17:39.826,0.87991,0.87995,1.00,2.25
2017.12.28 20:17:40.864,0.8799,0.87994,1.00,1.12
2017.12.28 20:17:41.694,0.87991,0.87995,1.00,2.25
2017.12.28 20:17:46.204,0.87989,0.87994,1.00,1.50
2017.12.28 20:17:46.742,0.8799,0.87994,1.00,1.50
2017.12.28 20:17:48.083,0.8799,0.87994,1.00,1.87
2017.12.28 20:17:49.138,0.8799,0.87994,1.00,1.50
2017.12.28 20:18:00.430,0.87988,0.87994,1.00,1.50
2017.12.28 20:18:02.846,0.87989,0.87994,1.00,1.50
2017.12.28 20:18:04.482,0.8799,0.87994,1.00,1.50
2017.12.28 20:18:05.096,0.87989,0.87994,1.00,1.50
2017.12.28 20:18:06.310,0.87988,0.87994,1.00,1.50
2017.12.28 20:18:15.080,0.87988,0.87992,1.00,1.00
2017.12.28 20:18:15.495,0.87985,0.87993,1.00,2.06
2017.12.28 20:18:15.547,0.87985,0.87993,1.00,2.81
2017.12.28 20:18:18.189,0.87986,0.8799,1.00,1.00
2017.12.28 20:18:18.918,0.87985,0.87992,1.00,1.56
2017.12.28 20:18:22.440,0.87984,0.87992,1.00,1.50
2017.12.28 20:18:23.342,0.87985,0.87992,1.00,3.19
2017.12.28 20:18:23.968,0.87984,0.8799,1.00,1.37
2017.12.28 20:18:29.465,0.87985,0.8799,1.00,1.50
2017.12.28 20:18:33.626,0.87984,0.8799,1.00,1.50
2017.12.28 20:18:34.236,0.87985,0.8799,1.00,1.50
2017.12.28 20:18:36.928,0.87985,0.8799,1.00,1.00
2017.12.28 20:18:37.238,0.87988,0.87993,1.00,2.25
2017.12.28 20:18:39.393,0.87988,0.87993,1.00,1.87
2017.12.28 20:18:46.581,0.87987,0.87993,1.00,1.12
2017.12.28 20:18:47.114,0.87988,0.87993,1.00,1.12
2017.12.28 20:18:57.722,0.87986,0.87992,1.00,3.00
2017.12.28 20:18:58.365,0.87986,0.87992,1.00,2.44
2017.12.28 20:19:00.266,0.87986,0.87992,1.00,2.81
2017.12.28 20:19:01.764,0.87986,0.87992,1.00,2.44
2017.12.28 20:19:02.308,0.87987,0.87992,1.00,3.19
2017.12.28 20:19:02.949,0.87986,0.87992,1.00,2.44
2017.12.28 20:19:06.768,0.87985,0.87992,1.00,2.44
2017.12.28 20:19:13.043,0.87985,0.87991,1.00,2.06
2017.12.28 20:19:14.228,0.87986,0.87991,1.00,2.06
2017.12.28 20:19:14.777,0.87985,0.87991,1.00,2.06
2017.12.28 20:19:21.271,0.87985,0.8799,1.00,1.31
2017.12.28 20:19:21.946,0.87984,0.8799,1.00,1.69
2017.12.28 20:19:42.814,0.87984,0.87988,1.00,1.12
2017.12.28 20:19:43.024,0.87985,0.8799,1.00,1.25
2017.12.28 20:19:43.566,0.87986,0.8799,1.00,1.25
2017.12.28 20:19:44.070,0.87985,0.8799,1.00,1.25
2017.12.28 20:19:44.795,0.87986,0.8799,1.00,1.25
2017.12.28 20:19:45.707,0.87985,0.8799,1.00,1.69
2017.12.28 20:19:46.257,0.87985,0.8799,1.00,1.69
2017.12.28 20:19:48.466,0.87985,0.8799,1.00,2.06
2017.12.28 20:19:52.461,0.87985,0.8799,1.00,1.62
2017.12.28 20:19:53.149,0.87985,0.8799,1.00,1.31
2017.12.28 20:19:53.677,0.87985,0.8799,1.00,1.69
2017.12.28 20:19:54.968,0.87983,0.87989,1.00,2.00
2017.12.28 20:19:55.491,0.87982,0.87989,1.00,4.31
2017.12.28 20:19:56.393,0.87982,0.87988,1.00,3.19
2017.12.28 20:19:56.922,0.87982,0.87988,1.00,1.87
2017.12.28 20:19:57.326,0.87983,0.87988,1.00,1.12
2017.12.28 20:20:00.497,0.87984,0.87989,1.00,2.25
2017.12.28 20:20:06.612,0.87984,0.8799,1.00,6.19
2017.12.28 20:20:07.242,0.87983,0.87988,1.00,1.50
2017.12.28 20:20:07.743,0.87984,0.87988,1.00,1.12
2017.12.28 20:20:08.745,0.87984,0.87989,1.00,2.25
2017.12.28 20:20:10.401,0.87987,0.87991,1.00,1.87
2017.12.28 20:20:10.769,0.87988,0.87992,1.00,1.50
2017.12.28 20:20:10.874,0.87989,0.87994,1.00,2.44
2017.12.28 20:20:22.324,0.87988,0.87994,1.00,4.69
2017.12.28 20:20:43.399,0.87987,0.87992,1.00,1.50
2017.12.28 20:20:43.507,0.87985,0.8799,1.00,1.50
2017.12.28 20:20:43.852,0.87989,0.87995,1.00,1.50
2017.12.28 20:20:43.904,0.8799,0.87994,1.00,1.12
2017.12.28 20:20:44.111,0.87992,0.87996,1.00,1.50
2017.12.28 20:20:50.635,0.87991,0.87996,1.00,1.00
2017.12.28 20:20:51.178,0.87992,0.87996,1.00,1.00
2017.12.28 20:20:51.687,0.87991,0.87996,1.00,1.00
2017.12.28 20:20:58.233,0.87992,0.87996,1.00,1.00
2017.12.28 20:20:59.060,0.87991,0.87996,1.00,1.00
2017.12.28 20:20:59.631,0.87992,0.87996,1.00,1.00
2017.12.28 20:20:59.990,0.8799,0.87996,1.00,1.50
2017.12.28 20:21:00.550,0.87988,0.87996,1.00,1.50
2017.12.28 20:21:02.133,0.87989,0.87996,1.00,1.50
2017.12.28 20:21:03.901,0.87989,0.87996,1.00,5.25
2017.12.28 20:21:08.306,0.8799,0.87994,1.00,1.00
2017.12.28 20:21:10.552,0.87989,0.87994,1.00,1.12
2017.12.28 20:21:11.991,0.87988,0.87994,1.00,1.12
2017.12.28 20:21:12.513,0.87988,0.87994,1.00,5.06
2017.12.28 20:21:13.036,0.87987,0.87992,1.00,1.50
2017.12.28 20:21:13.689,0.87986,0.87992,1.00,1.50
2017.12.28 20:21:13.741,0.87988,0.87994,1.00,1.00
2017.12.28 20:21:14.787,0.87989,0.87994,1.00,1.00
2017.12.28 20:21:21.799,0.87988,0.87994,1.00,1.12
2017.12.28 20:21:22.310,0.87989,0.87994,1.00,1.12
2017.12.28 20:21:22.861,0.87988,0.87994,1.00,1.12
2017.12.28 20:21:23.362,0.87989,0.87994,1.00,1.12
2017.12.28 20:21:46.000,0.87988,0.87994,1.00,1.12
2017.12.28 20:21:47.341,0.87988,0.87994,1.00,1.50
2017.12.28 20:21:48.084,0.87987,0.87992,1.00,1.12
2017.12.28 20:21:48.291,0.87986,0.87992,1.00,4.12
2017.12.28 20:21:48.797,0.87986,0.87991,1.00,1.50
2017.12.28 20:21:49.325,0.87985,0.87991,1.00,4.87
2017.12.28 20:21:50.148,0.87984,0.87991,1.00,5.06
2017.12.28 20:21:50.811,0.87984,0.87991,1.00,3.37
2017.12.28 20:21:58.116,0.87984,0.87991,1.00,4.87
2017.12.28 20:21:58.832,0.87984,0.87991,1.00,1.87
2017.12.28 20:22:00.605,0.87985,0.87991,1.00,1.12
2017.12.28 20:22:01.513,0.87986,0.87991,1.00,1.00
2017.12.28 20:22:03.493,0.87987,0.87991,1.00,1.00
2017.12.28 20:22:04.425,0.87987,0.87992,1.00,1.12
2017.12.28 20:22:11.719,0.87986,0.87992,1.00,1.50
2017.12.28 20:22:19.068,0.87986,0.87992,1.00,3.75
2017.12.28 20:22:48.936,0.87989,0.87993,1.00,1.00
2017.12.28 20:22:49.001,0.87989,0.87994,1.00,1.12
2017.12.28 20:22:49.364,0.87987,0.87992,1.00,1.50
2017.12.28 20:22:49.915,0.87986,0.87991,1.00,1.50
2017.12.28 20:22:50.530,0.87986,0.87991,1.00,1.50
2017.12.28 20:22:51.049,0.87986,0.87991,1.00,1.12
2017.12.28 20:22:57.133,0.87984,0.87989,1.00,1.50
2017.12.28 20:22:57.298,0.87984,0.87991,1.00,1.12
2017.12.28 20:22:57.876,0.87985,0.87991,1.00,1.50
2017.12.28 20:22:58.425,0.87986,0.87991,1.00,1.12
2017.12.28 20:22:59.047,0.87985,0.87991,1.00,1.50
2017.12.28 20:23:00.661,0.87986,0.87991,1.00,1.50
2017.12.28 20:23:01.358,0.87987,0.87991,1.00,1.50
2017.12.28 20:23:05.253,0.87985,0.87991,1.00,2.44
2017.12.28 20:23:05.564,0.87987,0.87991,1.00,1.00
2017.12.28 20:23:08.080,0.87986,0.87991,1.00,1.50
2017.12.28 20:23:12.651,0.87987,0.87991,1.00,1.50
2017.12.28 20:23:13.802,0.87987,0.87993,1.00,1.12
2017.12.28 20:23:15.018,0.87988,0.87993,1.00,1.12
2017.12.28 20:23:18.895,0.87988,0.87993,1.00,1.37
2017.12.28 20:23:19.705,0.87987,0.87993,1.00,1.50
2017.12.28 20:23:25.379,0.87987,0.87991,1.00,1.12
2017.12.28 20:23:25.888,0.87987,0.87992,1.00,1.50
2017.12.28 20:23:27.230,0.8799,0.87994,1.00,1.00
2017.12.28 20:23:29.181,0.87988,0.87992,1.00,1.50
2017.12.28 20:23:29.443,0.87988,0.87994,1.00,1.00
2017.12.28 20:23:29.494,0.87987,0.87991,1.00,1.00
2017.12.28 20:23:29.546,0.8799,0.87994,1.00,1.00
2017.12.28 20:23:37.189,0.87982,0.87991,3.00,1.12
2017.12.28 20:23:37.293,0.87982,0.87994,1.00,1.12
2017.12.28 20:23:37.409,0.87989,0.87994,1.00,1.12
2017.12.28 20:23:37.989,0.87988,0.87993,1.00,1.12
2017.12.28 20:23:38.480,0.87987,0.87991,1.00,1.12
2017.12.28 20:23:39.014,0.87988,0.87993,1.00,1.12
2017.12.28 20:23:40.653,0.87981,0.87993,2.62,1.50
2017.12.28 20:23:41.310,0.87981,0.87993,1.00,1.87
2017.12.28 20:23:41.465,0.87987,0.87991,1.00,1.50
2017.12.28 20:23:42.581,0.87987,0.87992,1.00,1.25
2017.12.28 20:23:43.395,0.87981,0.87989,1.00,1.12
2017.12.28 20:23:43.709,0.87986,0.87991,1.00,1.50
2017.12.28 20:23:44.010,0.87981,0.87989,1.00,1.12
2017.12.28 20:23:44.334,0.87986,0.87991,1.00,2.25
2017.12.28 20:23:44.437,0.87987,0.87991,1.00,1.12
2017.12.28 20:23:44.938,0.87986,0.87991,1.00,1.12
2017.12.28 20:23:45.454,0.87987,0.87991,1.00,1.12
2017.12.28 20:23:53.696,0.87986,0.87991,1.00,1.50
2017.12.28 20:23:54.298,0.87987,0.87991,1.00,1.00
2017.12.28 20:24:00.767,0.87986,0.87991,1.00,1.00
2017.12.28 20:24:01.325,0.87985,0.87991,1.00,1.00
2017.12.28 20:24:06.406,0.87986,0.87991,1.00,1.00
2017.12.28 20:24:06.936,0.87986,0.8799,1.00,1.12
2017.12.28 20:24:07.091,0.87986,0.87993,1.00,1.00
2017.12.28 20:24:10.287,0.87987,0.87993,1.00,1.00
2017.12.28 20:24:10.818,0.87989,0.87993,1.00,1.00
2017.12.28 20:24:10.871,0.87981,0.8799,1.12,1.00
2017.12.28 20:24:10.924,0.87982,0.87988,1.00,1.00
2017.12.28 20:24:11.237,0.8798,0.87984,1.00,1.12
2017.12.28 20:24:11.857,0.87981,0.87985,1.00,1.12
2017.12.28 20:24:12.662,0.87982,0.87987,1.00,1.87
2017.12.28 20:24:17.871,0.87982,0.87986,1.00,1.50
2017.12.28 20:24:18.396,0.87983,0.87987,1.00,1.00
2017.12.28 20:24:20.048,0.87983,0.87988,1.00,1.31
2017.12.28 20:24:21.743,0.87982,0.87988,1.00,3.37
2017.12.28 20:24:22.248,0.87983,0.87987,1.00,1.37
2017.12.28 20:24:24.751,0.87982,0.87986,1.00,1.00
2017.12.28 20:24:30.215,0.87983,0.87988,1.00,1.62
2017.12.28 20:24:32.708,0.87983,0.87988,1.00,1.25
2017.12.28 20:24:35.613,0.87983,0.87988,1.00,1.69
2017.12.28 20:24:35.844,0.87981,0.87985,1.00,1.12
2017.12.28 20:24:36.869,0.87983,0.87988,1.00,1.25
2017.12.28 20:24:36.921,0.87982,0.87986,1.00,1.12
2017.12.28 20:24:37.230,0.87979,0.87988,2.62,1.12
2017.12.28 20:24:37.384,0.87985,0.87989,1.00,1.12
2017.12.28 20:24:40.545,0.87987,0.87992,1.00,1.25
2017.12.28 20:24:42.357,0.87985,0.87989,1.00,1.00
2017.12.28 20:24:42.411,0.87985,0.87989,1.00,1.50
2017.12.28 20:24:42.464,0.8798,0.87989,1.00,1.87
2017.12.28 20:24:42.569,0.87979,0.87983,1.00,1.12
2017.12.28 20:24:42.777,0.8798,0.87985,1.00,1.00
2017.12.28 20:24:43.777,0.87978,0.87982,1.00,1.12
2017.12.28 20:24:44.314,0.8798,0.87984,1.00,1.12
2017.12.28 20:24:44.839,0.87979,0.87983,1.00,1.12
2017.12.28 20:24:45.697,0.87978,0.87982,1.00,1.12
2017.12.28 20:24:46.712,0.87979,0.87983,1.00,1.12
2017.12.28 20:24:47.845,0.87978,0.87982,1.00,1.12
2017.12.28 20:24:47.949,0.87975,0.87979,1.00,1.12
2017.12.28 20:24:48.001,0.87973,0.87978,1.00,1.87
2017.12.28 20:24:48.106,0.87966,0.87978,1.50,1.87
2017.12.28 20:24:48.209,0.87972,0.87977,1.00,1.50
2017.12.28 20:24:48.807,0.87972,0.87976,1.00,1.12
2017.12.28 20:24:49.337,0.87972,0.87978,1.00,1.50
2017.12.28 20:24:49.674,0.87975,0.87979,1.00,1.00
2017.12.28 20:24:49.726,0.87976,0.87981,1.00,2.06
2017.12.28 20:24:50.255,0.87977,0.87981,1.00,1.12
2017.12.28 20:24:58.247,0.87975,0.87981,1.00,1.50
2017.12.28 20:24:58.796,0.87976,0.87981,1.00,1.50
2017.12.28 20:24:59.129,0.87974,0.87981,1.00,1.50
2017.12.28 20:24:59.528,0.87974,0.87979,1.00,1.50
2017.12.28 20:24:59.669,0.87972,0.87979,1.00,1.50
2017.12.28 20:25:00.829,0.87967,0.87979,1.50,1.50
2017.12.28 20:25:01.468,0.87973,0.87977,1.00,1.12
2017.12.28 20:25:01.714,0.87968,0.87977,1.87,1.12
2017.12.28 20:25:01.817,0.87975,0.87979,1.00,1.87
2017.12.28 20:25:02.366,0.87976,0.87981,1.00,1.12
2017.12.28 20:25:02.883,0.87975,0.87979,1.00,1.00
2017.12.28 20:25:03.422,0.87976,0.87981,1.00,1.12
2017.12.28 20:25:05.499,0.87976,0.87981,1.00,1.12
2017.12.28 20:25:08.465,0.87969,0.87981,1.87,1.50
2017.12.28 20:25:12.913,0.87975,0.87981,1.00,1.87
2017.12.28 20:25:13.423,0.87974,0.8798,1.00,1.50
2017.12.28 20:25:14.710,0.87974,0.87978,1.00,1.00
2017.12.28 20:25:17.129,0.87974,0.8798,1.00,1.00
2017.12.28 20:25:17.646,0.87975,0.87979,1.00,1.00
2017.12.28 20:25:21.299,0.87975,0.8798,1.00,1.00
2017.12.28 20:25:23.216,0.87976,0.8798,1.00,1.00
2017.12.28 20:25:23.828,0.87976,0.87982,1.00,1.12
2017.12.28 20:25:23.988,0.87975,0.87982,1.00,1.37
2017.12.28 20:25:24.196,0.87976,0.87982,1.00,1.00
2017.12.28 20:25:26.138,0.87976,0.87982,1.00,1.37
2017.12.28 20:25:27.164,0.87977,0.87982,1.00,1.37
2017.12.28 20:25:28.884,0.87976,0.87982,1.00,1.37
2017.12.28 20:25:29.444,0.87976,0.8798,1.00,1.12
2017.12.28 20:25:31.331,0.87975,0.87982,1.00,1.37
2017.12.28 20:25:31.941,0.87976,0.87982,1.00,1.00
2017.12.28 20:25:32.500,0.87977,0.87982,1.00,1.00
2017.12.28 20:25:34.335,0.87976,0.87982,1.00,1.00
2017.12.28 20:25:39.511,0.87977,0.87982,1.00,1.00
2017.12.28 20:25:40.040,0.87977,0.87983,1.00,1.12
2017.12.28 20:25:40.576,0.87978,0.87983,1.00,1.12
2017.12.28 20:25:43.705,0.87978,0.87983,1.00,1.37
2017.12.28 20:25:44.515,0.87978,0.87983,1.00,1.12
2017.12.28 20:25:47.800,0.87979,0.87983,1.00,1.12
2017.12.28 20:25:53.594,0.8798,0.87984,1.00,1.00
2017.12.28 20:25:54.124,0.87979,0.87983,1.00,1.00
2017.12.28 20:25:55.901,0.87978,0.87983,1.00,1.00
2017.12.28 20:25:56.145,0.87976,0.87982,1.00,1.31
2017.12.28 20:25:56.723,0.87975,0.87982,1.00,1.69
2017.12.28 20:25:57.681,0.87975,0.87982,1.00,1.69
2017.12.28 20:25:58.182,0.87975,0.87982,1.00,1.31
2017.12.28 20:26:00.856,0.87976,0.87982,1.00,1.31
2017.12.28 20:26:05.321,0.87976,0.87982,1.00,1.69
2017.12.28 20:26:12.881,0.87977,0.87982,1.00,1.00
2017.12.28 20:26:13.293,0.87978,0.87984,1.00,1.00
2017.12.28 20:26:15.203,0.87979,0.87984,1.00,1.00
2017.12.28 20:26:15.255,0.87976,0.8798,1.00,1.00
2017.12.28 20:26:15.627,0.87979,0.87985,1.00,1.12
2017.12.28 20:26:17.459,0.87979,0.87985,1.00,1.87
2017.12.28 20:26:19.768,0.87979,0.87985,1.00,1.50
2017.12.28 20:26:20.286,0.87978,0.87985,1.00,1.87
2017.12.28 20:26:20.946,0.87979,0.87985,1.00,1.87
2017.12.28 20:26:21.658,0.87978,0.87985,1.00,1.87
2017.12.28 20:26:22.266,0.87978,0.87985,1.00,1.69
2017.12.28 20:26:23.308,0.87979,0.87985,1.00,1.69
2017.12.28 20:26:24.086,0.87978,0.87985,1.00,1.69
2017.12.28 20:26:25.297,0.87978,0.87983,1.00,1.50
2017.12.28 20:26:25.427,0.87976,0.87983,1.00,2.44
2017.12.28 20:26:25.930,0.87976,0.87981,1.00,1.00
2017.12.28 20:26:30.040,0.87977,0.87981,1.00,1.50
2017.12.28 20:26:30.558,0.87976,0.87981,1.00,1.50
2017.12.28 20:26:31.060,0.87977,0.87981,1.00,1.50
2017.12.28 20:26:31.716,0.87976,0.87981,1.00,1.50
2017.12.28 20:26:33.006,0.87978,0.87982,1.00,1.00
2017.12.28 20:26:33.058,0.87979,0.87983,1.00,1.50
2017.12.28 20:26:38.909,0.8798,0.87985,1.00,3.94
2017.12.28 20:26:39.103,0.87982,0.87986,1.00,1.00
2017.12.28 20:26:39.156,0.87983,0.87988,1.00,1.12
2017.12.28 20:26:39.312,0.87981,0.87986,1.00,1.12
2017.12.28 20:26:39.627,0.8798,0.87984,1.00,1.00
2017.12.28 20:26:40.022,0.87979,0.87984,1.00,1.69
2017.12.28 20:26:40.531,0.8798,0.87984,1.00,1.25
2017.12.28 20:26:41.544,0.87981,0.87985,1.00,1.25
2017.12.28 20:26:43.745,0.8798,0.87986,1.00,2.06
2017.12.28 20:26:44.334,0.87981,0.87986,1.00,2.06
2017.12.28 20:26:45.637,0.8798,0.87986,1.00,2.06
2017.12.28 20:26:46.140,0.87981,0.87986,1.00,2.06
2017.12.28 20:26:50.450,0.8798,0.87984,1.00,1.12
2017.12.28 20:26:51.041,0.87979,0.87984,1.00,1.12
2017.12.28 20:26:52.852,0.8798,0.87984,1.00,1.12
2017.12.28 20:26:53.423,0.87979,0.87984,1.00,1.12
2017.12.28 20:26:55.820,0.8798,0.87984,1.00,1.12
2017.12.28 20:26:58.599,0.87979,0.87984,1.00,1.12
2017.12.28 20:27:00.928,0.87978,0.87984,1.00,1.12
2017.12.28 20:27:01.728,0.87977,0.87984,1.00,1.12
2017.12.28 20:27:01.834,0.87977,0.87984,1.00,4.87
2017.12.28 20:27:02.236,0.87976,0.8798,1.00,1.00
2017.12.28 20:27:02.339,0.87976,0.87982,1.00,1.50
2017.12.28 20:27:03.992,0.87975,0.87982,1.00,2.25
2017.12.28 20:27:04.565,0.87976,0.87982,1.00,2.25
2017.12.28 20:27:05.513,0.87976,0.87982,1.00,2.25
2017.12.28 20:27:07.567,0.87975,0.87981,1.00,1.00
2017.12.28 20:27:12.769,0.87974,0.87981,1.00,1.50
2017.12.28 20:27:13.285,0.87975,0.87981,1.00,1.50
2017.12.28 20:27:25.441,0.87976,0.87982,1.00,2.25
2017.12.28 20:27:26.989,0.87978,0.87982,1.00,1.87
2017.12.28 20:27:27.494,0.87979,0.87983,1.00,2.62
2017.12.28 20:27:29.190,0.87978,0.87982,1.00,1.00
2017.12.28 20:27:32.482,0.87979,0.87983,1.00,2.62
2017.12.28 20:27:38.028,0.87979,0.87983,1.00,2.62
2017.12.28 20:27:38.081,0.8798,0.87986,1.00,5.06
2017.12.28 20:27:38.188,0.87978,0.87982,1.00,1.12
2017.12.28 20:27:38.293,0.87979,0.87984,1.00,2.62
2017.12.28 20:27:38.867,0.8798,0.87986,1.00,1.50
2017.12.28 20:27:39.453,0.8798,0.87986,1.00,1.75
2017.12.28 20:27:39.989,0.87979,0.87986,1.00,3.00
2017.12.28 20:27:46.946,0.87979,0.87986,1.00,1.50
2017.12.28 20:27:51.431,0.8798,0.87985,1.00,1.12
2017.12.28 20:27:54.136,0.87979,0.87985,1.00,1.12
2017.12.28 20:27:56.237,0.8798,0.87986,1.00,2.25
2017.12.28 20:27:57.155,0.87979,0.87986,1.00,2.25
2017.12.28 20:28:00.088,0.87979,0.87986,1.00,2.25
2017.12.28 20:28:00.191,0.87977,0.87981,1.00,1.00
2017.12.28 20:28:00.245,0.87975,0.87981,1.00,1.00
2017.12.28 20:28:00.924,0.87977,0.87982,1.00,1.12
2017.12.28 20:28:01.564,0.87978,0.87983,1.00,3.19
2017.12.28 20:28:10.361,0.87978,0.87983,1.00,2.81
2017.12.28 20:28:11.710,0.87977,0.87981,1.00,1.00
2017.12.28 20:28:11.762,0.87976,0.8798,1.00,1.00
2017.12.28 20:28:11.815,0.8797,0.8798,1.00,1.37
2017.12.28 20:28:11.867,0.8797,0.87981,1.12,1.50
2017.12.28 20:28:12.022,0.87977,0.87982,1.00,1.50
2017.12.28 20:28:12.074,0.87977,0.87983,1.00,2.62
2017.12.28 20:28:20.158,0.87979,0.87983,1.00,1.00
2017.12.28 20:28:20.211,0.87981,0.87985,1.00,1.00
2017.12.28 20:28:20.316,0.87974,0.87984,1.00,1.50
2017.12.28 20:28:20.665,0.87978,0.87983,1.00,1.00
2017.12.28 20:28:21.123,0.87979,0.87984,1.00,1.87
2017.12.28 20:28:21.760,0.87979,0.87983,1.00,1.00
2017.12.28 20:28:32.089,0.87978,0.87983,1.00,1.50
2017.12.28 20:28:32.600,0.87979,0.87983,1.00,1.50
2017.12.28 20:28:38.712,0.87978,0.87982,1.00,1.00
2017.12.28 20:28:48.573,0.87979,0.87983,1.00,1.50
2017.12.28 20:28:52.937,0.87979,0.87984,1.00,1.87
2017.12.28 20:28:53.463,0.87979,0.87983,1.00,1.00
2017.12.28 20:28:54.655,0.8798,0.87984,1.00,1.87
2017.12.28 20:28:55.161,0.87979,0.87983,1.00,1.00
2017.12.28 20:28:55.825,0.8798,0.87984,1.00,1.87
2017.12.28 20:28:58.617,0.8798,0.87985,1.00,1.00
2017.12.28 20:28:58.671,0.87982,0.87987,1.00,1.50
2017.12.28 20:28:59.206,0.87983,0.87987,1.00,1.00
2017.12.28 20:28:59.732,0.87982,0.87987,1.00,1.00
2017.12.28 20:29:00.844,0.87981,0.87985,1.00,1.00
2017.12.28 20:29:00.896,0.87978,0.87983,1.00,1.00
2017.12.28 20:29:01.053,0.87978,0.87985,1.00,2.25
2017.12.28 20:29:01.106,0.87978,0.87987,1.00,4.12
2017.12.28 20:29:01.265,0.87981,0.87985,1.00,1.00
2017.12.28 20:29:01.472,0.87979,0.87983,1.00,1.12
2017.12.28 20:29:02.002,0.87979,0.87984,1.00,1.50
2017.12.28 20:29:03.695,0.87979,0.87983,1.00,1.12
2017.12.28 20:29:05.172,0.87979,0.87984,1.00,1.50
2017.12.28 20:29:06.215,0.87979,0.87984,1.00,1.50
2017.12.28 20:29:07.030,0.87979,0.87984,1.00,1.50
2017.12.28 20:29:07.540,0.87979,0.87985,1.00,6.75
2017.12.28 20:29:08.664,0.87979,0.87984,1.00,1.00
2017.12.28 20:29:09.999,0.8798,0.87985,1.00,2.62
2017.12.28 20:29:10.051,0.8798,0.87985,1.00,1.50
2017.12.28 20:29:10.566,0.8798,0.87985,1.00,2.62
2017.12.28 20:29:10.963,0.87978,0.87984,1.00,3.75
2017.12.28 20:29:11.019,0.8798,0.87985,1.00,2.25
2017.12.28 20:29:11.830,0.87979,0.87985,1.00,3.19
2017.12.28 20:29:12.368,0.8798,0.87985,1.00,3.19
2017.12.28 20:29:12.898,0.8798,0.87985,1.00,3.19
2017.12.28 20:29:15.151,0.87979,0.87984,1.00,2.06
2017.12.28 20:29:15.203,0.87977,0.87984,1.00,2.06
2017.12.28 20:29:15.725,0.87976,0.87983,1.00,4.69
2017.12.28 20:29:16.257,0.87977,0.87983,1.00,4.69
2017.12.28 20:29:23.470,0.87978,0.87983,1.00,1.69
2017.12.28 20:29:27.203,0.87977,0.87983,1.00,1.69
2017.12.28 20:29:27.560,0.8798,0.87984,1.00,1.31
2017.12.28 20:29:28.084,0.8798,0.87985,1.00,2.44
2017.12.28 20:29:28.693,0.87979,0.87984,1.00,1.69
2017.12.28 20:29:32.683,0.87979,0.87984,1.00,2.06
2017.12.28 20:29:33.331,0.87979,0.87984,1.00,1.69
2017.12.28 20:29:34.067,0.87979,0.87984,1.00,2.06
2017.12.28 20:29:36.633,0.87979,0.87984,1.00,2.06
2017.12.28 20:29:37.138,0.87979,0.87984,1.00,2.06
2017.12.28 20:29:37.982,0.87979,0.87984,1.00,1.69
2017.12.28 20:29:38.745,0.87979,0.87984,1.00,2.06
2017.12.28 20:29:40.032,0.87979,0.87984,1.00,2.06
2017.12.28 20:29:40.821,0.87979,0.87984,1.00,2.06
2017.12.28 20:29:44.332,0.8798,0.87984,1.00,1.69
2017.12.28 20:29:44.879,0.8798,0.87985,1.00,1.50
2017.12.28 20:29:45.387,0.8798,0.87984,1.00,1.12
2017.12.28 20:29:48.099,0.87983,0.87987,1.00,1.50
2017.12.28 20:29:48.631,0.87984,0.87988,1.00,2.06
2017.12.28 20:29:49.626,0.87983,0.87987,1.00,1.00
2017.12.28 20:29:50.262,0.87982,0.87987,1.00,1.00
2017.12.28 20:29:53.552,0.87979,0.87985,1.00,1.37
2017.12.28 20:29:54.145,0.87979,0.87984,1.00,1.12
2017.12.28 20:29:54.774,0.87979,0.87985,1.00,1.50
2017.12.28 20:30:01.017,0.87979,0.87984,1.00,1.87
2017.12.28 20:30:04.453,0.87979,0.87984,1.00,1.50
2017.12.28 20:30:05.937,0.87978,0.87984,1.00,2.81
2017.12.28 20:30:06.991,0.87979,0.87984,1.00,2.81
2017.12.28 20:30:07.588,0.87978,0.87984,1.00,2.44
2017.12.28 20:30:08.428,0.87978,0.87984,1.00,2.81
2017.12.28 20:30:09.152,0.87979,0.87984,1.00,2.81
2017.12.28 20:30:10.398,0.87979,0.87984,1.00,2.44
2017.12.28 20:30:10.900,0.87979,0.87984,1.00,2.81
2017.12.28 20:30:12.533,0.87979,0.87984,1.00,2.06
2017.12.28 20:30:14.354,0.8798,0.87984,1.00,1.69
2017.12.28 20:30:14.859,0.87979,0.87984,1.00,1.69
2017.12.28 20:30:18.088,0.87978,0.87984,1.00,2.06
2017.12.28 20:30:22.297,0.8798,0.87984,1.00,1.25
2017.12.28 20:30:22.833,0.87979,0.87984,1.00,1.25
2017.12.28 20:30:23.276,0.87977,0.87984,1.00,1.25
2017.12.28 20:30:23.430,0.87977,0.87983,1.00,1.19
2017.12.28 20:30:23.887,0.87975,0.87983,1.00,1.19
2017.12.28 20:30:25.870,0.87976,0.87983,1.00,1.19
2017.12.28 20:30:26.384,0.87975,0.87982,1.00,1.25
2017.12.28 20:30:26.906,0.87976,0.87982,1.00,1.31
2017.12.28 20:30:27.527,0.87975,0.87982,1.00,1.31
2017.12.28 20:30:28.074,0.87976,0.87982,1.00,1.19
2017.12.28 20:30:28.580,0.87975,0.87982,1.00,1.19
2017.12.28 20:30:29.289,0.87975,0.87982,1.00,1.12
2017.12.28 20:30:32.568,0.87975,0.87981,1.00,1.00
2017.12.28 20:30:32.881,0.87975,0.87983,1.00,1.12
2017.12.28 20:30:33.422,0.87975,0.87983,1.00,1.50
2017.12.28 20:30:34.482,0.87975,0.8798,1.00,1.00
2017.12.28 20:30:34.732,0.87975,0.87982,1.00,1.12
2017.12.28 20:30:35.430,0.87975,0.87983,1.00,1.50
2017.12.28 20:30:35.482,0.87975,0.87981,1.00,1.00
2017.12.28 20:30:36.082,0.87975,0.8798,1.00,1.00
2017.12.28 20:30:36.533,0.87975,0.87983,1.00,1.87
2017.12.28 20:30:37.034,0.87975,0.87983,1.00,2.25
2017.12.28 20:30:38.133,0.87975,0.87981,1.00,1.00
2017.12.28 20:30:40.084,0.87975,0.87983,1.00,1.87
2017.12.28 20:30:40.832,0.87975,0.87983,1.00,2.25
2017.12.28 20:30:42.683,0.87975,0.8798,1.00,1.00
2017.12.28 20:30:42.735,0.87975,0.87982,1.00,1.00
2017.12.28 20:30:43.262,0.87975,0.87983,1.00,1.87
2017.12.28 20:30:43.477,0.87975,0.87982,1.00,1.37
2017.12.28 20:30:43.984,0.87975,0.87982,1.00,1.00
2017.12.28 20:30:44.592,0.87975,0.87982,1.00,1.87
2017.12.28 20:30:45.107,0.87975,0.87982,1.00,1.50
2017.12.28 20:30:50.260,0.87974,0.87982,1.00,1.50
2017.12.28 20:30:50.869,0.87975,0.87982,1.00,1.50
2017.12.28 20:30:53.231,0.87974,0.87982,1.00,1.50
2017.12.28 20:30:53.532,0.87969,0.87976,1.00,3.00
2017.12.28 20:30:53.842,0.87972,0.87978,1.00,1.87
2017.12.28 20:30:54.503,0.87972,0.87978,1.00,1.50
2017.12.28 20:30:55.944,0.87974,0.87978,1.00,1.12
2017.12.28 20:30:56.141,0.87976,0.87982,1.00,1.50
2017.12.28 20:30:56.245,0.87977,0.87982,1.00,1.00
2017.12.28 20:30:56.403,0.87978,0.87984,1.00,3.19
2017.12.28 20:30:56.982,0.87977,0.87984,1.00,4.87
2017.12.28 20:30:57.630,0.87977,0.87984,1.00,7.50
2017.12.28 20:30:58.408,0.87977,0.87983,1.00,1.35
2017.12.28 20:30:58.461,0.87973,0.87978,1.00,2.25
2017.12.28 20:31:00.194,0.87974,0.87978,1.00,2.25
2017.12.28 20:31:04.139,0.87973,0.87978,1.00,2.25
2017.12.28 20:31:05.982,0.87973,0.87978,1.00,3.00
2017.12.28 20:31:06.696,0.87974,0.87978,1.00,2.25
2017.12.28 20:31:07.252,0.87973,0.87978,1.00,2.25
2017.12.28 20:31:09.345,0.87974,0.87978,1.00,2.25
2017.12.28 20:31:09.953,0.87973,0.87978,1.00,2.25
2017.12.28 20:31:11.428,0.87973,0.87978,1.00,1.87
2017.12.28 20:31:11.952,0.87973,0.87978,1.00,3.00
2017.12.28 20:31:12.694,0.87974,0.87978,1.00,1.87
2017.12.28 20:31:13.428,0.87974,0.87978,1.00,1.50
2017.12.28 20:31:14.660,0.87973,0.87978,1.00,1.87
2017.12.28 20:31:15.192,0.87974,0.87978,1.00,1.50
2017.12.28 20:31:15.771,0.87973,0.87978,1.00,1.50
2017.12.28 20:31:16.291,0.87974,0.87978,1.00,1.50
2017.12.28 20:31:28.600,0.87974,0.87979,1.00,1.00
2017.12.28 20:31:29.132,0.87974,0.87979,1.00,1.37
2017.12.28 20:31:29.636,0.87974,0.87979,1.00,1.00
2017.12.28 20:31:30.281,0.87974,0.8798,1.00,4.69
2017.12.28 20:31:30.831,0.87974,0.87979,1.00,1.12
2017.12.28 20:31:31.481,0.87974,0.87979,1.00,1.50
2017.12.28 20:31:32.035,0.87974,0.87979,1.00,1.00
2017.12.28 20:31:32.727,0.87974,0.87979,1.00,1.37
2017.12.28 20:31:33.337,0.87974,0.87979,1.00,1.00
2017.12.28 20:31:33.997,0.87974,0.87979,1.00,1.37
2017.12.28 20:31:34.608,0.87974,0.87979,1.00,1.00
2017.12.28 20:31:35.318,0.87974,0.87979,1.00,1.87
2017.12.28 20:31:35.874,0.87974,0.87979,1.00,1.50
2017.12.28 20:31:36.483,0.87974,0.8798,1.00,4.69
2017.12.28 20:31:37.031,0.87974,0.87979,1.00,1.50
2017.12.28 20:31:37.833,0.87974,0.87979,1.00,1.87
2017.12.28 20:31:38.350,0.87974,0.87979,1.00,1.00
2017.12.28 20:31:39.017,0.87974,0.87979,1.00,1.37
2017.12.28 20:31:43.094,0.87973,0.87979,1.00,2.62
2017.12.28 20:31:44.261,0.87974,0.87979,1.00,2.62
2017.12.28 20:31:45.797,0.87973,0.87979,1.00,2.62
2017.12.28 20:31:46.795,0.87974,0.87979,1.00,2.62
2017.12.28 20:31:47.563,0.87973,0.87979,1.00,2.25
2017.12.28 20:31:57.132,0.87973,0.87979,1.00,2.25
2017.12.28 20:31:57.642,0.87973,0.87979,1.00,2.25
2017.12.28 20:32:00.112,0.87974,0.87979,1.00,2.25
2017.12.28 20:32:00.617,0.87974,0.87979,1.00,2.25
2017.12.28 20:32:03.436,0.87974,0.87979,1.00,2.25
2017.12.28 20:32:04.632,0.87974,0.87979,1.00,2.25
2017.12.28 20:32:07.109,0.87974,0.87979,1.00,2.62
2017.12.28 20:32:07.631,0.87974,0.87979,1.00,2.25
2017.12.28 20:32:13.849,0.87974,0.87979,1.00,1.87
2017.12.28 20:32:14.600,0.87974,0.87979,1.00,2.25
2017.12.28 20:32:15.141,0.87974,0.87979,1.00,1.87
2017.12.28 20:32:15.671,0.87974,0.87979,1.00,2.25
2017.12.28 20:32:16.182,0.87974,0.87979,1.00,2.25
2017.12.28 20:32:16.732,0.87974,0.87979,1.00,2.25
2017.12.28 20:32:17.250,0.87974,0.87979,1.00,2.25
2017.12.28 20:32:17.538,0.87974,0.87979,1.00,6.00
2017.12.28 20:32:18.082,0.87974,0.87978,1.00,1.25
2017.12.28 20:32:18.738,0.87972,0.87978,1.00,3.19
2017.12.28 20:32:20.749,0.87973,0.87977,1.00,1.00
2017.12.28 20:32:22.747,0.87972,0.87977,1.00,1.37
2017.12.28 20:32:23.775,0.87967,0.87978,1.00,3.94
2017.12.28 20:32:24.063,0.87973,0.87978,1.00,3.19
2017.12.28 20:32:24.493,0.87967,0.87978,1.00,3.94
2017.12.28 20:32:27.492,0.87973,0.87977,1.00,1.12
2017.12.28 20:32:28.260,0.87973,0.87977,1.00,1.12
2017.12.28 20:32:28.938,0.87973,0.87978,1.00,1.69
2017.12.28 20:32:29.635,0.87973,0.87978,1.00,2.06
2017.12.28 20:32:30.232,0.87973,0.87978,1.00,2.06
2017.12.28 20:32:30.767,0.87973,0.87977,1.00,1.00
2017.12.28 20:32:32.402,0.87973,0.87977,1.00,1.12
2017.12.28 20:32:32.934,0.87973,0.87978,1.00,1.50
2017.12.28 20:32:42.360,0.87973,0.87979,1.00,6.37
2017.12.28 20:32:42.883,0.87973,0.87978,1.00,1.87
2017.12.28 20:32:43.687,0.87974,0.87978,1.00,1.12
2017.12.28 20:32:44.234,0.87973,0.87979,1.00,6.37
2017.12.28 20:32:45.187,0.87973,0.87978,1.00,1.12
2017.12.28 20:32:45.745,0.87974,0.87978,1.00,1.00
2017.12.28 20:32:46.313,0.87973,0.87978,1.00,1.87
2017.12.28 20:32:59.184,0.87973,0.87978,1.00,2.25
2017.12.28 20:32:59.777,0.87973,0.87978,1.00,2.25
2017.12.28 20:33:00.181,0.87972,0.87977,1.00,1.12
2017.12.28 20:33:00.867,0.87971,0.87977,1.00,1.50
2017.12.28 20:33:01.385,0.87972,0.87978,1.00,1.87
2017.12.28 20:33:01.954,0.87971,0.87978,1.00,1.87
2017.12.28 20:33:02.567,0.87972,0.87978,1.00,1.50
2017.12.28 20:33:03.153,0.87971,0.87979,1.00,6.97
2017.12.28 20:33:03.869,0.87972,0.87979,1.00,6.97
2017.12.28 20:33:04.478,0.87971,0.87979,1.00,6.60
2017.12.28 20:33:05.072,0.87972,0.87979,1.00,6.60
2017.12.28 20:33:08.460,0.87971,0.87977,1.00,1.12
2017.12.28 20:33:10.397,0.87971,0.87977,1.00,2.25
2017.12.28 20:33:11.065,0.87972,0.87977,1.00,1.50
2017.12.28 20:33:11.659,0.87971,0.87977,1.00,1.50
2017.12.28 20:33:12.355,0.87972,0.87977,1.00,1.50
2017.12.28 20:33:15.074,0.87971,0.87977,1.00,1.50
2017.12.28 20:33:15.676,0.87972,0.87977,1.00,1.50
2017.12.28 20:33:16.236,0.87972,0.87977,1.00,1.12
2017.12.28 20:33:16.919,0.87972,0.87977,1.00,1.50
2017.12.28 20:33:17.438,0.87972,0.87977,1.00,1.12
2017.12.28 20:33:18.288,0.87972,0.87977,1.00,1.50
2017.12.28 20:33:18.839,0.87972,0.87977,1.00,1.12
2017.12.28 20:33:18.997,0.8797,0.87975,1.00,1.00
2017.12.28 20:33:19.306,0.87968,0.87975,1.00,1.00
2017.12.28 20:33:19.914,0.87968,0.87975,1.00,1.87
2017.12.28 20:33:20.438,0.87969,0.87975,1.00,1.50
2017.12.28 20:33:21.083,0.87969,0.87975,1.00,1.50
2017.12.28 20:33:21.632,0.87968,0.87975,1.00,1.50
2017.12.28 20:33:22.138,0.87968,0.87975,1.00,1.50
2017.12.28 20:33:22.785,0.87968,0.87975,1.00,1.87
2017.12.28 20:33:23.378,0.87968,0.87975,1.00,1.50
2017.12.28 20:33:23.890,0.87969,0.87975,1.00,1.50
2017.12.28 20:33:24.435,0.87969,0.87975,1.00,1.87
2017.12.28 20:33:25.037,0.87969,0.87975,1.00,1.50
2017.12.28 20:33:25.651,0.87968,0.87975,1.00,1.50
2017.12.28 20:33:26.163,0.87969,0.87975,1.00,1.87
2017.12.28 20:33:26.704,0.87968,0.87975,1.00,1.50
2017.12.28 20:33:27.282,0.87969,0.87975,1.00,1.50
2017.12.28 20:33:27.855,0.87968,0.87975,1.00,1.12
2017.12.28 20:33:28.633,0.87969,0.87975,1.00,1.50
2017.12.28 20:33:28.890,0.8797,0.87977,1.00,2.25
2017.12.28 20:33:28.947,0.8797,0.87977,1.00,4.50
2017.12.28 20:33:29.117,0.87968,0.87976,1.00,2.25
2017.12.28 20:33:30.283,0.87968,0.87976,1.00,1.87
2017.12.28 20:33:30.609,0.87968,0.87976,1.00,6.37
2017.12.28 20:33:30.662,0.87968,0.87976,1.00,2.62
2017.12.28 20:33:31.295,0.87968,0.87976,1.00,2.25
2017.12.28 20:33:32.234,0.87968,0.87976,1.00,1.87
2017.12.28 20:33:32.483,0.87968,0.87976,1.00,4.12
2017.12.28 20:33:33.136,0.87968,0.87976,1.00,2.62
2017.12.28 20:33:33.826,0.87968,0.87976,1.00,1.50
2017.12.28 20:33:34.471,0.87968,0.87973,1.00,1.00
2017.12.28 20:33:34.523,0.87968,0.87975,1.00,1.00
2017.12.28 20:33:35.254,0.87968,0.87976,1.00,1.12
2017.12.28 20:33:36.349,0.87969,0.87976,1.00,1.00
2017.12.28 20:33:36.852,0.87969,0.87978,1.00,3.19
2017.12.28 20:33:37.894,0.87969,0.87977,1.00,1.37
2017.12.28 20:33:38.431,0.87969,0.87978,1.00,2.81
2017.12.28 20:33:40.834,0.87969,0.87978,1.00,2.44
2017.12.28 20:33:41.336,0.87969,0.87975,1.00,1.00
2017.12.28 20:33:42.860,0.8797,0.87975,1.00,1.00
2017.12.28 20:33:43.175,0.8797,0.87978,1.00,1.62
2017.12.28 20:33:47.209,0.8797,0.87975,1.00,1.00
2017.12.28 20:33:48.763,0.8797,0.87977,1.00,1.12
2017.12.28 20:33:49.435,0.87969,0.87976,1.00,1.00
2017.12.28 20:33:49.486,0.87969,0.87973,1.00,1.00
2017.12.28 20:33:49.590,0.87969,0.87976,1.00,1.00
2017.12.28 20:33:51.494,0.8797,0.87976,1.00,1.00
2017.12.28 20:33:52.082,0.8797,0.87975,1.00,1.00
2017.12.28 20:33:52.585,0.87969,0.87975,1.00,1.00
2017.12.28 20:33:53.286,0.87969,0.87975,1.00,1.37
2017.12.28 20:33:53.937,0.87969,0.87975,1.00,1.12
2017.12.28 20:33:54.493,0.87969,0.87973,1.00,1.00
2017.12.28 20:33:54.544,0.87969,0.87975,1.00,1.31
2017.12.28 20:33:55.182,0.87969,0.87975,1.00,1.69
2017.12.28 20:33:55.696,0.87969,0.87975,1.00,1.00
2017.12.28 20:34:00.274,0.8797,0.87975,1.00,1.00
2017.12.28 20:34:02.783,0.8797,0.87976,1.00,1.12
2017.12.28 20:34:03.300,0.8797,0.87976,1.00,1.50
2017.12.28 20:34:03.937,0.87971,0.87976,1.00,1.50
2017.12.28 20:34:05.932,0.8797,0.87976,1.00,1.50
2017.12.28 20:34:06.945,0.8797,0.87976,1.00,1.12
2017.12.28 20:34:11.018,0.87971,0.87976,1.00,1.00
2017.12.28 20:34:13.196,0.87972,0.87978,1.00,1.00
2017.12.28 20:34:13.763,0.87973,0.8798,1.00,2.81
2017.12.28 20:34:14.281,0.87972,0.87979,1.00,2.06
2017.12.28 20:34:14.805,0.87972,0.87979,1.00,2.06
2017.12.28 20:34:15.326,0.87971,0.87979,1.00,2.06
2017.12.28 20:34:24.529,0.87972,0.8798,1.00,3.19
2017.12.28 20:34:24.581,0.87973,0.8798,1.00,2.06
2017.12.28 20:34:25.133,0.87973,0.87979,1.00,1.69
2017.12.28 20:34:25.659,0.87972,0.87979,1.00,1.69
2017.12.28 20:34:28.896,0.87971,0.87978,1.00,1.19
2017.12.28 20:34:31.985,0.87968,0.87973,1.00,1.00
2017.12.28 20:34:32.202,0.87971,0.87979,1.00,2.06
2017.12.28 20:34:32.883,0.8797,0.87974,1.00,1.00
2017.12.28 20:34:33.283,0.87971,0.87977,1.00,1.25
2017.12.28 20:34:38.487,0.87969,0.87973,1.00,1.00
2017.12.28 20:34:38.887,0.8797,0.87979,1.00,2.81
2017.12.28 20:34:39.434,0.87971,0.87979,1.00,2.81
2017.12.28 20:34:39.944,0.8797,0.87979,1.00,2.81
2017.12.28 20:34:40.470,0.87971,0.87979,1.00,2.81
2017.12.28 20:34:40.986,0.8797,0.87979,1.00,2.81
2017.12.28 20:34:41.750,0.87971,0.87979,1.00,2.81
2017.12.28 20:34:42.287,0.8797,0.87979,1.00,2.81
2017.12.28 20:34:43.134,0.87971,0.87979,1.00,2.81
2017.12.28 20:34:48.684,0.87972,0.87977,1.00,1.31
2017.12.28 20:34:49.281,0.87972,0.87976,1.00,1.00
2017.12.28 20:34:49.486,0.87969,0.87973,1.00,1.00
2017.12.28 20:34:49.843,0.87972,0.87978,1.00,1.56
2017.12.28 20:34:52.318,0.87971,0.87979,1.00,1.69
2017.12.28 20:34:53.660,0.87972,0.87979,1.00,2.06
2017.12.28 20:34:54.303,0.87971,0.87979,1.00,2.06
2017.12.28 20:34:55.080,0.87972,0.87979,1.00,2.06
2017.12.28 20:35:00.262,0.87973,0.87979,1.00,2.06
2017.12.28 20:35:00.782,0.87972,0.87979,1.00,2.06
2017.12.28 20:35:08.955,0.87973,0.87979,1.00,2.06
2017.12.28 20:35:09.481,0.87972,0.87979,1.00,2.06
2017.12.28 20:35:11.547,0.87973,0.87979,1.00,1.56
2017.12.28 20:35:12.122,0.87972,0.87979,1.00,1.56
2017.12.28 20:35:12.635,0.87973,0.87979,1.00,1.31
2017.12.28 20:35:13.238,0.87973,0.8798,1.00,3.94
2017.12.28 20:35:13.291,0.87974,0.8798,1.00,1.31
2017.12.28 20:35:13.344,0.87974,0.8798,1.00,2.25
2017.12.28 20:35:13.944,0.87975,0.8798,1.00,1.31
2017.12.28 20:35:14.290,0.87972,0.87977,1.00,1.00
2017.12.28 20:35:14.397,0.87973,0.87978,1.00,1.12
2017.12.28 20:35:14.501,0.87974,0.8798,1.00,3.00
2017.12.28 20:35:14.568,0.87975,0.8798,1.00,1.12
2017.12.28 20:35:14.724,0.8797,0.87981,1.00,1.50
2017.12.28 20:35:16.038,0.87976,0.87981,1.00,1.00
2017.12.28 20:35:16.593,0.87976,0.87981,1.00,1.12
2017.12.28 20:35:18.224,0.87976,0.87981,1.00,1.12
2017.12.28 20:35:19.040,0.87976,0.87982,1.00,4.69
2017.12.28 20:35:19.624,0.87976,0.87982,1.00,4.69
2017.12.28 20:35:20.229,0.87976,0.87981,1.00,2.06
2017.12.28 20:35:22.297,0.87974,0.87981,1.00,9.00
2017.12.28 20:35:23.070,0.87975,0.87981,1.00,6.19
2017.12.28 20:35:26.746,0.87968,0.87976,1.00,1.00
2017.12.28 20:35:26.802,0.87967,0.87973,2.25,3.00
2017.12.28 20:35:27.015,0.87962,0.87972,1.00,3.56
2017.12.28 20:35:27.378,0.87971,0.87976,1.00,2.25
2017.12.28 20:35:27.911,0.87971,0.87976,1.00,1.12
2017.12.28 20:35:30.384,0.87972,0.87977,1.00,3.94
2017.12.28 20:35:32.990,0.87972,0.87977,1.00,2.06
2017.12.28 20:35:33.623,0.87972,0.87977,1.00,3.19
2017.12.28 20:35:34.536,0.87972,0.87977,1.00,2.81
2017.12.28 20:35:35.285,0.87972,0.87977,1.00,3.19
2017.12.28 20:35:36.593,0.87972,0.87977,1.00,2.81
2017.12.28 20:35:40.910,0.87963,0.87974,1.50,4.31
2017.12.28 20:35:40.964,0.87969,0.87974,1.00,1.50
2017.12.28 20:35:41.019,0.8797,0.87975,1.00,2.81
2017.12.28 20:35:41.226,0.87963,0.87975,1.00,4.12
2017.12.28 20:35:41.951,0.87963,0.87975,1.00,1.87
2017.12.28 20:35:42.187,0.87971,0.87976,1.00,2.25
2017.12.28 20:35:42.874,0.87971,0.87977,1.00,3.56
2017.12.28 20:35:46.182,0.87972,0.87977,1.00,2.06
2017.12.28 20:35:46.707,0.87971,0.87977,1.00,2.81
2017.12.28 20:35:47.613,0.87972,0.87977,1.00,2.44
2017.12.28 20:35:49.393,0.87971,0.87977,1.00,3.19
2017.12.28 20:35:54.159,0.87972,0.87977,1.00,2.44
2017.12.28 20:35:54.894,0.87969,0.87976,1.00,1.69
2017.12.28 20:35:54.947,0.87968,0.87974,1.00,4.50
2017.12.28 20:35:59.637,0.87961,0.87973,1.00,2.25
2017.12.28 20:35:59.741,0.87964,0.87974,1.00,1.12
2017.12.28 20:36:00.057,0.87972,0.87977,1.00,6.94
2017.12.28 20:36:00.572,0.87972,0.87977,1.00,3.56
2017.12.28 20:36:01.682,0.87972,0.87977,1.00,1.12
2017.12.28 20:36:02.291,0.87972,0.87977,1.00,1.69
2017.12.28 20:36:14.485,0.87971,0.87976,1.00,1.91
2017.12.28 20:36:14.795,0.87968,0.87973,1.00,2.62
2017.12.28 20:36:18.820,0.8797,0.87976,1.00,4.31
2017.12.28 20:36:19.329,0.8797,0.87975,1.00,1.12
2017.12.28 20:36:19.847,0.8797,0.87975,1.00,1.50
2017.12.28 20:36:20.697,0.8797,0.87975,1.00,1.00
2017.12.28 20:36:22.810,0.87971,0.87976,1.00,1.69
2017.12.28 20:36:23.420,0.87971,0.87976,1.00,1.69
2017.12.28 20:36:26.661,0.87966,0.87973,1.00,3.00
2017.12.28 20:36:26.714,0.87962,0.87972,1.00,4.12
2017.12.28 20:36:26.767,0.8796,0.87971,1.00,1.50
2017.12.28 20:36:26.819,0.87967,0.87972,1.00,1.87
2017.12.28 20:36:26.871,0.87969,0.87974,1.00,1.12
2017.12.28 20:36:26.975,0.8797,0.87976,1.00,3.19
2017.12.28 20:36:27.531,0.87969,0.87975,1.00,3.94
2017.12.28 20:36:28.790,0.8797,0.87975,1.00,1.00
2017.12.28 20:36:29.378,0.8797,0.87975,1.00,1.00
2017.12.28 20:36:30.205,0.8797,0.87975,1.00,1.00
2017.12.28 20:36:30.734,0.8797,0.87975,1.00,1.00
2017.12.28 20:36:33.298,0.8797,0.87975,1.00,1.37
2017.12.28 20:36:33.846,0.87971,0.87977,1.00,1.50
2017.12.28 20:36:34.417,0.87972,0.87977,1.00,1.50
2017.12.28 20:36:34.933,0.87971,0.87977,1.00,1.12
2017.12.28 20:36:35.626,0.87972,0.87976,1.00,1.00
2017.12.28 20:36:43.026,0.87971,0.87977,1.00,1.12
2017.12.28 20:36:43.627,0.87968,0.87974,1.00,1.12
2017.12.28 20:36:43.824,0.87969,0.87974,1.00,1.12
2017.12.28 20:36:43.876,0.8797,0.87975,1.00,3.37
2017.12.28 20:36:45.368,0.8797,0.87975,1.00,3.75
2017.12.28 20:36:50.575,0.87969,0.87974,1.00,1.12
2017.12.28 20:36:50.908,0.87968,0.87972,1.00,1.00
2017.12.28 20:36:51.925,0.87969,0.87973,1.00,1.00
2017.12.28 20:36:54.509,0.87969,0.87974,1.00,1.12
2017.12.28 20:36:58.272,0.87969,0.87973,1.00,1.00
2017.12.28 20:37:00.150,0.8797,0.87975,1.00,4.50
2017.12.28 20:37:03.072,0.87968,0.87974,1.00,1.75
2017.12.28 20:37:04.962,0.87964,0.87974,1.00,4.31
2017.12.28 20:37:11.179,0.87969,0.87974,1.00,3.75
2017.12.28 20:37:11.793,0.8797,0.87974,1.00,1.12
2017.12.28 20:37:12.503,0.8797,0.87975,1.00,1.50
2017.12.28 20:37:24.839,0.87971,0.87976,1.00,3.56
2017.12.28 20:37:25.451,0.87971,0.87976,1.00,2.06
2017.12.28 20:37:39.239,0.87971,0.87977,1.00,7.31
2017.12.28 20:37:39.294,0.87967,0.87976,1.50,1.00
2017.12.28 20:37:39.348,0.87973,0.87978,1.00,2.25
2017.12.28 20:37:39.623,0.87969,0.87979,1.00,2.25
2017.12.28 20:37:43.576,0.87975,0.87979,1.00,1.12
2017.12.28 20:37:43.628,0.87969,0.8798,1.50,2.62
2017.12.28 20:37:44.294,0.87969,0.8798,1.50,6.19
2017.12.28 20:37:44.855,0.87969,0.8798,1.00,3.37
2017.12.28 20:37:47.003,0.87976,0.8798,1.00,2.25
2017.12.28 20:37:55.768,0.87976,0.87981,1.00,5.81
2017.12.28 20:37:55.820,0.8797,0.87981,1.00,3.37
2017.12.28 20:37:57.265,0.87977,0.87982,1.00,1.69
2017.12.28 20:37:58.161,0.87977,0.87982,1.00,3.56
2017.12.28 20:37:58.668,0.87977,0.87982,1.00,1.50
2017.12.28 20:37:59.717,0.87976,0.87981,1.00,1.87
2017.12.28 20:38:00.524,0.8797,0.87981,1.00,2.25
2017.12.28 20:38:01.224,0.87969,0.8798,1.87,1.50
2017.12.28 20:38:03.551,0.87969,0.8798,1.12,5.81
2017.12.28 20:38:09.710,0.87975,0.8798,1.00,1.12
2017.12.28 20:38:10.142,0.87969,0.8798,1.00,6.19
2017.12.28 20:38:15.148,0.87969,0.87979,1.00,1.00
2017.12.28 20:38:16.233,0.87975,0.8798,1.00,1.87
2017.12.28 20:38:22.549,0.87969,0.8798,1.87,1.87
2017.12.28 20:38:22.807,0.87976,0.87981,1.00,3.00
2017.12.28 20:38:23.669,0.87969,0.87981,3.00,2.25
2017.12.28 20:38:23.977,0.87977,0.87982,1.00,1.00
2017.12.28 20:38:25.767,0.87978,0.87983,1.00,3.37
2017.12.28 20:38:26.288,0.87978,0.87983,1.00,1.50
2017.12.28 20:38:26.703,0.8798,0.87984,1.00,1.12
2017.12.28 20:38:29.372,0.87981,0.87985,1.00,3.37
2017.12.28 20:38:30.396,0.87981,0.87985,1.00,3.00
2017.12.28 20:38:31.769,0.8798,0.87984,1.00,1.12
2017.12.28 20:38:31.827,0.87973,0.87984,1.87,4.87
2017.12.28 20:38:31.879,0.87973,0.87983,1.12,1.12
2017.12.28 20:38:32.122,0.8798,0.87986,1.00,6.75
2017.12.28 20:38:32.441,0.87974,0.87985,1.37,1.12
2017.12.28 20:38:32.992,0.87976,0.87986,1.00,1.50
2017.12.28 20:38:33.812,0.87976,0.87987,1.00,1.87
2017.12.28 20:38:34.081,0.87983,0.87988,1.00,3.56
2017.12.28 20:38:34.638,0.87983,0.87988,1.00,1.69
2017.12.28 20:38:36.674,0.87976,0.87986,1.00,1.12
2017.12.28 20:38:36.727,0.87976,0.87985,1.00,3.00
2017.12.28 20:38:36.779,0.87974,0.87985,1.00,2.25
2017.12.28 20:38:37.810,0.87974,0.87985,2.25,1.00
2017.12.28 20:38:38.538,0.87976,0.87985,1.00,1.00
2017.12.28 20:38:39.132,0.87976,0.87986,1.00,1.00
2017.12.28 20:38:39.710,0.87976,0.87987,1.12,1.50
2017.12.28 20:38:39.833,0.87983,0.87988,1.00,1.87
2017.12.28 20:38:52.250,0.87976,0.87986,1.00,1.00
2017.12.28 20:38:54.127,0.87984,0.87988,1.00,1.12
2017.12.28 20:38:54.762,0.87976,0.87985,1.00,1.00
2017.12.28 20:38:55.548,0.87976,0.87986,1.00,1.00
2017.12.28 20:38:58.746,0.87983,0.87988,1.00,1.69
2017.12.28 20:39:00.357,0.87976,0.87987,1.00,2.62
2017.12.28 20:39:00.472,0.87983,0.87988,1.00,2.81
2017.12.28 20:39:00.756,0.87976,0.87986,1.00,1.00
2017.12.28 20:39:01.278,0.87976,0.87987,1.00,1.87
2017.12.28 20:39:07.139,0.87977,0.87987,1.50,1.12
2017.12.28 20:39:07.704,0.87977,0.87986,1.00,1.00
2017.12.28 20:39:08.276,0.87976,0.87986,1.00,1.00
2017.12.28 20:39:13.443,0.87976,0.87988,1.50,3.00
2017.12.28 20:39:15.303,0.87976,0.87988,1.50,3.00
2017.12.28 20:39:16.582,0.87976,0.87987,1.50,1.00
2017.12.28 20:39:18.889,0.87976,0.87988,1.50,2.62
2017.12.28 20:39:18.941,0.87984,0.8799,1.00,7.87
2017.12.28 20:39:18.993,0.87977,0.87988,1.37,1.87
2017.12.28 20:39:19.149,0.87986,0.8799,1.00,1.50
2017.12.28 20:39:19.314,0.8798,0.8799,1.00,1.00
2017.12.28 20:39:19.831,0.87979,0.8799,2.06,1.12
2017.12.28 20:39:20.361,0.87978,0.8799,1.50,6.56
2017.12.28 20:39:20.886,0.87978,0.87989,1.00,4.31
2017.12.28 20:39:22.064,0.87977,0.87985,1.00,1.00
2017.12.28 20:39:22.116,0.87974,0.87984,1.00,2.62
2017.12.28 20:39:22.220,0.87972,0.87983,1.50,1.12
2017.12.28 20:39:22.376,0.87979,0.87984,1.00,3.75
2017.12.28 20:39:32.643,0.87973,0.87984,1.31,1.00
2017.12.28 20:39:32.748,0.87982,0.87986,1.00,1.12
2017.12.28 20:39:32.800,0.87983,0.87988,1.00,1.00
2017.12.28 20:39:32.853,0.87978,0.87989,1.00,1.50
2017.12.28 20:39:37.553,0.87977,0.87987,1.00,1.37
2017.12.28 20:39:37.659,0.87975,0.87985,1.00,2.25
2017.12.28 20:39:37.711,0.87973,0.87983,1.00,1.12
2017.12.28 20:39:38.036,0.87979,0.87984,1.00,1.87
2017.12.28 20:39:57.486,0.87982,0.87986,1.00,2.25
2017.12.28 20:39:57.539,0.87975,0.87987,1.50,1.87
2017.12.28 20:39:57.695,0.87977,0.87988,1.00,1.50
2017.12.28 20:39:58.211,0.87978,0.87988,1.00,1.12
2017.12.28 20:39:58.732,0.87978,0.8799,1.50,2.62
2017.12.28 20:39:59.400,0.87979,0.8799,1.00,2.62
2017.12.28 20:40:00.118,0.87987,0.87991,1.00,1.87
2017.12.28 20:40:00.619,0.87987,0.87991,1.00,1.00
2017.12.28 20:40:03.951,0.87988,0.87992,1.00,2.81
2017.12.28 20:40:05.214,0.87988,0.87992,1.00,3.19
2017.12.28 20:40:05.486,0.87988,0.87993,1.00,3.19
2017.12.28 20:40:06.103,0.87987,0.87992,1.00,3.19
2017.12.28 20:40:06.382,0.87988,0.87993,1.00,3.94
2017.12.28 20:40:08.141,0.87988,0.87992,1.00,3.19
2017.12.28 20:40:08.886,0.87988,0.87993,1.00,3.19
2017.12.28 20:40:09.120,0.87987,0.87992,1.00,3.19
2017.12.28 20:40:15.000,0.87979,0.8799,1.50,1.50
2017.12.28 20:40:15.203,0.87987,0.87993,1.00,5.25
2017.12.28 20:40:17.272,0.87986,0.87991,1.00,2.25
2017.12.28 20:40:18.396,0.87979,0.8799,1.50,1.00
2017.12.28 20:40:22.622,0.87987,0.87991,1.00,1.87
2017.12.28 20:40:23.493,0.87983,0.87988,1.00,1.37
2017.12.28 20:40:23.558,0.87977,0.87987,1.00,1.50
2017.12.28 20:40:24.098,0.87976,0.87987,1.50,1.50
2017.12.28 20:40:24.872,0.87977,0.87987,1.00,1.12
2017.12.28 20:40:25.414,0.87976,0.87987,1.50,1.50
2017.12.28 20:40:25.959,0.87975,0.87986,2.25,1.12
2017.12.28 20:40:29.498,0.87976,0.87987,1.00,2.25
2017.12.28 20:40:30.028,0.87976,0.87987,1.19,1.50
2017.12.28 20:40:31.654,0.87976,0.87987,1.25,1.50
2017.12.28 20:40:32.167,0.87977,0.87987,1.69,1.50
2017.12.28 20:40:36.373,0.87977,0.87987,1.00,1.87
2017.12.28 20:40:46.991,0.87977,0.87988,2.25,1.12
2017.12.28 20:40:51.233,0.87978,0.87988,1.00,1.12
2017.12.28 20:40:54.470,0.87985,0.87993,1.00,43.94
2017.12.28 20:40:55.083,0.87978,0.87988,1.00,1.12
2017.12.28 20:41:01.549,0.87985,0.87989,1.00,1.12
2017.12.28 20:41:04.566,0.87978,0.87989,1.00,2.25
2017.12.28 20:41:05.115,0.87977,0.87989,2.25,2.25
2017.12.28 20:41:06.822,0.87985,0.87989,1.00,1.87
2017.12.28 20:41:08.089,0.87985,0.8799,1.00,2.25
2017.12.28 20:41:08.194,0.87988,0.87992,1.00,1.50
2017.12.28 20:41:08.246,0.87981,0.87992,1.31,1.50
2017.12.28 20:41:08.498,0.87983,0.87992,1.00,1.00
2017.12.28 20:41:09.270,0.87983,0.87993,1.00,1.12
2017.12.28 20:41:10.398,0.8799,0.87994,1.00,1.50
2017.12.28 20:41:11.892,0.87983,0.87993,1.50,1.12
2017.12.28 20:41:12.918,0.87981,0.87991,1.00,1.87
2017.12.28 20:41:13.228,0.87977,0.87987,1.00,1.75
2017.12.28 20:41:14.381,0.87977,0.87987,1.00,1.12
2017.12.28 20:41:15.038,0.87978,0.87987,1.00,1.00
2017.12.28 20:41:15.769,0.87977,0.87987,1.50,1.00
2017.12.28 20:41:16.899,0.87983,0.87987,1.00,1.12
2017.12.28 20:41:17.228,0.87975,0.87987,2.25,1.50
2017.12.28 20:41:17.744,0.87975,0.87987,1.69,3.00
2017.12.28 20:41:20.526,0.87976,0.87987,1.25,1.12
2017.12.28 20:41:21.052,0.87977,0.87987,1.69,1.00
2017.12.28 20:41:21.962,0.87978,0.87987,1.00,1.00
2017.12.28 20:41:25.010,0.87986,0.87992,1.00,17.62
2017.12.28 20:41:25.269,0.87979,0.87987,1.00,1.00
2017.12.28 20:41:26.996,0.87979,0.87989,1.00,1.87
2017.12.28 20:41:27.491,0.87985,0.8799,1.00,1.00
2017.12.28 20:41:28.136,0.87984,0.87988,1.00,1.00
2017.12.28 20:41:29.101,0.87977,0.87988,1.00,1.50
2017.12.28 20:41:30.396,0.87978,0.87988,1.00,1.50
2017.12.28 20:41:30.913,0.87979,0.87989,1.00,3.19
2017.12.28 20:41:31.583,0.87978,0.87989,2.25,3.19
2017.12.28 20:41:46.961,0.87978,0.87988,1.00,1.12
2017.12.28 20:41:50.212,0.87985,0.87989,1.00,2.25
2017.12.28 20:41:50.265,0.87978,0.87988,1.00,3.00
2017.12.28 20:41:56.539,0.87981,0.87986,1.00,1.87
2017.12.28 20:41:56.592,0.87976,0.87984,1.00,1.12
2017.12.28 20:42:00.533,0.87976,0.87985,1.00,3.37
2017.12.28 20:42:01.093,0.87975,0.87985,1.00,3.37
2017.12.28 20:42:02.121,0.87974,0.87983,1.00,1.12
2017.12.28 20:42:03.729,0.8798,0.87985,1.00,1.37
2017.12.28 20:42:03.781,0.87974,0.87983,1.00,1.12
2017.12.28 20:42:04.439,0.87973,0.87984,2.25,1.50
2017.12.28 20:42:06.239,0.87974,0.87984,1.00,1.50
2017.12.28 20:42:06.953,0.87974,0.87984,1.00,1.00
2017.12.28 20:42:07.456,0.87975,0.87984,1.00,1.00
2017.12.28 20:42:14.267,0.87974,0.87984,1.50,1.12
2017.12.28 20:42:15.089,0.87975,0.87984,1.00,1.00
2017.12.28 20:42:15.141,0.87981,0.87987,1.00,2.06
2017.12.28 20:42:15.708,0.87981,0.87986,1.00,1.87
2017.12.28 20:42:16.079,0.87975,0.87984,1.50,1.00
2017.12.28 20:42:16.772,0.87976,0.87985,1.00,1.12
2017.12.28 20:42:17.003,0.87983,0.87987,1.00,1.50
2017.12.28 20:42:17.165,0.87977,0.87987,1.50,1.12
2017.12.28 20:42:19.762,0.87977,0.87987,1.00,3.00
2017.12.28 20:42:19.918,0.87975,0.87986,2.25,2.44
2017.12.28 20:42:23.946,0.87981,0.87985,1.00,1.00
2017.12.28 20:42:25.922,0.87982,0.87987,1.00,3.94
2017.12.28 20:42:26.130,0.87974,0.87985,1.50,3.19
2017.12.28 20:42:27.157,0.87974,0.87984,1.50,1.00
2017.12.28 20:42:27.209,0.87982,0.87986,1.00,2.25
2017.12.28 20:42:28.107,0.87982,0.87986,1.00,1.00
2017.12.28 20:42:35.384,0.87982,0.87987,1.00,1.12
2017.12.28 20:42:36.530,0.87983,0.87988,1.00,1.31
2017.12.28 20:42:40.267,0.87976,0.87985,1.00,1.00
2017.12.28 20:42:41.560,0.87976,0.87986,1.00,1.12
2017.12.28 20:42:41.611,0.87983,0.87987,1.00,1.12
2017.12.28 20:42:45.107,0.87983,0.87987,1.00,1.00
2017.12.28 20:42:46.344,0.87984,0.87988,1.00,1.00
2017.12.28 20:42:49.457,0.87977,0.87987,1.50,1.12
2017.12.28 20:42:49.508,0.87984,0.87988,1.00,1.00
2017.12.28 20:42:50.347,0.87982,0.87987,1.00,1.37
2017.12.28 20:42:51.970,0.87983,0.87987,1.00,1.50
2017.12.28 20:42:52.448,0.87977,0.87985,1.00,1.50
2017.12.28 20:42:52.552,0.87975,0.87985,1.50,1.50
2017.12.28 20:42:53.154,0.87974,0.87985,2.25,2.25
2017.12.28 20:42:53.477,0.87976,0.87986,1.00,1.50
2017.12.28 20:42:55.469,0.87983,0.87987,1.00,1.87
2017.12.28 20:42:56.529,0.87984,0.87988,1.00,1.25
2017.12.28 20:42:57.653,0.87984,0.87988,1.00,2.06
2017.12.28 20:43:00.679,0.87984,0.87988,1.00,1.25
2017.12.28 20:43:01.302,0.87983,0.87988,1.00,2.06
2017.12.28 20:43:01.839,0.87983,0.87988,1.00,2.44
2017.12.28 20:43:02.271,0.87976,0.87987,1.00,4.31
2017.12.28 20:43:04.345,0.87975,0.87986,1.00,1.50
2017.12.28 20:43:04.397,0.87974,0.87985,1.00,6.00
2017.12.28 20:43:04.913,0.87973,0.87985,2.25,6.00
2017.12.28 20:43:05.852,0.87975,0.87985,1.00,2.44
2017.12.28 20:43:07.239,0.87973,0.8798,1.00,3.56
2017.12.28 20:43:07.645,0.87967,0.87979,2.44,5.81
2017.12.28 20:43:14.042,0.87967,0.87978,2.44,1.12
2017.12.28 20:43:14.464,0.87967,0.87978,1.69,2.44
2017.12.28 20:43:15.092,0.87966,0.87977,1.00,2.44
2017.12.28 20:43:15.868,0.87966,0.87976,1.00,4.31
2017.12.28 20:43:16.024,0.87961,0.87972,1.00,1.12
2017.12.28 20:43:16.076,0.87963,0.87974,1.00,1.87
2017.12.28 20:43:20.258,0.87963,0.87975,1.50,3.94
2017.12.28 20:43:24.306,0.8797,0.87976,1.00,1.00
2017.12.28 20:43:26.192,0.87963,0.87975,1.50,3.94
2017.12.28 20:43:26.589,0.87971,0.87975,1.00,2.62
2017.12.28 20:43:26.744,0.87965,0.87975,1.00,1.50
2017.12.28 20:43:27.200,0.87963,0.87975,1.50,4.87
2017.12.28 20:43:27.963,0.87963,0.87975,2.06,1.87
2017.12.28 20:43:28.514,0.87966,0.87977,1.50,1.50
2017.12.28 20:43:35.514,0.87966,0.87977,1.87,1.12
2017.12.28 20:43:36.208,0.87968,0.87977,1.00,1.12
2017.12.28 20:43:38.301,0.87967,0.87977,1.50,1.12
2017.12.28 20:43:38.642,0.87967,0.87977,2.81,1.12
2017.12.28 20:43:38.747,0.8797,0.8798,1.69,1.00
2017.12.28 20:43:38.851,0.87977,0.87981,1.00,1.00
2017.12.28 20:43:38.954,0.87971,0.87981,1.50,1.00
2017.12.28 20:43:40.121,0.87975,0.87984,1.00,1.50
2017.12.28 20:43:40.654,0.87975,0.87984,1.00,1.00
2017.12.28 20:43:41.313,0.87975,0.87985,1.00,1.12
2017.12.28 20:43:42.042,0.87975,0.87985,1.00,1.50
2017.12.28 20:43:43.417,0.87973,0.87984,1.50,2.44
2017.12.28 20:43:43.954,0.87973,0.87983,1.00,4.31
2017.12.28 20:43:44.267,0.87971,0.87982,1.00,5.06
2017.12.28 20:43:44.518,0.87968,0.87979,1.25,2.44
2017.12.28 20:43:44.738,0.8797,0.8798,1.00,1.50
2017.12.28 20:43:44.790,0.8797,0.87982,2.06,1.87
2017.12.28 20:43:44.997,0.87974,0.87983,1.00,1.00
2017.12.28 20:43:45.204,0.87975,0.87985,1.00,1.12
2017.12.28 20:43:48.975,0.87982,0.87987,1.00,3.75
2017.12.28 20:43:54.552,0.87981,0.87985,1.00,1.12
2017.12.28 20:43:54.656,0.87975,0.87985,1.00,1.50
2017.12.28 20:43:54.862,0.87973,0.87983,1.50,1.50
2017.12.28 20:43:55.719,0.87973,0.87984,1.50,1.31
2017.12.28 20:43:56.806,0.87975,0.87985,1.00,1.69
2017.12.28 20:43:57.416,0.87982,0.87986,1.00,1.00
2017.12.28 20:44:00.055,0.87975,0.87986,1.50,1.87
2017.12.28 20:44:03.369,0.87982,0.87987,1.00,1.69
2017.12.28 20:44:05.393,0.87975,0.87986,1.50,1.87
2017.12.28 20:44:06.715,0.87983,0.87987,1.00,1.69
2017.12.28 20:44:09.028,0.87975,0.87986,2.25,1.50
2017.12.28 20:44:13.449,0.87975,0.87987,3.00,1.87
2017.12.28 20:44:13.501,0.87978,0.87989,1.00,2.44
2017.12.28 20:44:19.059,0.87988,0.87992,1.00,1.00
2017.12.28 20:44:19.111,0.87989,0.87993,1.00,1.69
2017.12.28 20:44:19.268,0.8798,0.87991,1.50,3.56
2017.12.28 20:44:22.508,0.8798,0.87989,1.00,1.00
2017.12.28 20:44:25.193,0.87986,0.8799,1.00,2.25
2017.12.28 20:44:31.105,0.8798,0.87989,1.00,1.00
2017.12.28 20:44:32.346,0.8798,0.8799,1.00,1.87
2017.12.28 20:44:32.653,0.87986,0.87991,1.00,3.19
2017.12.28 20:44:36.033,0.8798,0.8799,1.00,1.87
2017.12.28 20:44:40.196,0.8798,0.8799,1.00,2.25
2017.12.28 20:44:40.248,0.87978,0.87988,1.50,1.12
2017.12.28 20:44:42.677,0.87977,0.87988,2.25,1.50
2017.12.28 20:44:43.312,0.87977,0.87988,1.00,5.06
2017.12.28 20:44:45.679,0.87977,0.87987,1.00,1.12
2017.12.28 20:44:52.786,0.87986,0.8799,1.00,2.81
2017.12.28 20:44:52.890,0.87978,0.87988,1.00,3.56
2017.12.28 20:44:53.394,0.87977,0.87987,1.00,1.75
2017.12.28 20:44:53.896,0.87975,0.87986,2.62,2.44
2017.12.28 20:44:54.171,0.87977,0.87988,1.00,3.19
2017.12.28 20:44:54.327,0.87985,0.87989,1.00,1.87
2017.12.28 20:44:54.837,0.87985,0.87989,1.00,1.12
2017.12.28 20:44:58.278,0.87977,0.87988,1.50,1.12
2017.12.28 20:44:59.438,0.87985,0.87989,1.00,1.12
2017.12.28 20:45:00.774,0.87984,0.87989,1.00,2.25
2017.12.28 20:45:01.354,0.87984,0.87988,1.00,1.12
2017.12.28 20:45:02.092,0.87984,0.87989,1.00,2.25
2017.12.28 20:45:02.286,0.87982,0.87986,1.00,1.00
2017.12.28 20:45:04.362,0.87983,0.87987,1.00,1.12
2017.12.28 20:45:11.629,0.87984,0.87988,1.00,1.50
2017.12.28 20:45:12.263,0.87984,0.87989,1.00,7.31
2017.12.28 20:45:12.596,0.87985,0.87989,1.00,1.12
2017.12.28 20:45:12.899,0.87978,0.87988,1.50,1.00
2017.12.28 20:45:19.067,0.87985,0.8799,1.00,1.31
2017.12.28 20:45:25.936,0.87978,0.87989,1.50,1.12
2017.12.28 20:45:26.274,0.87986,0.8799,1.00,1.31
2017.12.28 20:45:27.089,0.87978,0.87989,1.50,1.50
2017.12.28 20:45:34.902,0.87986,0.8799,1.00,1.69
2017.12.28 20:45:36.544,0.87978,0.87987,1.00,1.00
2017.12.28 20:45:52.532,0.87978,0.87989,1.00,1.50
2017.12.28 20:45:58.079,0.87986,0.87991,1.00,1.00
2017.12.28 20:45:58.369,0.87978,0.87989,1.00,1.50
2017.12.28 20:46:00.356,0.87978,0.87987,1.00,1.00
2017.12.28 20:46:02.786,0.87978,0.87988,1.00,1.12
2017.12.28 20:46:12.846,0.87977,0.87988,1.50,1.12
2017.12.28 20:46:19.157,0.87985,0.87991,1.00,1.00
2017.12.28 20:46:19.259,0.87977,0.87988,1.50,1.12
2017.12.28 20:46:29.631,0.87978,0.87988,1.00,1.12
2017.12.28 20:46:34.024,0.87978,0.87988,1.00,6.19
2017.12.28 20:46:34.076,0.87976,0.87988,1.50,6.19
2017.12.28 20:46:34.180,0.87977,0.87988,1.37,1.12
2017.12.28 20:46:34.707,0.87979,0.87988,1.00,1.00
2017.12.28 20:46:42.418,0.87979,0.87988,1.00,2.25
2017.12.28 20:46:42.977,0.87979,0.87987,1.00,2.44
2017.12.28 20:46:46.987,0.87979,0.87988,1.00,5.06
2017.12.28 20:46:50.399,0.87979,0.87988,1.00,1.50
2017.12.28 20:46:51.114,0.87979,0.87986,1.00,1.00
2017.12.28 20:46:51.632,0.87977,0.87986,1.37,1.00
2017.12.28 20:46:53.213,0.87976,0.87986,2.62,1.00
2017.12.28 20:46:53.266,0.87978,0.87988,1.37,1.12
2017.12.28 20:46:54.144,0.87978,0.87988,2.62,1.00
2017.12.28 20:46:58.406,0.87979,0.87989,1.37,1.12
2017.12.28 20:46:58.957,0.87979,0.87989,1.37,1.12
2017.12.28 20:47:01.151,0.87979,0.87989,1.37,1.12
2017.12.28 20:47:02.327,0.87979,0.87989,1.37,1.12
2017.12.28 20:47:03.474,0.87979,0.87989,1.37,1.12
2017.12.28 20:47:04.621,0.87979,0.87989,1.37,1.12
2017.12.28 20:47:05.726,0.87979,0.87989,1.37,1.12
2017.12.28 20:47:06.973,0.87979,0.87989,1.37,1.12
2017.12.28 20:47:07.449,0.87981,0.8799,1.87,1.00
2017.12.28 20:47:07.967,0.87979,0.87989,2.62,1.12
2017.12.28 20:47:13.734,0.87979,0.87988,1.37,1.00
2017.12.28 20:47:18.031,0.87979,0.87988,1.37,1.00
2017.12.28 20:47:19.900,0.87979,0.87988,1.37,1.00
2017.12.28 20:47:22.343,0.87979,0.8799,1.37,2.25
2017.12.28 20:47:22.395,0.87979,0.8799,1.37,1.12
2017.12.28 20:47:22.518,0.87979,0.8799,1.87,1.12
2017.12.28 20:47:26.215,0.87979,0.87988,1.50,1.00
2017.12.28 20:47:26.754,0.87979,0.87989,1.50,1.00
2017.12.28 20:47:35.962,0.87986,0.87992,1.00,12.79
2017.12.28 20:47:36.014,0.87979,0.87989,1.00,1.50
2017.12.28 20:47:36.559,0.87978,0.87989,1.00,1.50
2017.12.28 20:47:46.922,0.87978,0.87987,1.00,1.00
2017.12.28 20:47:57.707,0.87985,0.8799,1.00,1.87
2017.12.28 20:47:57.826,0.87978,0.87987,1.00,1.00
2017.12.28 20:48:05.714,0.87978,0.87988,1.00,1.00
2017.12.28 20:48:06.293,0.87979,0.87988,1.00,1.00
2017.12.28 20:48:07.273,0.87978,0.87988,1.50,1.00
2017.12.28 20:48:21.857,0.87979,0.87988,1.00,1.00
2017.12.28 20:48:25.845,0.8798,0.87989,1.00,1.00
2017.12.28 20:48:25.999,0.87986,0.8799,1.00,1.00
2017.12.28 20:48:26.117,0.8798,0.8799,1.50,1.00
2017.12.28 20:48:27.326,0.87987,0.87992,1.00,3.22
2017.12.28 20:48:30.478,0.8798,0.8799,1.50,1.00
2017.12.28 20:48:32.175,0.87987,0.87991,1.00,1.50
2017.12.28 20:48:42.018,0.87985,0.8799,1.00,1.50
2017.12.28 20:48:42.541,0.87984,0.87988,1.00,1.00
2017.12.28 20:48:46.006,0.8798,0.87988,1.00,1.00
2017.12.28 20:48:46.212,0.87985,0.87989,1.00,1.00
2017.12.28 20:48:51.661,0.8798,0.8799,1.12,1.00
2017.12.28 20:48:56.563,0.8798,0.8799,1.50,1.50
2017.12.28 20:49:05.086,0.87978,0.87986,1.00,1.50
2017.12.28 20:49:05.138,0.87976,0.87986,1.00,1.50
2017.12.28 20:49:05.780,0.87976,0.87986,1.50,1.00
2017.12.28 20:49:06.323,0.87976,0.87987,1.50,1.72
2017.12.28 20:49:07.171,0.87976,0.87988,3.00,1.87
2017.12.28 20:49:07.226,0.87978,0.87989,2.25,1.35
2017.12.28 20:49:07.535,0.87984,0.87989,1.00,1.62
2017.12.28 20:49:08.386,0.87978,0.87989,1.00,2.62
2017.12.28 20:49:09.326,0.87978,0.87988,1.50,1.00
2017.12.28 20:49:12.467,0.8798,0.8799,1.00,3.97
2017.12.28 20:49:15.680,0.8798,0.8799,1.00,1.86
2017.12.28 20:49:18.785,0.87986,0.8799,1.00,1.30
2017.12.28 20:49:20.286,0.87986,0.87991,1.00,3.60
2017.12.28 20:49:20.595,0.87987,0.87992,1.00,20.06
2017.12.28 20:49:21.002,0.8798,0.8799,1.00,1.67
2017.12.28 20:49:24.045,0.87986,0.87991,1.00,1.12
2017.12.28 20:49:26.179,0.8798,0.8799,1.00,1.50
2017.12.28 20:49:26.671,0.87986,0.87991,1.00,1.50
2017.12.28 20:49:26.724,0.87981,0.87992,1.00,3.19
2017.12.28 20:49:26.776,0.87988,0.87993,1.00,6.79
2017.12.28 20:49:27.036,0.87981,0.87993,1.87,2.44
2017.12.28 20:49:27.312,0.87989,0.87993,1.00,2.06
2017.12.28 20:49:28.054,0.87981,0.87993,1.50,2.44
2017.12.28 20:49:28.590,0.87981,0.87993,1.50,2.06
2017.12.28 20:49:31.585,0.87988,0.87993,1.00,1.50
2017.12.28 20:49:31.689,0.87983,0.87993,1.00,1.50
2017.12.28 20:49:31.913,0.87985,0.87994,1.00,1.91
2017.12.28 20:49:32.119,0.87985,0.87996,1.00,2.66
2017.12.28 20:49:32.639,0.87985,0.87995,1.00,1.00
2017.12.28 20:49:35.446,0.87985,0.87994,1.50,1.00
2017.12.28 20:49:36.086,0.87991,0.87995,1.00,1.31
2017.12.28 20:49:36.250,0.87985,0.87995,1.00,1.31
2017.12.28 20:49:36.509,0.87991,0.87996,1.00,3.60
2017.12.28 20:49:37.049,0.87991,0.87996,1.00,4.91
2017.12.28 20:49:41.901,0.8799,0.87995,1.00,2.44
2017.12.28 20:49:44.639,0.87985,0.87993,1.00,1.00
2017.12.28 20:49:44.734,0.8799,0.87995,1.00,1.50
2017.12.28 20:49:44.979,0.87983,0.87992,1.50,1.50
2017.12.28 20:49:46.437,0.87988,0.87993,1.00,4.16
2017.12.28 20:49:46.949,0.87988,0.87993,1.00,6.41
2017.12.28 20:49:47.611,0.87988,0.87993,1.00,4.54
2017.12.28 20:49:48.278,0.87988,0.87992,1.00,1.50
2017.12.28 20:49:48.917,0.87988,0.87993,1.00,3.41
2017.12.28 20:49:49.913,0.87987,0.87992,1.00,2.62
2017.12.28 20:49:49.965,0.87982,0.87991,1.00,1.00
2017.12.28 20:49:50.580,0.87982,0.87991,1.00,1.37
2017.12.28 20:49:53.373,0.87982,0.87991,1.00,1.12
2017.12.28 20:49:54.728,0.87988,0.87992,1.00,2.25
2017.12.28 20:49:57.841,0.87982,0.87991,1.00,2.25
2017.12.28 20:49:59.323,0.87982,0.87991,1.00,1.00
2017.12.28 20:50:00.124,0.8799,0.87994,1.00,1.00
2017.12.28 20:50:00.239,0.87991,0.87998,1.00,1.12
2017.12.28 20:50:00.296,0.87987,0.87998,1.50,1.00
2017.12.28 20:50:00.558,0.87994,0.87999,1.00,3.19
2017.12.28 20:50:01.026,0.87992,0.87996,1.00,1.72
2017.12.28 20:50:01.320,0.87984,0.87995,1.50,1.72
2017.12.28 20:50:01.830,0.87984,0.87995,1.00,1.12
2017.12.28 20:50:01.882,0.87994,0.87998,1.00,4.31
2017.12.28 20:50:02.148,0.87987,0.87997,1.00,3.37
2017.12.28 20:50:02.200,0.87992,0.87997,1.00,4.12
2017.12.28 20:50:04.529,0.87992,0.87997,1.00,2.44
2017.12.28 20:50:04.632,0.87987,0.87997,1.00,1.00
2017.12.28 20:50:05.719,0.87994,0.87998,1.00,1.12
2017.12.28 20:50:06.346,0.87993,0.87998,1.00,4.54
2017.12.28 20:50:08.356,0.87987,0.87997,1.50,1.00
2017.12.28 20:50:08.408,0.87994,0.87998,1.00,1.35
2017.12.28 20:50:08.511,0.87989,0.87998,1.00,1.35
2017.12.28 20:50:13.217,0.87994,0.88,1.00,7.35
2017.12.28 20:50:13.732,0.87995,0.87999,1.00,1.00
2017.12.28 20:50:13.887,0.87991,0.88002,1.00,1.19
2017.12.28 20:50:13.939,0.87993,0.88002,1.00,1.00
2017.12.28 20:50:14.474,0.87993,0.88003,1.00,3.37
2017.12.28 20:50:15.876,0.87993,0.88,1.00,1.50
2017.12.28 20:50:15.988,0.87989,0.87999,1.00,1.50
2017.12.28 20:50:16.040,0.87989,0.88,1.00,1.12
2017.12.28 20:50:16.092,0.87991,0.88001,1.00,1.05
2017.12.28 20:50:16.196,0.87992,0.88003,1.00,4.31
2017.12.28 20:50:16.702,0.87991,0.88003,1.50,3.19
2017.12.28 20:50:17.160,0.87993,0.88003,1.00,1.69
2017.12.28 20:50:17.550,0.87999,0.88003,1.00,1.69
2017.12.28 20:50:19.202,0.87997,0.88003,1.00,3.56
2017.12.28 20:50:20.380,0.87993,0.88003,1.00,3.75
2017.12.28 20:50:21.120,0.87992,0.88,1.00,1.50
2017.12.28 20:50:21.275,0.87992,0.88002,1.00,2.44
2017.12.28 20:50:24.615,0.87992,0.88001,1.00,3.56
2017.12.28 20:50:24.821,0.87989,0.88,1.00,2.44
2017.12.28 20:50:26.601,0.87989,0.88001,2.25,3.37
2017.12.28 20:50:27.590,0.87989,0.88,2.25,4.31
2017.12.28 20:50:27.642,0.87988,0.87997,1.00,1.50
2017.12.28 20:50:28.649,0.87988,0.87993,1.00,1.00
2017.12.28 20:50:28.703,0.87984,0.87991,1.00,1.12
2017.12.28 20:50:28.808,0.87982,0.87991,1.00,5.06
2017.12.28 20:50:29.338,0.87981,0.87991,1.12,1.50
2017.12.28 20:50:29.877,0.87981,0.87991,1.12,1.12
2017.12.28 20:50:30.195,0.87983,0.87992,1.00,1.00
2017.12.28 20:50:31.290,0.87983,0.87993,1.00,1.00
2017.12.28 20:50:31.599,0.87985,0.87995,1.50,1.00
2017.12.28 20:50:32.168,0.87985,0.87997,1.50,3.19
2017.12.28 20:50:32.481,0.87991,0.88003,1.00,3.94
2017.12.28 20:50:33.841,0.87991,0.88003,1.50,3.00
2017.12.28 20:50:34.659,0.87993,0.88003,1.00,2.25
2017.12.28 20:50:38.368,0.87993,0.88003,1.00,4.31
2017.12.28 20:50:39.130,0.87993,0.88002,1.00,5.81
2017.12.28 20:50:44.184,0.87993,0.88002,1.00,1.50
2017.12.28 20:50:44.237,0.87993,0.88003,1.00,2.81
2017.12.28 20:50:44.444,0.87993,0.88003,1.00,3.37
2017.12.28 20:50:44.978,0.87993,0.88001,1.00,1.67
2017.12.28 20:50:45.289,0.87991,0.88001,1.00,5.29
2017.12.28 20:50:46.116,0.87991,0.88001,1.00,4.91
2017.12.28 20:50:47.613,0.87991,0.88002,1.00,2.62
2017.12.28 20:50:55.686,0.87991,0.88002,1.00,3.75
2017.12.28 20:50:56.222,0.87991,0.88002,1.00,1.62
2017.12.28 20:50:59.120,0.87991,0.88002,1.00,3.19
2017.12.28 20:50:59.173,0.87991,0.87999,1.00,1.50
2017.12.28 20:50:59.774,0.87991,0.87999,1.00,1.12
2017.12.28 20:51:00.305,0.87991,0.87998,1.00,1.00
2017.12.28 20:51:00.358,0.87989,0.87998,1.00,1.50
2017.12.28 20:51:00.889,0.87989,0.87999,1.00,1.50
2017.12.28 20:51:10.347,0.87989,0.87998,1.00,3.00
2017.12.28 20:51:22.218,0.87987,0.87998,2.25,1.12
2017.12.28 20:51:22.270,0.87989,0.87998,1.00,1.12
2017.12.28 20:51:30.358,0.87989,0.87998,1.00,1.50
2017.12.28 20:51:33.375,0.87987,0.87998,2.25,1.50
2017.12.28 20:51:35.300,0.87987,0.87999,2.25,2.25
2017.12.28 20:51:35.352,0.87995,0.88,1.00,2.25
2017.12.28 20:51:35.661,0.87997,0.88001,1.00,1.12
2017.12.28 20:51:35.716,0.87991,0.88001,1.50,1.12
2017.12.28 20:51:36.221,0.87991,0.88002,1.00,6.94
2017.12.28 20:51:46.939,0.87991,0.88001,1.00,3.37
2017.12.28 20:51:58.446,0.87991,0.87997,1.00,1.00
2017.12.28 20:51:58.498,0.87988,0.87997,1.50,1.50
2017.12.28 20:52:00.400,0.87986,0.87997,1.50,1.50
2017.12.28 20:52:00.641,0.87986,0.87996,1.50,3.19
2017.12.28 20:52:01.220,0.87986,0.87996,1.00,1.50
2017.12.28 20:52:04.255,0.87987,0.87997,1.00,2.25
2017.12.28 20:52:08.462,0.87986,0.87997,2.25,1.50
2017.12.28 20:52:10.155,0.87986,0.87997,1.00,3.19
2017.12.28 20:52:14.093,0.87986,0.87996,1.00,1.00
2017.12.28 20:52:14.759,0.87988,0.87998,1.00,1.75
2017.12.28 20:52:14.811,0.87988,0.87998,1.00,1.12
2017.12.28 20:52:14.864,0.8799,0.88,1.00,5.81
2017.12.28 20:52:15.390,0.8799,0.88002,1.00,9.19
2017.12.28 20:52:15.451,0.87988,0.87997,1.00,2.44
2017.12.28 20:52:15.608,0.87984,0.87994,1.50,2.00
2017.12.28 20:52:16.238,0.87983,0.87994,1.69,3.19
2017.12.28 20:52:19.348,0.87992,0.87997,1.00,2.62
2017.12.28 20:52:19.610,0.87987,0.87998,2.25,2.25
2017.12.28 20:52:19.869,0.87987,0.87997,1.50,4.12
2017.12.28 20:52:19.973,0.87985,0.87995,1.00,1.50
2017.12.28 20:52:21.444,0.87983,0.87995,2.44,3.19
2017.12.28 20:52:22.130,0.87985,0.87996,2.06,3.56
2017.12.28 20:52:22.473,0.87987,0.87998,1.50,3.00
2017.12.28 20:52:22.784,0.87983,0.87994,2.44,1.50
2017.12.28 20:52:23.296,0.87984,0.87995,1.50,2.25
2017.12.28 20:52:24.247,0.87985,0.87995,1.00,1.50
2017.12.28 20:52:24.841,0.87986,0.87995,1.00,1.12
2017.12.28 20:52:24.894,0.87987,0.87997,1.00,1.12
2017.12.28 20:52:25.160,0.87994,0.87999,1.00,2.62
2017.12.28 20:52:25.212,0.87995,0.88001,1.00,5.44
2017.12.28 20:52:25.367,0.87989,0.88001,1.50,3.00
2017.12.28 20:52:26.503,0.87991,0.88001,1.00,1.12
2017.12.28 20:52:31.664,0.87998,0.88004,1.00,25.74
2017.12.28 20:52:32.439,0.87991,0.88002,1.00,1.50
2017.12.28 20:52:34.574,0.87991,0.88002,2.25,3.37
2017.12.28 20:52:35.079,0.87991,0.88002,1.50,1.50
2017.12.28 20:52:40.107,0.87989,0.88001,2.25,5.81
2017.12.28 20:52:41.131,0.87989,0.88001,1.50,5.81
2017.12.28 20:52:45.358,0.87991,0.88002,1.00,3.75
2017.12.28 20:52:54.868,0.87992,0.88002,1.00,3.19
2017.12.28 20:52:58.886,0.87999,0.88003,1.00,1.50
2017.12.28 20:52:59.148,0.87992,0.88002,1.00,3.19
2017.12.28 20:53:00.216,0.87991,0.88002,1.50,4.87
2017.12.28 20:53:10.428,0.87998,0.88003,1.00,1.69
2017.12.28 20:53:11.223,0.87999,0.88003,1.00,1.69
2017.12.28 20:53:11.385,0.87991,0.88002,1.50,3.00
2017.12.28 20:53:21.456,0.87998,0.88003,1.00,1.50
2017.12.28 20:53:22.439,0.87991,0.88002,1.50,3.00
2017.12.28 20:53:23.153,0.87991,0.88003,2.25,5.62
2017.12.28 20:53:32.303,0.87992,0.88004,1.00,4.12
2017.12.28 20:53:45.229,0.88,0.88005,1.00,10.50
2017.12.28 20:53:46.870,0.87998,0.88004,1.00,3.00
2017.12.28 20:53:46.939,0.87992,0.88004,1.50,3.00
2017.12.28 20:53:50.397,0.87992,0.88004,1.00,6.37
2017.12.28 20:53:53.423,0.88,0.88005,1.00,10.50
2017.12.28 20:53:55.033,0.87992,0.88004,1.00,88.87
2017.12.28 20:53:57.876,0.88,0.88005,1.00,87.00
2017.12.28 20:53:58.289,0.87992,0.88004,1.00,13.50
2017.12.28 20:54:01.489,0.87992,0.88003,1.00,2.25
2017.12.28 20:54:02.471,0.87991,0.88003,1.69,2.25
2017.12.28 20:54:04.500,0.87991,0.88,1.25,1.12
2017.12.28 20:54:04.552,0.87989,0.88001,1.50,2.10
2017.12.28 20:54:04.695,0.87998,0.88002,1.00,1.12
2017.12.28 20:54:04.799,0.87992,0.88004,1.50,3.56
2017.12.28 20:54:05.311,0.87993,0.88005,1.50,4.87
2017.12.28 20:54:06.012,0.87992,0.88003,1.00,1.50
2017.12.28 20:54:06.288,0.87994,0.88004,1.00,2.44
2017.12.28 20:54:06.830,0.87994,0.88005,1.00,2.44
2017.12.28 20:54:07.366,0.87994,0.88005,2.25,1.25
2017.12.28 20:54:08.048,0.87996,0.88006,1.00,2.10
2017.12.28 20:54:08.808,0.87997,0.88006,1.00,2.10
2017.12.28 20:54:09.399,0.87996,0.88006,1.00,2.10
2017.12.28 20:54:10.003,0.88001,0.88006,1.00,1.69
2017.12.28 20:54:10.060,0.87996,0.88004,1.00,1.00
2017.12.28 20:54:10.136,0.88002,0.88008,1.00,5.06
2017.12.28 20:54:11.556,0.88003,0.88009,1.00,2.81
2017.12.28 20:54:12.854,0.87997,0.88006,1.00,1.87
2017.12.28 20:54:15.015,0.88003,0.88008,1.00,2.44
2017.12.28 20:54:15.067,0.87996,0.88006,1.00,2.62
2017.12.28 20:54:15.118,0.87994,0.88006,1.50,2.62
2017.12.28 20:54:19.322,0.87994,0.88004,1.50,1.50
2017.12.28 20:54:19.531,0.87993,0.88002,1.00,1.00
2017.12.28 20:54:22.583,0.87998,0.88002,1.00,1.00
2017.12.28 20:54:23.585,0.87999,0.88004,1.00,2.81
2017.12.28 20:54:25.691,0.87991,0.87997,1.00,1.00
2017.12.28 20:54:25.797,0.87987,0.87999,1.50,3.75
2017.12.28 20:54:25.903,0.87989,0.87999,1.00,3.00
2017.12.28 20:54:26.429,0.87988,0.87999,1.00,3.00
2017.12.28 20:54:27.073,0.87989,0.87999,1.00,2.25
2017.12.28 20:54:28.904,0.87995,0.88,1.00,1.00
2017.12.28 20:54:30.977,0.87989,0.87999,1.00,2.25
2017.12.28 20:54:31.588,0.87989,0.87999,1.00,1.87
