2017.12.20 22:00:00.075,0.86923,0.86951,0.75,0.37
2017.12.20 22:00:00.127,0.86918,0.86951,0.75,0.37
2017.12.20 22:00:00.358,0.86918,0.86949,0.75,0.75
2017.12.20 22:00:00.731,0.86918,0.86947,0.75,0.75
2017.12.20 22:00:00.941,0.86918,0.86951,0.75,0.37
2017.12.20 22:00:01.201,0.86913,0.86949,0.75,0.75
2017.12.20 22:00:01.314,0.86911,0.86951,1.50,1.12
2017.12.20 22:00:01.842,0.86912,0.86951,0.75,1.12
2017.12.20 22:00:03.387,0.86912,0.86949,0.75,0.75
2017.12.20 22:00:03.902,0.86912,0.86951,0.75,0.37
2017.12.20 22:00:05.467,0.86912,0.86952,0.75,1.12
2017.12.20 22:00:05.518,0.86911,0.86954,0.75,0.75
2017.12.20 22:00:05.756,0.86911,0.86956,0.75,0.75
2017.12.20 22:00:06.338,0.86911,0.86955,0.75,0.75
2017.12.20 22:00:06.520,0.86911,0.86957,0.75,0.75
2017.12.20 22:00:06.621,0.86911,0.8695,0.75,0.37
2017.12.20 22:00:08.040,0.86911,0.86951,0.75,0.37
2017.12.20 22:00:09.519,0.86911,0.8695,0.75,0.37
2017.12.20 22:00:10.089,0.86911,0.86951,0.75,0.37
2017.12.20 22:00:10.637,0.86911,0.8695,0.75,0.75
2017.12.20 22:00:11.163,0.86911,0.86951,0.75,1.12
2017.12.20 22:00:12.450,0.86911,0.8695,0.75,0.75
2017.12.20 22:00:13.089,0.86911,0.86949,0.75,0.75
2017.12.20 22:00:13.738,0.86911,0.8695,0.75,0.75
2017.12.20 22:00:14.338,0.86911,0.86951,0.75,1.12
2017.12.20 22:00:14.688,0.86911,0.86949,0.75,0.75
2017.12.20 22:00:18.842,0.86911,0.86946,0.75,0.75
2017.12.20 22:00:30.987,0.86912,0.86946,0.75,0.75
2017.12.20 22:00:36.274,0.86913,0.86946,0.75,0.75
2017.12.20 22:00:41.025,0.86916,0.86946,0.75,0.75
2017.12.20 22:00:41.076,0.86912,0.86946,0.75,0.75
2017.12.20 22:00:50.064,0.86916,0.86946,0.75,0.75
2017.12.20 22:00:50.115,0.86912,0.86946,0.75,0.75
2017.12.20 22:00:53.455,0.86916,0.86946,0.75,0.75
2017.12.20 22:00:53.506,0.86912,0.86946,0.75,0.75
2017.12.20 22:00:54.050,0.86916,0.86946,0.75,0.75
2017.12.20 22:01:01.958,0.86916,0.86944,0.75,0.75
2017.12.20 22:01:11.444,0.86916,0.86953,0.75,1.50
2017.12.20 22:01:11.545,0.86916,0.86955,0.75,0.75
2017.12.20 22:01:12.418,0.86914,0.86955,0.75,0.75
2017.12.20 22:01:12.469,0.86914,0.86932,0.75,0.75
2017.12.20 22:01:20.945,0.86913,0.86932,0.75,0.75
2017.12.20 22:01:21.363,0.86911,0.86932,0.75,0.75
2017.12.20 22:01:34.006,0.86925,0.86932,0.75,0.75
2017.12.20 22:01:50.474,0.86923,0.86932,0.75,0.75
2017.12.20 22:01:53.819,0.86921,0.86932,0.75,0.75
2017.12.20 22:02:17.558,0.86919,0.86932,0.75,0.75
2017.12.20 22:02:17.613,0.86921,0.86932,0.75,0.75
2017.12.20 22:02:17.714,0.86919,0.86932,0.75,0.75
2017.12.20 22:02:17.923,0.86921,0.86932,0.75,0.75
2017.12.20 22:02:29.289,0.8692,0.86932,0.75,0.75
2017.12.20 22:02:29.390,0.86918,0.86932,0.75,0.75
2017.12.20 22:02:31.114,0.86919,0.86932,0.75,0.75
2017.12.20 22:02:32.262,0.86918,0.86932,0.75,0.75
2017.12.20 22:02:47.604,0.8692,0.86932,0.75,0.75
2017.12.20 22:02:47.655,0.86918,0.86932,0.75,0.75
2017.12.20 22:02:47.732,0.8692,0.86932,0.75,0.75
2017.12.20 22:02:47.888,0.86918,0.86932,0.75,0.75
2017.12.20 22:02:48.532,0.86909,0.86932,0.75,0.75
2017.12.20 22:03:01.121,0.8691,0.86932,0.75,0.75
2017.12.20 22:03:10.789,0.8691,0.86934,0.75,0.75
2017.12.20 22:03:16.024,0.8691,0.86929,0.75,0.75
2017.12.20 22:03:17.023,0.8691,0.86932,0.75,0.75
2017.12.20 22:03:20.268,0.8691,0.86931,0.75,0.37
2017.12.20 22:03:21.801,0.8691,0.86932,0.75,0.75
2017.12.20 22:04:02.475,0.8691,0.86929,0.75,0.75
2017.12.20 22:04:03.475,0.86909,0.86929,1.00,1.00
2017.12.20 22:04:13.479,0.86909,0.86936,1.00,1.00
2017.12.20 22:04:16.292,0.86909,0.86929,1.00,1.00
2017.12.20 22:04:21.824,0.86915,0.8693,1.00,1.00
2017.12.20 22:04:24.323,0.86917,0.8693,1.00,1.00
2017.12.20 22:04:26.520,0.86917,0.86938,1.00,1.75
2017.12.20 22:04:28.770,0.86917,0.8693,1.00,1.00
2017.12.20 22:04:41.674,0.86919,0.86932,1.00,1.00
2017.12.20 22:04:50.198,0.86919,0.86934,1.00,1.00
2017.12.20 22:04:51.150,0.86919,0.86932,1.00,1.00
2017.12.20 22:04:51.478,0.86919,0.86937,1.00,1.50
2017.12.20 22:04:53.840,0.86919,0.86932,1.00,1.00
2017.12.20 22:04:55.436,0.86927,0.86932,1.00,1.00
2017.12.20 22:05:01.723,0.86919,0.86935,1.00,1.75
2017.12.20 22:05:04.325,0.86926,0.86935,1.00,1.75
2017.12.20 22:05:04.376,0.86927,0.86935,1.00,1.00
2017.12.20 22:05:05.815,0.86927,0.86941,1.00,1.00
2017.12.20 22:05:05.866,0.86926,0.86946,1.00,1.00
2017.12.20 22:05:05.969,0.86935,0.86942,1.00,1.00
2017.12.20 22:05:06.020,0.86935,0.86947,1.00,1.00
2017.12.20 22:05:06.121,0.86932,0.86948,1.00,1.00
2017.12.20 22:05:06.788,0.86932,0.86946,1.00,1.00
2017.12.20 22:05:07.124,0.86937,0.86948,1.00,1.00
2017.12.20 22:05:07.226,0.86933,0.86948,1.00,1.00
2017.12.20 22:05:08.788,0.86933,0.8695,1.00,2.62
2017.12.20 22:05:10.575,0.86926,0.8695,1.00,2.62
2017.12.20 22:05:17.039,0.86926,0.86953,1.00,1.00
2017.12.20 22:05:17.140,0.86922,0.86965,1.00,2.85
2017.12.20 22:05:18.065,0.86926,0.86965,1.00,2.85
2017.12.20 22:05:18.866,0.86922,0.86963,1.50,2.62
2017.12.20 22:05:31.629,0.86921,0.86963,1.00,2.62
2017.12.20 22:05:32.063,0.86929,0.86963,1.00,2.62
2017.12.20 22:05:49.781,0.86928,0.86964,1.00,2.62
2017.12.20 22:05:51.931,0.86927,0.86964,1.50,2.62
2017.12.20 22:05:52.446,0.86928,0.86964,1.00,2.62
2017.12.20 22:05:58.083,0.86929,0.86964,1.00,2.62
2017.12.20 22:05:58.689,0.8693,0.86964,1.00,2.62
2017.12.20 22:06:00.126,0.86931,0.86963,1.00,1.50
2017.12.20 22:06:01.065,0.86929,0.86963,1.00,1.50
2017.12.20 22:06:01.464,0.8693,0.8696,1.00,1.00
2017.12.20 22:06:02.996,0.8693,0.86958,1.00,1.00
2017.12.20 22:06:04.161,0.86929,0.86958,1.00,1.00
2017.12.20 22:06:04.506,0.86931,0.86958,1.00,1.00
2017.12.20 22:06:05.824,0.86933,0.86958,1.00,1.00
2017.12.20 22:06:11.306,0.86931,0.86958,1.00,1.00
2017.12.20 22:06:11.408,0.86933,0.86958,1.00,1.00
2017.12.20 22:06:13.307,0.86932,0.86958,1.00,1.00
2017.12.20 22:06:16.628,0.86932,0.8696,1.00,1.00
2017.12.20 22:06:31.782,0.86928,0.8696,1.00,1.00
2017.12.20 22:06:31.833,0.8693,0.8696,1.00,1.00
2017.12.20 22:06:32.248,0.86932,0.86957,1.00,1.00
2017.12.20 22:06:32.299,0.86928,0.86957,1.00,1.00
2017.12.20 22:06:32.795,0.86934,0.86957,1.00,1.00
2017.12.20 22:06:33.101,0.86929,0.86957,1.00,1.00
2017.12.20 22:06:33.837,0.86934,0.86957,1.00,1.00
2017.12.20 22:06:41.544,0.86929,0.86957,1.00,1.00
2017.12.20 22:06:41.595,0.86934,0.86957,1.00,1.00
2017.12.20 22:06:42.188,0.86933,0.86957,1.00,1.00
2017.12.20 22:06:42.743,0.86934,0.86957,1.00,1.00
2017.12.20 22:06:46.629,0.86934,0.86956,1.00,1.00
2017.12.20 22:06:53.352,0.8693,0.86956,1.00,1.00
2017.12.20 22:06:53.403,0.86932,0.86956,1.00,1.00
2017.12.20 22:06:53.887,0.86934,0.86956,1.00,1.00
2017.12.20 22:06:56.643,0.86934,0.86957,1.00,1.00
2017.12.20 22:06:57.537,0.86929,0.86957,1.00,1.00
2017.12.20 22:06:59.569,0.8693,0.86957,1.00,1.00
2017.12.20 22:07:03.149,0.86931,0.86957,1.00,1.00
2017.12.20 22:07:06.630,0.86931,0.86958,1.00,1.00
2017.12.20 22:07:08.207,0.8693,0.86958,1.00,1.00
2017.12.20 22:07:08.372,0.86934,0.86958,1.00,1.00
2017.12.20 22:07:08.422,0.86929,0.86958,1.00,1.00
2017.12.20 22:07:09.222,0.86928,0.86958,1.00,1.00
2017.12.20 22:07:10.489,0.86927,0.86958,1.00,1.00
2017.12.20 22:07:11.498,0.86926,0.86958,1.00,1.00
2017.12.20 22:07:12.334,0.8693,0.86958,1.00,1.00
2017.12.20 22:07:14.443,0.86929,0.86958,1.00,1.00
2017.12.20 22:07:16.665,0.86928,0.86958,1.00,1.00
2017.12.20 22:07:16.715,0.86923,0.86958,1.00,1.00
2017.12.20 22:07:16.846,0.86925,0.86958,1.00,1.00
2017.12.20 22:07:17.680,0.86923,0.86958,1.00,1.00
2017.12.20 22:07:18.686,0.86922,0.86958,1.00,1.00
2017.12.20 22:07:19.738,0.86921,0.86958,1.00,1.00
2017.12.20 22:07:20.699,0.8692,0.86958,1.00,1.00
2017.12.20 22:07:21.702,0.86919,0.86958,1.50,1.00
2017.12.20 22:07:22.339,0.8692,0.86958,1.00,1.00
2017.12.20 22:07:22.467,0.86923,0.86958,1.00,1.00
2017.12.20 22:07:22.518,0.86921,0.86958,1.00,1.00
2017.12.20 22:07:22.569,0.86919,0.86958,1.00,1.00
2017.12.20 22:07:26.630,0.86918,0.86957,1.50,1.00
2017.12.20 22:07:30.865,0.8692,0.86957,1.00,1.00
2017.12.20 22:07:34.581,0.86918,0.86957,1.00,1.00
2017.12.20 22:07:41.937,0.86916,0.86954,1.50,1.00
2017.12.20 22:07:46.197,0.86917,0.86954,1.00,1.00
2017.12.20 22:07:47.369,0.86916,0.86954,2.25,1.00
2017.12.20 22:07:51.166,0.86918,0.86956,1.00,1.00
2017.12.20 22:08:01.658,0.86917,0.86955,1.50,1.00
2017.12.20 22:08:15.909,0.86919,0.86955,1.00,1.00
2017.12.20 22:08:16.736,0.86918,0.86955,1.00,1.00
2017.12.20 22:08:17.286,0.86917,0.86955,2.25,1.00
2017.12.20 22:08:19.154,0.86919,0.86955,1.00,1.00
2017.12.20 22:08:19.765,0.86918,0.86955,1.00,1.00
2017.12.20 22:08:20.435,0.86917,0.86955,2.25,1.00
2017.12.20 22:08:22.512,0.86917,0.86953,1.50,1.00
2017.12.20 22:08:54.666,0.8692,0.86953,1.00,1.00
2017.12.20 22:08:54.819,0.8692,0.86955,1.00,1.00
2017.12.20 22:08:54.951,0.86922,0.86955,1.00,1.00
2017.12.20 22:08:55.336,0.86923,0.8695,1.00,1.00
2017.12.20 22:08:55.488,0.86919,0.8695,1.00,1.00
2017.12.20 22:08:56.937,0.86919,0.86948,1.00,1.00
2017.12.20 22:09:05.338,0.86918,0.86948,1.00,1.00
2017.12.20 22:09:06.913,0.86916,0.86948,1.00,1.00
2017.12.20 22:09:07.066,0.86909,0.86948,1.50,1.00
2017.12.20 22:09:11.638,0.86907,0.86946,2.10,1.00
2017.12.20 22:09:14.761,0.86908,0.86946,1.00,1.00
2017.12.20 22:09:15.766,0.86907,0.86946,2.10,1.00
2017.12.20 22:09:17.586,0.86908,0.86946,1.00,1.00
2017.12.20 22:09:18.187,0.86907,0.86946,2.10,1.00
2017.12.20 22:09:27.180,0.86908,0.86946,1.00,1.00
2017.12.20 22:09:33.629,0.86908,0.86944,1.00,1.00
2017.12.20 22:09:33.680,0.86906,0.86944,1.00,1.00
2017.12.20 22:09:34.387,0.86905,0.86944,2.25,1.00
2017.12.20 22:09:44.036,0.86906,0.86944,1.00,1.00
2017.12.20 22:09:44.190,0.86908,0.86944,1.00,1.00
2017.12.20 22:09:45.115,0.86907,0.86944,1.00,1.00
2017.12.20 22:09:45.432,0.86907,0.86942,1.00,1.00
2017.12.20 22:09:46.387,0.86906,0.86942,1.00,1.00
2017.12.20 22:09:53.685,0.86905,0.86942,1.50,1.00
2017.12.20 22:10:00.767,0.86906,0.86942,1.00,1.00
2017.12.20 22:10:06.633,0.86906,0.86943,1.50,1.00
2017.12.20 22:10:09.215,0.86906,0.86939,1.00,1.00
2017.12.20 22:10:10.088,0.86905,0.86939,1.50,1.00
2017.12.20 22:10:21.633,0.86905,0.86938,1.50,1.00
2017.12.20 22:10:29.689,0.86906,0.86943,1.00,1.00
2017.12.20 22:10:30.238,0.86908,0.86943,1.12,1.00
2017.12.20 22:10:30.289,0.8691,0.86947,1.00,1.00
2017.12.20 22:10:30.492,0.86912,0.86947,1.00,1.00
2017.12.20 22:10:30.889,0.8691,0.86946,1.00,1.00
2017.12.20 22:10:31.422,0.8691,0.86947,1.00,1.50
2017.12.20 22:10:32.139,0.86907,0.86942,1.00,1.00
2017.12.20 22:10:32.588,0.86909,0.86942,1.00,1.00
2017.12.20 22:10:33.316,0.86906,0.86942,1.00,1.00
2017.12.20 22:10:33.510,0.8691,0.86942,1.00,1.00
2017.12.20 22:10:34.242,0.86909,0.86942,1.00,1.00
2017.12.20 22:10:42.435,0.86909,0.8694,1.00,1.00
2017.12.20 22:10:42.486,0.86907,0.8694,1.00,1.00
2017.12.20 22:10:42.587,0.86903,0.8694,1.00,1.00
2017.12.20 22:10:43.137,0.86902,0.8694,2.25,1.00
2017.12.20 22:10:56.645,0.86902,0.86938,1.50,1.00
2017.12.20 22:11:03.246,0.86899,0.86934,1.00,1.00
2017.12.20 22:11:03.348,0.86896,0.86934,1.00,1.00
2017.12.20 22:11:04.927,0.86898,0.86937,1.00,1.00
2017.12.20 22:11:10.032,0.86895,0.86934,1.00,1.00
2017.12.20 22:11:10.387,0.86901,0.86941,1.00,1.00
2017.12.20 22:11:18.741,0.86906,0.86947,1.00,1.00
2017.12.20 22:11:19.541,0.86901,0.86942,1.00,1.00
2017.12.20 22:11:30.798,0.86903,0.86944,1.00,1.00
2017.12.20 22:11:46.464,0.86898,0.86929,1.00,0.75
2017.12.20 22:11:46.617,0.86892,0.8693,1.00,1.00
2017.12.20 22:11:46.668,0.86896,0.86938,1.50,1.00
2017.12.20 22:11:52.330,0.86897,0.86938,1.00,1.00
2017.12.20 22:11:52.853,0.86896,0.86938,1.00,1.00
2017.12.20 22:11:53.465,0.86897,0.86938,1.00,1.00
2017.12.20 22:11:54.154,0.86896,0.86938,1.00,1.00
2017.12.20 22:11:55.483,0.86899,0.86939,1.00,1.00
2017.12.20 22:12:06.634,0.86899,0.8694,1.00,1.00
2017.12.20 22:12:20.767,0.86898,0.86938,1.00,1.00
2017.12.20 22:12:21.769,0.86897,0.86936,1.00,1.00
2017.12.20 22:12:21.821,0.86894,0.86936,1.12,1.00
2017.12.20 22:12:21.923,0.86897,0.86936,1.00,1.00
2017.12.20 22:12:22.076,0.86899,0.8694,1.00,1.00
2017.12.20 22:12:22.229,0.86903,0.86945,1.00,1.37
2017.12.20 22:12:22.596,0.869,0.86941,1.00,1.00
2017.12.20 22:12:26.099,0.86901,0.86941,1.00,1.00
2017.12.20 22:12:27.127,0.86902,0.86941,1.00,1.00
2017.12.20 22:12:27.990,0.86903,0.86943,1.00,1.00
2017.12.20 22:12:28.503,0.86902,0.86943,1.00,1.00
2017.12.20 22:12:29.674,0.86903,0.86943,1.00,1.00
2017.12.20 22:12:30.877,0.86902,0.86943,1.00,1.00
2017.12.20 22:12:34.640,0.86904,0.86943,1.00,1.00
2017.12.20 22:12:34.958,0.8691,0.8695,1.00,1.12
2017.12.20 22:12:35.059,0.86906,0.8695,1.00,1.00
2017.12.20 22:12:35.545,0.86902,0.86945,1.00,1.00
2017.12.20 22:12:35.923,0.869,0.86941,1.00,1.00
2017.12.20 22:12:35.974,0.86897,0.86941,1.00,1.00
2017.12.20 22:12:46.637,0.86899,0.86943,1.00,1.00
2017.12.20 22:12:51.406,0.86908,0.86943,1.00,1.00
2017.12.20 22:12:51.955,0.86908,0.86945,1.00,1.00
2017.12.20 22:12:52.716,0.86907,0.86945,1.00,1.00
2017.12.20 22:12:53.031,0.86912,0.86945,1.00,1.00
2017.12.20 22:12:53.263,0.86901,0.86945,1.00,1.00
2017.12.20 22:12:56.653,0.86905,0.86945,1.00,1.00
2017.12.20 22:12:56.704,0.86906,0.8695,1.00,1.12
2017.12.20 22:12:57.157,0.86902,0.86946,1.50,1.00
2017.12.20 22:12:58.840,0.86903,0.86946,1.00,1.00
2017.12.20 22:12:59.347,0.86902,0.86946,1.50,1.00
2017.12.20 22:12:59.860,0.86903,0.86946,1.00,1.00
2017.12.20 22:13:00.435,0.86902,0.86946,1.50,1.00
2017.12.20 22:13:02.638,0.86903,0.86946,1.00,1.00
2017.12.20 22:13:03.148,0.86904,0.86946,1.00,1.00
2017.12.20 22:13:04.993,0.86905,0.86946,1.00,1.00
2017.12.20 22:13:05.919,0.86904,0.86946,1.00,1.00
2017.12.20 22:13:06.688,0.86902,0.86946,1.50,1.00
2017.12.20 22:13:06.977,0.86904,0.86951,1.00,1.00
2017.12.20 22:13:07.308,0.86901,0.86949,1.00,1.00
2017.12.20 22:13:07.460,0.86905,0.86951,1.00,1.00
2017.12.20 22:13:08.287,0.86905,0.8695,1.00,1.00
2017.12.20 22:13:08.589,0.86902,0.86948,1.50,1.00
2017.12.20 22:13:08.741,0.86904,0.86951,1.00,1.00
2017.12.20 22:13:09.040,0.86902,0.86947,1.00,1.00
2017.12.20 22:13:09.444,0.86905,0.86951,1.00,1.00
2017.12.20 22:13:09.646,0.86903,0.86948,1.00,1.00
2017.12.20 22:13:10.370,0.86903,0.86946,1.00,1.00
2017.12.20 22:13:11.673,0.86904,0.86946,1.00,1.00
2017.12.20 22:13:17.083,0.86903,0.86946,1.00,1.00
2017.12.20 22:13:17.941,0.86902,0.86946,1.00,1.00
2017.12.20 22:13:18.821,0.86903,0.86946,1.00,1.00
2017.12.20 22:13:18.973,0.86901,0.86946,1.00,1.00
2017.12.20 22:13:21.637,0.86901,0.86944,1.00,1.00
2017.12.20 22:13:22.842,0.86902,0.86944,1.00,1.00
2017.12.20 22:13:23.162,0.86904,0.86947,1.00,1.00
2017.12.20 22:13:24.468,0.86903,0.86947,1.00,1.00
2017.12.20 22:13:24.961,0.86902,0.86945,1.00,1.00
2017.12.20 22:13:27.496,0.86901,0.86945,1.00,1.00
2017.12.20 22:13:31.046,0.86903,0.86948,1.00,1.00
2017.12.20 22:13:31.350,0.869,0.86943,1.00,1.00
2017.12.20 22:13:31.635,0.86902,0.86948,1.50,1.00
2017.12.20 22:13:31.915,0.86902,0.86943,1.00,1.00
2017.12.20 22:13:35.439,0.86902,0.86947,1.50,1.00
2017.12.20 22:13:35.643,0.86904,0.86947,1.00,1.00
2017.12.20 22:13:35.745,0.86905,0.86951,1.00,1.00
2017.12.20 22:13:36.107,0.86905,0.86947,1.00,1.00
2017.12.20 22:13:36.639,0.86906,0.86947,1.00,1.00
2017.12.20 22:13:38.049,0.86905,0.86947,1.00,1.00
2017.12.20 22:13:40.059,0.86904,0.86947,1.00,1.00
2017.12.20 22:13:40.610,0.86905,0.86947,1.00,1.00
2017.12.20 22:13:41.080,0.86903,0.86947,1.50,1.00
2017.12.20 22:13:42.033,0.86904,0.86947,1.00,1.00
2017.12.20 22:13:42.583,0.86903,0.86947,1.00,1.00
2017.12.20 22:13:44.675,0.86905,0.86947,1.00,1.00
2017.12.20 22:13:45.328,0.86904,0.86947,1.00,1.00
2017.12.20 22:13:46.391,0.86903,0.86947,1.00,1.00
2017.12.20 22:13:47.252,0.86904,0.86946,1.00,1.00
2017.12.20 22:13:47.787,0.86906,0.86946,1.00,1.00
2017.12.20 22:13:51.007,0.86906,0.86949,1.00,1.00
2017.12.20 22:13:51.260,0.86908,0.86949,1.00,1.00
2017.12.20 22:13:51.311,0.86908,0.86953,1.00,1.00
2017.12.20 22:13:51.514,0.86906,0.86947,1.00,1.00
2017.12.20 22:13:52.158,0.86904,0.86947,1.00,1.00
2017.12.20 22:13:52.672,0.86905,0.86947,1.00,1.00
2017.12.20 22:13:56.711,0.86903,0.86947,1.00,1.00
2017.12.20 22:13:57.281,0.86904,0.86947,1.00,1.00
2017.12.20 22:13:58.632,0.86905,0.86947,1.00,1.00
2017.12.20 22:13:59.615,0.86904,0.86947,1.00,1.00
2017.12.20 22:14:00.634,0.86905,0.86947,1.00,1.00
2017.12.20 22:14:01.637,0.86904,0.86947,1.00,1.00
2017.12.20 22:14:02.718,0.86905,0.86947,1.00,1.00
2017.12.20 22:14:04.862,0.86904,0.86947,1.00,1.00
2017.12.20 22:14:06.404,0.86905,0.86947,1.00,1.00
2017.12.20 22:14:06.606,0.86903,0.86947,1.50,1.00
2017.12.20 22:14:06.657,0.86905,0.86947,1.00,1.00
2017.12.20 22:14:06.711,0.86903,0.86947,1.50,1.00
2017.12.20 22:14:06.761,0.86905,0.86947,1.00,1.00
2017.12.20 22:14:06.812,0.86903,0.86947,1.50,1.00
2017.12.20 22:14:06.863,0.86905,0.86947,1.00,1.00
2017.12.20 22:14:07.015,0.86904,0.86949,1.50,1.00
2017.12.20 22:14:07.167,0.86907,0.86949,1.00,1.00
2017.12.20 22:14:07.218,0.86904,0.86949,2.25,1.00
2017.12.20 22:14:07.269,0.86907,0.86949,1.00,1.00
2017.12.20 22:14:07.319,0.86904,0.86949,2.25,1.00
2017.12.20 22:14:07.371,0.86907,0.86949,1.00,1.00
2017.12.20 22:14:11.428,0.86904,0.86949,2.25,1.00
2017.12.20 22:14:11.478,0.86907,0.86949,1.00,1.00
2017.12.20 22:14:11.529,0.86905,0.86949,1.00,1.00
2017.12.20 22:14:11.580,0.86907,0.86949,1.00,1.00
2017.12.20 22:14:11.631,0.86905,0.86949,1.00,1.00
2017.12.20 22:14:13.632,0.86906,0.86949,1.00,1.00
2017.12.20 22:14:14.189,0.86905,0.86949,1.50,1.00
2017.12.20 22:14:14.744,0.86906,0.86949,1.00,1.00
2017.12.20 22:14:15.148,0.86909,0.86954,1.00,1.50
2017.12.20 22:14:15.681,0.86906,0.8695,1.50,1.00
2017.12.20 22:14:16.397,0.86908,0.8695,1.50,1.00
2017.12.20 22:14:17.189,0.86907,0.8695,1.50,1.00
2017.12.20 22:14:17.736,0.86909,0.86953,1.00,1.00
2017.12.20 22:14:18.188,0.86909,0.86955,1.00,1.50
2017.12.20 22:14:18.302,0.86907,0.8695,1.00,1.00
2017.12.20 22:14:19.667,0.86907,0.8694,1.00,1.00
2017.12.20 22:14:20.644,0.86907,0.86941,1.00,1.00
2017.12.20 22:14:21.078,0.86905,0.86938,1.00,1.00
2017.12.20 22:14:21.130,0.86903,0.86938,1.00,1.00
2017.12.20 22:14:21.232,0.86899,0.86937,1.00,1.00
2017.12.20 22:14:21.283,0.86897,0.86932,1.00,1.00
2017.12.20 22:14:21.384,0.86898,0.86934,1.00,1.00
2017.12.20 22:14:21.536,0.86898,0.86932,1.00,1.00
2017.12.20 22:14:22.245,0.86899,0.86935,1.00,1.00
2017.12.20 22:14:22.759,0.86899,0.86934,1.00,1.00
2017.12.20 22:14:23.617,0.86897,0.86934,1.00,1.50
2017.12.20 22:14:24.632,0.86897,0.86936,1.00,1.00
2017.12.20 22:14:25.271,0.86897,0.86934,1.00,1.00
2017.12.20 22:14:27.634,0.86898,0.86934,1.00,1.00
2017.12.20 22:14:28.280,0.86899,0.86934,1.00,1.00
2017.12.20 22:14:28.639,0.86899,0.86936,1.00,1.00
2017.12.20 22:14:28.690,0.86898,0.86934,1.00,1.00
2017.12.20 22:14:30.669,0.86897,0.86934,1.00,1.00
2017.12.20 22:14:31.272,0.86897,0.86933,1.00,1.00
2017.12.20 22:14:32.688,0.86897,0.86934,1.00,1.50
2017.12.20 22:14:33.198,0.86895,0.86933,1.00,1.00
2017.12.20 22:14:33.364,0.86901,0.86935,1.00,1.00
2017.12.20 22:14:34.045,0.86901,0.86934,1.00,1.00
2017.12.20 22:14:34.555,0.869,0.86934,1.00,1.00
2017.12.20 22:14:35.062,0.86901,0.86934,1.00,1.00
2017.12.20 22:14:35.585,0.86901,0.86933,1.00,1.00
2017.12.20 22:14:35.850,0.86901,0.86935,1.00,1.50
2017.12.20 22:14:36.384,0.86901,0.86936,1.00,1.00
2017.12.20 22:14:36.435,0.86902,0.86934,1.00,1.00
2017.12.20 22:14:36.784,0.86902,0.86936,1.00,1.00
2017.12.20 22:14:36.835,0.86902,0.86934,1.00,1.00
2017.12.20 22:14:37.285,0.86902,0.86936,1.00,1.00
2017.12.20 22:14:37.336,0.86902,0.86934,1.00,1.00
2017.12.20 22:14:37.386,0.86902,0.86936,1.00,1.00
2017.12.20 22:14:37.437,0.86902,0.86934,1.00,1.00
2017.12.20 22:14:37.786,0.86902,0.86936,1.00,1.00
2017.12.20 22:14:37.837,0.86902,0.86934,1.00,1.00
2017.12.20 22:14:37.888,0.86902,0.86936,1.00,1.00
2017.12.20 22:14:37.939,0.86902,0.86934,1.00,1.00
2017.12.20 22:14:38.291,0.869,0.86935,1.00,1.00
2017.12.20 22:14:38.342,0.869,0.86933,1.00,1.00
2017.12.20 22:14:38.698,0.86903,0.86932,1.00,1.00
2017.12.20 22:14:38.901,0.86903,0.86934,1.00,1.00
2017.12.20 22:14:38.953,0.86903,0.86932,1.00,1.00
2017.12.20 22:14:39.004,0.869,0.86932,1.00,1.00
2017.12.20 22:14:39.055,0.86903,0.86933,1.00,1.00
2017.12.20 22:14:39.106,0.869,0.86932,1.00,1.00
2017.12.20 22:14:39.207,0.86903,0.86932,1.00,1.00
2017.12.20 22:14:39.259,0.86901,0.86932,1.00,1.00
2017.12.20 22:14:39.309,0.86903,0.86934,1.00,1.00
2017.12.20 22:14:39.529,0.86905,0.86938,1.00,1.50
2017.12.20 22:14:39.580,0.86904,0.86936,1.00,1.00
2017.12.20 22:14:40.086,0.86905,0.86935,1.00,1.00
2017.12.20 22:14:40.686,0.86906,0.86935,1.00,1.00
2017.12.20 22:14:40.737,0.86903,0.86936,1.00,1.00
2017.12.20 22:14:41.240,0.86904,0.86936,1.00,1.00
2017.12.20 22:14:41.744,0.86905,0.86936,1.00,1.00
2017.12.20 22:14:42.242,0.86903,0.86938,1.00,1.00
2017.12.20 22:14:42.294,0.86903,0.86936,1.00,1.00
2017.12.20 22:14:42.622,0.86902,0.86933,1.00,1.00
2017.12.20 22:14:42.751,0.86902,0.86935,1.00,1.00
2017.12.20 22:14:43.043,0.869,0.86935,1.00,1.00
2017.12.20 22:14:43.095,0.86899,0.86932,1.00,1.00
2017.12.20 22:14:43.607,0.86899,0.86931,1.00,1.00
2017.12.20 22:14:44.172,0.86899,0.8693,1.00,1.00
2017.12.20 22:14:44.676,0.86897,0.86929,1.00,1.00
2017.12.20 22:14:44.780,0.86897,0.86931,1.00,1.00
2017.12.20 22:14:46.626,0.86896,0.86931,1.00,1.00
2017.12.20 22:14:48.613,0.86898,0.8693,1.00,1.00
2017.12.20 22:14:49.117,0.86897,0.86931,1.00,1.50
2017.12.20 22:14:50.208,0.86898,0.86931,1.00,1.50
2017.12.20 22:14:50.513,0.86896,0.8693,1.00,1.00
2017.12.20 22:14:51.214,0.86897,0.86931,1.00,1.00
2017.12.20 22:14:52.216,0.86898,0.86931,1.00,1.00
2017.12.20 22:14:52.445,0.86896,0.8693,1.00,1.50
2017.12.20 22:14:52.650,0.86897,0.86928,1.00,1.00
2017.12.20 22:14:52.764,0.86897,0.8693,1.00,1.00
2017.12.20 22:14:53.350,0.86898,0.8693,1.00,1.00
2017.12.20 22:14:54.328,0.86897,0.8693,1.00,1.00
2017.12.20 22:14:54.836,0.86898,0.8693,1.00,1.00
2017.12.20 22:14:55.371,0.86897,0.8693,1.00,1.00
2017.12.20 22:14:57.233,0.86898,0.8693,1.00,1.00
2017.12.20 22:14:57.284,0.86898,0.86932,1.00,1.00
2017.12.20 22:14:57.335,0.86898,0.86929,1.00,1.00
2017.12.20 22:14:57.437,0.86896,0.86929,1.00,1.00
2017.12.20 22:14:57.757,0.86898,0.8693,1.00,1.50
2017.12.20 22:14:59.666,0.86898,0.86929,1.00,1.00
2017.12.20 22:14:59.718,0.86898,0.86931,1.00,1.00
2017.12.20 22:14:59.820,0.86898,0.86929,1.00,1.00
2017.12.20 22:14:59.872,0.86898,0.86933,1.00,1.50
2017.12.20 22:14:59.974,0.86897,0.8693,1.00,1.00
2017.12.20 22:15:00.025,0.86896,0.86932,1.00,1.00
2017.12.20 22:15:00.127,0.86896,0.86927,1.00,1.00
2017.12.20 22:15:00.229,0.86894,0.86929,1.00,1.00
2017.12.20 22:15:00.331,0.86896,0.86929,1.00,1.00
2017.12.20 22:15:01.440,0.86897,0.86929,1.00,1.00
2017.12.20 22:15:01.847,0.86898,0.86931,1.00,1.00
2017.12.20 22:15:01.898,0.86898,0.86928,1.00,1.00
2017.12.20 22:15:02.000,0.86896,0.86927,1.00,1.00
2017.12.20 22:15:02.051,0.86896,0.86929,1.00,1.00
2017.12.20 22:15:02.248,0.86898,0.86929,1.00,1.00
2017.12.20 22:15:02.925,0.86898,0.8693,1.00,1.00
2017.12.20 22:15:03.410,0.86896,0.8693,1.00,1.00
2017.12.20 22:15:03.461,0.86897,0.86926,1.00,1.00
2017.12.20 22:15:03.512,0.86896,0.86928,1.00,1.00
2017.12.20 22:15:04.109,0.86897,0.86928,1.00,1.00
2017.12.20 22:15:04.294,0.86896,0.8693,2.25,1.00
2017.12.20 22:15:04.446,0.86898,0.8693,1.00,1.00
2017.12.20 22:15:04.649,0.86896,0.86929,1.00,1.00
2017.12.20 22:15:04.771,0.86898,0.86927,1.00,1.00
2017.12.20 22:15:04.822,0.86898,0.86929,1.00,1.00
2017.12.20 22:15:05.352,0.86897,0.8693,1.00,1.00
2017.12.20 22:15:07.764,0.86897,0.86928,1.50,1.00
2017.12.20 22:15:07.814,0.86897,0.8693,1.50,1.00
2017.12.20 22:15:07.967,0.86897,0.86927,1.00,1.00
2017.12.20 22:15:08.308,0.86897,0.86929,1.00,1.00
2017.12.20 22:15:08.772,0.86896,0.86927,1.50,1.00
2017.12.20 22:15:09.307,0.86897,0.8693,1.50,1.00
2017.12.20 22:15:09.988,0.86896,0.8693,1.50,1.00
2017.12.20 22:15:10.490,0.86897,0.86929,1.00,1.00
2017.12.20 22:15:10.996,0.86896,0.86929,1.00,1.00
2017.12.20 22:15:14.683,0.86898,0.8693,1.00,1.00
2017.12.20 22:15:14.734,0.86896,0.86929,1.00,1.00
2017.12.20 22:15:15.440,0.86897,0.86929,1.00,1.00
2017.12.20 22:15:16.676,0.86895,0.86929,1.00,1.00
2017.12.20 22:15:16.728,0.86897,0.86928,1.50,1.00
2017.12.20 22:15:16.916,0.86897,0.8693,1.50,1.00
2017.12.20 22:15:18.732,0.86898,0.8693,1.00,1.00
2017.12.20 22:15:19.705,0.86897,0.8693,1.00,1.00
2017.12.20 22:15:20.627,0.86897,0.86929,1.00,1.00
2017.12.20 22:15:22.297,0.86897,0.8693,1.00,1.00
2017.12.20 22:15:22.500,0.86896,0.86927,1.00,1.00
2017.12.20 22:15:23.043,0.86896,0.86929,1.00,1.00
2017.12.20 22:15:23.641,0.86896,0.86928,1.50,1.00
2017.12.20 22:15:25.004,0.86897,0.86928,1.00,1.00
2017.12.20 22:15:25.795,0.86897,0.86927,1.00,1.00
2017.12.20 22:15:26.549,0.86898,0.86928,1.00,1.00
2017.12.20 22:15:27.329,0.86897,0.86928,1.00,1.00
2017.12.20 22:15:27.380,0.86896,0.8693,1.00,1.50
2017.12.20 22:15:27.517,0.86896,0.86928,1.00,1.00
2017.12.20 22:15:27.724,0.86894,0.86929,1.00,1.00
2017.12.20 22:15:29.492,0.86895,0.86929,1.00,1.00
2017.12.20 22:15:29.715,0.86895,0.86927,1.00,1.00
2017.12.20 22:15:32.759,0.86895,0.86925,1.00,1.00
2017.12.20 22:15:33.943,0.86894,0.86925,1.00,1.00
2017.12.20 22:15:36.837,0.86894,0.86926,1.00,1.00
2017.12.20 22:15:37.957,0.86895,0.86926,1.00,1.00
2017.12.20 22:15:38.839,0.86895,0.86925,1.00,1.00
2017.12.20 22:15:39.911,0.86895,0.86924,1.00,1.00
2017.12.20 22:15:40.585,0.86896,0.86924,1.50,1.00
2017.12.20 22:15:42.238,0.86895,0.86924,1.50,1.00
2017.12.20 22:15:51.318,0.86894,0.86924,2.25,1.00
2017.12.20 22:15:51.623,0.86903,0.86928,1.00,1.00
2017.12.20 22:15:52.906,0.86904,0.86928,1.00,1.00
2017.12.20 22:15:53.516,0.86904,0.86929,1.00,1.00
2017.12.20 22:15:53.780,0.86902,0.86929,1.00,1.00
2017.12.20 22:15:54.863,0.86903,0.86928,1.00,1.00
2017.12.20 22:15:55.689,0.86902,0.86928,1.00,1.00
2017.12.20 22:15:56.250,0.86903,0.86928,1.00,1.00
2017.12.20 22:15:56.538,0.86903,0.8693,1.00,1.00
2017.12.20 22:15:56.640,0.86901,0.8693,1.00,1.00
2017.12.20 22:15:56.742,0.86901,0.86932,1.50,1.00
2017.12.20 22:15:57.294,0.86902,0.86933,1.00,1.00
2017.12.20 22:15:57.396,0.86902,0.86931,1.00,1.00
2017.12.20 22:15:58.009,0.869,0.86931,1.00,1.00
2017.12.20 22:15:59.657,0.86901,0.86931,1.00,1.00
2017.12.20 22:16:00.326,0.869,0.86931,1.00,1.00
2017.12.20 22:16:01.958,0.86904,0.86931,1.00,1.00
2017.12.20 22:16:10.120,0.86897,0.86931,1.50,1.50
2017.12.20 22:16:10.273,0.86897,0.86928,1.00,1.00
2017.12.20 22:16:10.324,0.86895,0.86928,1.00,1.00
2017.12.20 22:16:11.121,0.86894,0.86928,2.25,1.00
2017.12.20 22:16:11.383,0.86893,0.86926,1.00,1.00
2017.12.20 22:16:12.547,0.86893,0.86927,1.00,1.50
2017.12.20 22:16:13.157,0.86893,0.86926,1.00,1.00
2017.12.20 22:16:13.693,0.86894,0.86926,1.00,1.00
2017.12.20 22:16:14.196,0.86894,0.86927,1.00,1.50
2017.12.20 22:16:15.044,0.86894,0.86926,1.00,1.00
2017.12.20 22:16:15.145,0.86892,0.86926,1.00,1.00
2017.12.20 22:16:15.494,0.86894,0.86926,1.00,1.00
2017.12.20 22:16:16.044,0.86895,0.86926,1.00,1.00
2017.12.20 22:16:16.146,0.86893,0.86926,1.00,1.00
2017.12.20 22:16:18.620,0.86894,0.86927,1.00,1.50
2017.12.20 22:16:19.493,0.86895,0.86927,1.00,1.00
2017.12.20 22:16:19.745,0.86893,0.86928,1.00,1.00
2017.12.20 22:16:19.896,0.86895,0.86929,1.00,1.00
2017.12.20 22:16:20.209,0.86894,0.86927,1.00,1.00
2017.12.20 22:16:21.145,0.86894,0.86928,1.00,1.00
2017.12.20 22:16:21.695,0.86894,0.86927,1.00,1.00
2017.12.20 22:16:23.544,0.86893,0.86927,1.00,1.50
2017.12.20 22:16:24.141,0.86894,0.86927,1.00,1.50
2017.12.20 22:16:25.398,0.86893,0.86927,1.00,1.50
2017.12.20 22:16:25.944,0.86894,0.86926,1.00,1.00
2017.12.20 22:16:26.492,0.86893,0.86926,1.00,1.00
2017.12.20 22:16:27.096,0.86892,0.86926,1.50,1.00
2017.12.20 22:16:27.445,0.86894,0.86926,1.00,1.00
2017.12.20 22:16:27.496,0.86892,0.86926,1.00,1.00
2017.12.20 22:16:27.677,0.86895,0.86926,1.00,1.00
2017.12.20 22:16:27.896,0.86892,0.86926,1.00,1.00
2017.12.20 22:16:28.106,0.86898,0.86926,1.00,1.00
2017.12.20 22:16:28.393,0.86895,0.86926,1.00,1.00
2017.12.20 22:16:28.897,0.86892,0.86927,1.00,1.50
2017.12.20 22:16:29.100,0.86894,0.86927,1.00,1.50
2017.12.20 22:16:29.634,0.86891,0.86925,1.00,1.50
2017.12.20 22:16:29.988,0.86893,0.86925,1.00,1.00
2017.12.20 22:16:30.191,0.86891,0.86925,1.00,1.00
2017.12.20 22:16:30.702,0.86892,0.86925,1.00,1.00
2017.12.20 22:16:30.996,0.8689,0.86925,1.00,1.00
2017.12.20 22:16:31.293,0.86892,0.86925,1.00,1.00
2017.12.20 22:16:32.108,0.86892,0.86926,1.00,1.00
2017.12.20 22:16:32.640,0.86891,0.86926,1.00,1.00
2017.12.20 22:16:32.945,0.86896,0.86927,1.00,1.50
2017.12.20 22:16:33.047,0.86892,0.86925,1.50,1.00
2017.12.20 22:16:33.641,0.86891,0.86925,1.00,1.00
2017.12.20 22:16:34.255,0.86891,0.86926,1.00,1.00
2017.12.20 22:16:35.647,0.86891,0.86927,1.00,1.50
2017.12.20 22:16:35.699,0.86891,0.86925,1.00,1.00
2017.12.20 22:16:36.245,0.86891,0.86924,1.00,1.00
2017.12.20 22:16:36.296,0.86891,0.86926,1.00,1.00
2017.12.20 22:16:36.715,0.8689,0.86924,1.00,1.00
2017.12.20 22:16:37.249,0.86891,0.86924,1.00,1.00
2017.12.20 22:16:37.908,0.86891,0.86925,1.00,1.00
2017.12.20 22:16:38.255,0.86894,0.86925,1.00,1.00
2017.12.20 22:16:38.643,0.86894,0.86919,1.00,1.00
2017.12.20 22:16:39.144,0.86894,0.8692,1.00,1.00
2017.12.20 22:16:39.695,0.86893,0.8692,1.00,1.00
2017.12.20 22:16:40.305,0.86893,0.86919,1.00,1.00
2017.12.20 22:16:40.837,0.86896,0.8692,1.00,1.00
2017.12.20 22:16:41.219,0.86893,0.8692,1.00,1.00
2017.12.20 22:16:43.363,0.86893,0.86918,1.00,1.00
2017.12.20 22:16:43.515,0.86893,0.8692,1.00,1.00
2017.12.20 22:16:43.709,0.86893,0.86918,1.00,1.00
2017.12.20 22:16:43.816,0.86893,0.8692,1.00,1.00
2017.12.20 22:16:43.984,0.86892,0.86917,1.00,1.00
2017.12.20 22:16:44.035,0.86892,0.86919,1.00,1.00
2017.12.20 22:16:44.228,0.86892,0.86917,1.00,1.00
2017.12.20 22:16:44.403,0.86892,0.8692,1.00,1.00
2017.12.20 22:16:45.544,0.86893,0.8692,1.00,1.00
2017.12.20 22:16:46.199,0.86892,0.8692,1.00,1.00
2017.12.20 22:16:46.720,0.86893,0.8692,1.00,1.00
2017.12.20 22:16:47.308,0.86892,0.86919,1.00,1.00
2017.12.20 22:16:47.997,0.86892,0.8692,1.00,1.00
2017.12.20 22:16:48.447,0.86892,0.86918,1.00,1.00
2017.12.20 22:16:48.599,0.86892,0.8692,1.00,1.00
2017.12.20 22:16:48.849,0.86892,0.86918,1.00,1.00
2017.12.20 22:16:49.036,0.86892,0.8692,1.00,1.00
2017.12.20 22:16:49.750,0.86892,0.86919,1.00,1.00
2017.12.20 22:16:50.306,0.86892,0.8692,1.00,1.00
2017.12.20 22:16:51.000,0.86892,0.86919,1.00,1.00
2017.12.20 22:16:53.241,0.86891,0.86919,1.50,1.00
2017.12.20 22:16:53.751,0.86892,0.86919,1.00,1.00
2017.12.20 22:16:54.550,0.86891,0.86919,1.50,1.00
2017.12.20 22:16:54.736,0.8689,0.86916,1.00,1.00
2017.12.20 22:16:54.940,0.86886,0.86914,1.00,1.00
2017.12.20 22:16:55.520,0.86885,0.86914,1.50,1.00
2017.12.20 22:16:56.142,0.86884,0.86914,1.00,1.00
2017.12.20 22:16:56.244,0.86883,0.86911,1.00,1.00
2017.12.20 22:16:56.750,0.86883,0.8691,1.50,1.00
2017.12.20 22:16:57.450,0.86882,0.86919,1.00,1.67
2017.12.20 22:16:58.070,0.86883,0.86923,1.00,1.67
2017.12.20 22:16:58.437,0.86881,0.86906,1.00,1.00
2017.12.20 22:16:58.652,0.86881,0.86909,1.00,1.00
2017.12.20 22:16:59.158,0.86882,0.8691,1.00,1.00
2017.12.20 22:17:00.077,0.86883,0.8691,1.00,1.00
2017.12.20 22:17:00.129,0.86886,0.86913,1.00,1.00
2017.12.20 22:17:00.180,0.86886,0.86917,1.00,1.00
2017.12.20 22:17:00.231,0.86888,0.86917,1.00,1.00
2017.12.20 22:17:00.793,0.86888,0.86918,1.00,1.00
2017.12.20 22:17:01.357,0.86889,0.86918,1.00,1.00
2017.12.20 22:17:01.880,0.86891,0.86919,1.00,1.00
2017.12.20 22:17:02.392,0.8689,0.8692,1.00,1.00
2017.12.20 22:17:02.952,0.86891,0.8692,1.00,1.00
2017.12.20 22:17:03.460,0.86892,0.8692,1.00,1.00
2017.12.20 22:17:04.211,0.86892,0.86921,1.00,1.00
2017.12.20 22:17:05.045,0.86894,0.86921,1.00,1.00
2017.12.20 22:17:05.096,0.86895,0.86923,1.00,1.00
2017.12.20 22:17:05.454,0.86896,0.86921,1.00,1.00
2017.12.20 22:17:06.009,0.86896,0.86922,1.00,1.00
2017.12.20 22:17:06.483,0.86896,0.8692,1.00,1.00
2017.12.20 22:17:06.534,0.86896,0.86922,1.00,1.00
2017.12.20 22:17:06.586,0.86896,0.8692,1.00,1.00
2017.12.20 22:17:06.637,0.86896,0.86922,1.00,1.00
2017.12.20 22:17:07.148,0.86897,0.86923,1.00,2.25
2017.12.20 22:17:08.253,0.86896,0.86921,1.00,1.00
2017.12.20 22:17:08.695,0.86896,0.86923,1.00,2.25
2017.12.20 22:17:09.198,0.86897,0.86923,1.00,2.25
2017.12.20 22:17:09.648,0.86896,0.86921,1.00,1.00
2017.12.20 22:17:09.699,0.86896,0.86923,1.00,2.25
2017.12.20 22:17:10.247,0.86897,0.86923,1.00,2.25
2017.12.20 22:17:15.044,0.86898,0.86923,1.00,1.50
2017.12.20 22:17:16.729,0.86898,0.86922,1.00,1.00
2017.12.20 22:17:17.240,0.86897,0.86923,1.00,1.50
2017.12.20 22:17:18.044,0.86898,0.86923,1.00,1.50
2017.12.20 22:17:18.145,0.86899,0.86925,1.00,1.00
2017.12.20 22:17:18.794,0.869,0.86925,1.00,1.00
2017.12.20 22:17:22.344,0.869,0.86923,1.00,1.00
2017.12.20 22:17:22.496,0.869,0.86926,1.00,1.00
2017.12.20 22:17:22.744,0.869,0.86923,1.00,1.00
2017.12.20 22:17:22.993,0.869,0.86926,1.00,1.00
2017.12.20 22:17:23.306,0.86899,0.86923,1.00,1.00
2017.12.20 22:17:23.357,0.869,0.86926,1.00,1.00
2017.12.20 22:17:23.874,0.869,0.86925,1.00,1.00
2017.12.20 22:17:25.681,0.86899,0.86923,1.00,1.00
2017.12.20 22:17:25.732,0.86899,0.86925,1.00,1.00
2017.12.20 22:17:26.733,0.86899,0.86924,1.00,1.00
2017.12.20 22:17:27.684,0.86899,0.86925,1.00,1.00
2017.12.20 22:17:27.910,0.86898,0.8692,1.00,1.00
2017.12.20 22:17:28.012,0.86897,0.86923,1.00,1.00
2017.12.20 22:17:29.666,0.86898,0.86923,1.00,1.00
2017.12.20 22:17:30.980,0.86897,0.86923,1.00,1.00
2017.12.20 22:17:31.945,0.86898,0.86923,1.00,1.00
2017.12.20 22:17:32.577,0.86898,0.86924,1.00,1.00
2017.12.20 22:17:38.667,0.86897,0.86923,1.00,1.00
2017.12.20 22:17:39.811,0.86897,0.86924,1.00,1.00
2017.12.20 22:17:43.160,0.86897,0.86923,1.00,1.00
2017.12.20 22:17:43.694,0.86897,0.86919,1.00,1.00
2017.12.20 22:17:45.076,0.86897,0.86924,1.00,1.00
2017.12.20 22:17:46.177,0.86897,0.86923,1.00,1.00
2017.12.20 22:17:49.393,0.86896,0.86923,1.00,1.00
2017.12.20 22:17:49.599,0.86896,0.86915,1.00,1.00
2017.12.20 22:17:49.718,0.86897,0.86923,1.00,1.00
2017.12.20 22:17:50.243,0.86897,0.86922,1.00,1.00
2017.12.20 22:17:51.189,0.86895,0.86922,1.00,1.00
2017.12.20 22:17:51.240,0.86897,0.86923,1.00,1.00
2017.12.20 22:17:51.696,0.86896,0.86921,1.00,1.00
2017.12.20 22:17:52.037,0.86897,0.86923,1.00,1.00
2017.12.20 22:17:52.546,0.86898,0.86923,1.00,1.00
2017.12.20 22:17:52.987,0.86898,0.8692,1.00,1.00
2017.12.20 22:17:53.496,0.86898,0.86923,1.00,1.00
2017.12.20 22:17:54.038,0.86898,0.8692,1.00,1.00
2017.12.20 22:17:54.198,0.86895,0.86922,1.00,1.00
2017.12.20 22:17:54.351,0.86897,0.86921,1.00,1.00
2017.12.20 22:17:54.996,0.86897,0.86919,1.00,1.00
2017.12.20 22:17:55.229,0.86897,0.86922,1.00,1.00
2017.12.20 22:17:56.194,0.86897,0.86919,1.00,1.00
2017.12.20 22:17:56.495,0.86897,0.86916,1.00,1.00
2017.12.20 22:17:56.672,0.86896,0.86921,1.00,1.00
2017.12.20 22:17:57.204,0.86897,0.86922,1.00,1.00
2017.12.20 22:17:57.707,0.86896,0.86922,1.00,1.00
2017.12.20 22:17:58.312,0.86896,0.86921,1.00,1.00
2017.12.20 22:17:58.902,0.86897,0.86922,1.00,1.00
2017.12.20 22:17:59.189,0.86898,0.86924,1.00,1.00
2017.12.20 22:17:59.695,0.86898,0.86925,1.00,1.00
2017.12.20 22:18:00.344,0.86898,0.86924,1.00,1.00
2017.12.20 22:18:00.894,0.86898,0.86925,1.00,1.00
2017.12.20 22:18:01.680,0.86898,0.86919,1.00,1.00
2017.12.20 22:18:02.295,0.86897,0.86924,1.00,1.00
2017.12.20 22:18:02.547,0.86898,0.86926,1.00,1.00
2017.12.20 22:18:03.020,0.86898,0.86923,1.00,1.00
2017.12.20 22:18:03.561,0.86898,0.86924,1.00,1.00
2017.12.20 22:18:08.161,0.86898,0.86926,1.00,1.00
2017.12.20 22:18:08.742,0.86899,0.86925,1.00,1.00
2017.12.20 22:18:09.252,0.86898,0.86924,1.00,1.00
2017.12.20 22:18:12.997,0.86898,0.86925,1.00,1.00
2017.12.20 22:18:13.198,0.86903,0.8693,1.00,1.00
2017.12.20 22:18:13.700,0.86904,0.86932,1.00,1.00
2017.12.20 22:18:14.196,0.86902,0.86932,1.00,1.00
2017.12.20 22:18:14.843,0.86901,0.86932,1.00,1.00
2017.12.20 22:18:15.956,0.86901,0.86931,1.00,1.00
2017.12.20 22:18:16.576,0.86901,0.86932,1.00,1.00
2017.12.20 22:18:17.052,0.86903,0.86932,1.00,1.00
2017.12.20 22:18:18.130,0.86902,0.86932,1.00,1.00
2017.12.20 22:18:18.744,0.86903,0.86932,1.00,1.00
2017.12.20 22:18:20.097,0.86903,0.86934,1.00,1.00
2017.12.20 22:18:20.199,0.86905,0.86934,1.00,1.00
2017.12.20 22:18:20.780,0.86904,0.86934,1.00,1.50
2017.12.20 22:18:22.149,0.86903,0.86934,1.00,1.50
2017.12.20 22:18:23.251,0.86904,0.86934,1.00,1.00
2017.12.20 22:18:24.003,0.86903,0.86934,1.00,1.50
2017.12.20 22:18:26.339,0.86902,0.86934,1.00,1.50
2017.12.20 22:18:26.871,0.86903,0.86934,1.00,1.50
2017.12.20 22:18:27.377,0.86904,0.86934,1.00,1.00
2017.12.20 22:18:28.291,0.86904,0.86933,1.00,1.00
2017.12.20 22:18:28.893,0.86903,0.86933,1.00,1.00
2017.12.20 22:18:29.506,0.86903,0.86929,1.00,1.00
2017.12.20 22:18:30.024,0.86902,0.86934,1.00,1.00
2017.12.20 22:18:30.569,0.86902,0.86932,1.00,1.00
2017.12.20 22:18:30.893,0.86898,0.86933,1.00,1.00
2017.12.20 22:18:30.944,0.869,0.86932,1.00,1.00
2017.12.20 22:18:31.171,0.86901,0.86935,1.00,1.00
2017.12.20 22:18:31.695,0.86902,0.86935,1.00,1.00
2017.12.20 22:18:32.079,0.86902,0.86932,1.00,1.00
2017.12.20 22:18:32.308,0.86903,0.86937,1.00,1.00
2017.12.20 22:18:33.093,0.86903,0.86932,1.00,1.00
2017.12.20 22:18:33.592,0.86903,0.86929,1.00,1.00
2017.12.20 22:18:33.753,0.86903,0.86936,1.00,1.00
2017.12.20 22:18:34.935,0.86903,0.86937,1.00,1.00
2017.12.20 22:18:35.580,0.86903,0.86933,1.00,1.00
2017.12.20 22:18:35.631,0.86903,0.86938,1.00,1.00
2017.12.20 22:18:36.020,0.86903,0.86936,1.00,1.00
2017.12.20 22:18:36.131,0.86901,0.86937,1.00,1.00
2017.12.20 22:18:36.507,0.86901,0.86935,1.00,1.00
2017.12.20 22:18:36.950,0.86903,0.86937,1.00,1.00
2017.12.20 22:18:37.583,0.86903,0.8693,1.00,1.00
2017.12.20 22:18:38.148,0.869,0.86936,1.00,1.00
2017.12.20 22:18:38.199,0.86902,0.86936,1.00,1.00
2017.12.20 22:18:40.221,0.86902,0.86938,1.00,1.00
2017.12.20 22:18:40.594,0.86904,0.86938,1.00,1.50
2017.12.20 22:18:40.770,0.86901,0.86938,1.00,1.00
2017.12.20 22:18:40.974,0.86902,0.86936,1.00,1.00
2017.12.20 22:18:41.903,0.86902,0.86938,1.00,1.50
2017.12.20 22:18:42.272,0.86902,0.86936,1.00,1.00
2017.12.20 22:18:42.894,0.86903,0.86937,1.00,1.00
2017.12.20 22:18:45.294,0.86903,0.86935,1.00,1.50
2017.12.20 22:18:45.345,0.86901,0.86935,1.00,1.50
2017.12.20 22:18:45.893,0.86902,0.86935,1.00,1.00
2017.12.20 22:18:46.432,0.869,0.86935,1.00,1.50
2017.12.20 22:18:46.591,0.86901,0.86931,1.00,1.00
2017.12.20 22:18:47.745,0.86901,0.86935,1.00,1.00
2017.12.20 22:18:48.294,0.86902,0.86935,1.00,1.00
2017.12.20 22:18:48.793,0.86902,0.86933,1.00,1.00
2017.12.20 22:18:49.194,0.86902,0.86936,1.00,1.00
2017.12.20 22:18:50.746,0.86903,0.86936,1.00,1.00
2017.12.20 22:18:51.645,0.86903,0.86933,1.00,1.00
2017.12.20 22:18:51.697,0.86902,0.86937,1.00,1.00
2017.12.20 22:18:51.748,0.86903,0.8694,1.00,3.00
2017.12.20 22:18:52.294,0.86904,0.8694,1.00,2.25
2017.12.20 22:18:53.146,0.86904,0.86937,1.00,1.00
2017.12.20 22:18:53.793,0.86904,0.86938,1.00,1.00
2017.12.20 22:18:55.393,0.86905,0.86938,1.00,1.00
2017.12.20 22:18:55.712,0.86905,0.86934,1.00,1.00
2017.12.20 22:18:56.243,0.86904,0.86934,1.00,1.00
2017.12.20 22:18:58.845,0.86904,0.86937,1.00,1.00
2017.12.20 22:18:59.200,0.86903,0.86935,1.00,1.00
2017.12.20 22:18:59.743,0.86904,0.86935,1.00,1.00
2017.12.20 22:19:00.304,0.86903,0.86935,1.00,1.00
2017.12.20 22:19:00.995,0.86904,0.86935,1.00,1.00
2017.12.20 22:19:01.545,0.86902,0.86935,1.00,1.00
2017.12.20 22:19:01.749,0.86902,0.86932,1.00,1.00
2017.12.20 22:19:02.043,0.869,0.86932,1.00,1.00
2017.12.20 22:19:03.445,0.86897,0.86929,1.00,1.00
2017.12.20 22:19:03.785,0.869,0.86929,1.00,1.00
2017.12.20 22:19:03.836,0.869,0.86932,1.00,1.00
2017.12.20 22:19:04.695,0.869,0.86934,1.00,1.00
2017.12.20 22:19:05.719,0.869,0.86931,1.00,1.00
2017.12.20 22:19:06.293,0.86899,0.86931,1.00,1.00
2017.12.20 22:19:06.793,0.86896,0.8693,1.00,1.00
2017.12.20 22:19:07.148,0.86894,0.8693,1.00,1.00
2017.12.20 22:19:07.199,0.86894,0.86926,1.00,1.00
2017.12.20 22:19:08.087,0.86893,0.86926,1.00,1.00
2017.12.20 22:19:08.495,0.86894,0.86924,1.00,1.00
2017.12.20 22:19:09.643,0.86894,0.86927,1.00,1.00
2017.12.20 22:19:15.445,0.86897,0.86932,1.00,1.00
2017.12.20 22:19:15.496,0.86903,0.86932,1.00,1.00
2017.12.20 22:19:15.801,0.86898,0.86928,1.00,1.00
2017.12.20 22:19:15.852,0.86895,0.86928,1.00,1.00
2017.12.20 22:19:16.200,0.8689,0.86925,1.00,1.00
2017.12.20 22:19:16.252,0.86894,0.86925,1.00,1.00
2017.12.20 22:19:16.643,0.86892,0.86925,1.00,1.00
2017.12.20 22:19:17.147,0.86891,0.86925,1.00,1.00
2017.12.20 22:19:22.846,0.8689,0.86925,1.00,1.00
2017.12.20 22:19:25.545,0.86891,0.86925,1.00,1.00
2017.12.20 22:19:26.244,0.86892,0.86925,1.00,1.00
2017.12.20 22:19:26.794,0.86892,0.86926,1.00,1.00
2017.12.20 22:19:27.394,0.86891,0.86926,1.00,1.00
2017.12.20 22:19:30.145,0.86892,0.86926,1.00,1.00
2017.12.20 22:19:31.097,0.86892,0.86929,1.00,1.00
2017.12.20 22:19:33.445,0.86891,0.86926,1.00,1.00
2017.12.20 22:19:33.893,0.86891,0.86929,1.00,1.12
2017.12.20 22:19:34.505,0.86892,0.86929,1.00,1.12
2017.12.20 22:19:35.295,0.86892,0.86927,1.00,1.00
2017.12.20 22:19:35.947,0.86891,0.86922,1.00,1.00
2017.12.20 22:19:36.493,0.86892,0.86922,1.00,1.00
2017.12.20 22:19:37.033,0.86892,0.86925,1.00,1.00
2017.12.20 22:19:37.591,0.86891,0.86925,1.00,1.00
2017.12.20 22:19:44.143,0.86891,0.86922,1.00,1.00
2017.12.20 22:19:45.078,0.8689,0.86922,1.00,1.00
2017.12.20 22:19:45.988,0.8689,0.86925,1.00,1.00
2017.12.20 22:19:46.144,0.86885,0.86925,1.50,1.00
2017.12.20 22:19:46.195,0.86889,0.86925,1.00,1.00
2017.12.20 22:19:46.909,0.86885,0.86925,1.00,1.00
2017.12.20 22:19:46.961,0.86889,0.86925,1.00,1.00
2017.12.20 22:19:47.296,0.86891,0.86922,1.00,1.00
2017.12.20 22:19:52.042,0.86891,0.86925,1.00,1.00
2017.12.20 22:19:58.031,0.86891,0.86927,1.00,1.00
2017.12.20 22:19:58.543,0.86892,0.86927,1.00,1.00
2017.12.20 22:20:00.944,0.86891,0.86924,1.00,1.00
2017.12.20 22:20:03.291,0.86891,0.86927,1.00,1.00
2017.12.20 22:20:04.484,0.86892,0.86924,1.00,1.00
2017.12.20 22:20:06.073,0.86892,0.86927,1.00,1.00
2017.12.20 22:20:06.896,0.86891,0.86927,1.00,1.00
2017.12.20 22:20:09.711,0.8689,0.86927,1.00,1.00
2017.12.20 22:20:13.555,0.86892,0.86927,1.00,1.00
2017.12.20 22:20:13.606,0.86892,0.8693,1.00,1.00
2017.12.20 22:20:17.348,0.8689,0.86927,1.00,1.00
2017.12.20 22:20:20.193,0.86891,0.86931,1.00,1.00
2017.12.20 22:20:38.516,0.86892,0.86931,1.00,1.00
2017.12.20 22:20:41.684,0.86892,0.86929,1.00,1.00
2017.12.20 22:20:42.432,0.8689,0.86929,1.00,1.00
2017.12.20 22:20:43.281,0.86891,0.86929,1.00,1.00
2017.12.20 22:20:43.455,0.86893,0.86927,1.00,1.00
2017.12.20 22:20:43.723,0.86893,0.86931,1.00,1.00
2017.12.20 22:20:44.255,0.86894,0.86931,1.00,1.00
2017.12.20 22:20:44.782,0.86893,0.86931,1.00,1.00
2017.12.20 22:20:45.321,0.86895,0.86931,1.00,1.00
2017.12.20 22:20:47.206,0.86898,0.86935,1.00,1.00
2017.12.20 22:20:49.899,0.86898,0.86932,1.00,1.00
2017.12.20 22:20:50.436,0.86898,0.86935,1.00,1.00
2017.12.20 22:20:57.132,0.86898,0.8693,1.00,1.00
2017.12.20 22:20:57.183,0.86893,0.8693,1.00,1.00
2017.12.20 22:20:58.582,0.86893,0.86927,1.00,1.00
2017.12.20 22:21:00.151,0.86894,0.86927,1.00,1.00
2017.12.20 22:21:03.756,0.86893,0.86927,1.00,1.00
2017.12.20 22:21:04.077,0.86892,0.86923,1.00,1.00
2017.12.20 22:21:05.289,0.86892,0.86926,1.00,1.00
2017.12.20 22:21:05.977,0.86892,0.86924,1.00,1.00
2017.12.20 22:21:06.978,0.86892,0.86928,1.00,1.00
2017.12.20 22:21:07.574,0.86893,0.86928,1.00,1.00
2017.12.20 22:21:10.708,0.86893,0.86925,1.00,1.00
2017.12.20 22:21:11.127,0.86893,0.86927,1.00,1.00
2017.12.20 22:21:13.016,0.86892,0.86927,1.00,1.00
2017.12.20 22:21:13.067,0.86892,0.86925,1.00,1.00
2017.12.20 22:21:13.437,0.8689,0.86925,1.00,1.00
2017.12.20 22:21:13.488,0.86892,0.86925,1.00,1.00
2017.12.20 22:21:14.025,0.86891,0.86926,1.00,1.00
2017.12.20 22:21:14.639,0.86892,0.86926,1.00,1.00
2017.12.20 22:21:15.575,0.86892,0.86928,1.00,1.00
2017.12.20 22:21:15.626,0.86892,0.86922,1.00,1.00
2017.12.20 22:21:16.241,0.86891,0.86921,1.00,1.00
2017.12.20 22:21:16.874,0.8689,0.8692,1.00,1.00
2017.12.20 22:21:19.227,0.86889,0.8692,1.00,1.00
2017.12.20 22:21:19.753,0.8689,0.8692,1.00,1.00
2017.12.20 22:21:20.279,0.8689,0.86921,1.00,1.00
2017.12.20 22:21:20.880,0.86891,0.86921,1.00,1.00
2017.12.20 22:21:21.183,0.86887,0.86917,1.00,1.00
2017.12.20 22:21:21.587,0.86889,0.86918,1.00,1.00
2017.12.20 22:21:22.456,0.86888,0.86918,1.00,1.00
2017.12.20 22:21:22.507,0.86887,0.86921,1.00,1.00
2017.12.20 22:21:23.075,0.86888,0.8692,1.00,1.00
2017.12.20 22:21:23.127,0.86886,0.8692,1.00,1.00
2017.12.20 22:21:23.483,0.86888,0.8692,1.00,1.00
2017.12.20 22:21:24.026,0.86888,0.86921,1.00,1.00
2017.12.20 22:21:24.573,0.86887,0.86921,1.00,1.00
2017.12.20 22:21:25.079,0.86889,0.86921,1.00,1.00
2017.12.20 22:21:25.532,0.86887,0.86921,1.00,1.00
2017.12.20 22:21:26.133,0.86889,0.86921,1.00,1.00
2017.12.20 22:21:26.881,0.86887,0.86921,1.00,1.00
2017.12.20 22:21:27.527,0.86888,0.86921,1.00,1.00
2017.12.20 22:21:28.476,0.86888,0.86922,1.00,1.00
2017.12.20 22:21:29.027,0.86888,0.86921,1.00,1.00
2017.12.20 22:21:34.632,0.86887,0.86921,1.50,1.00
2017.12.20 22:21:35.966,0.86889,0.86921,1.00,1.00
2017.12.20 22:21:37.039,0.86887,0.86921,1.00,1.00
2017.12.20 22:21:40.051,0.86888,0.86921,1.00,1.00
2017.12.20 22:21:40.928,0.86887,0.86921,1.00,1.00
2017.12.20 22:21:41.830,0.86888,0.86921,1.00,1.00
2017.12.20 22:21:42.378,0.86887,0.86921,1.00,1.00
2017.12.20 22:21:44.234,0.86886,0.86921,1.00,1.00
2017.12.20 22:21:45.689,0.86887,0.86921,1.00,1.00
2017.12.20 22:21:46.927,0.86886,0.86921,1.00,1.00
2017.12.20 22:21:52.128,0.86887,0.86921,1.00,1.00
2017.12.20 22:21:55.460,0.86888,0.86922,1.00,1.00
2017.12.20 22:21:55.987,0.86887,0.86922,1.00,1.00
2017.12.20 22:21:56.426,0.86889,0.86922,1.00,1.00
2017.12.20 22:21:57.078,0.86887,0.86922,1.00,1.50
2017.12.20 22:22:00.578,0.86888,0.86922,1.00,1.00
2017.12.20 22:22:01.128,0.86887,0.86922,1.00,1.00
2017.12.20 22:22:02.027,0.86888,0.86922,1.00,1.00
2017.12.20 22:22:02.332,0.86886,0.86921,1.00,1.50
2017.12.20 22:22:02.925,0.86887,0.86921,1.00,1.00
2017.12.20 22:22:03.464,0.86886,0.8692,1.00,1.00
2017.12.20 22:22:04.025,0.86887,0.8692,1.00,1.00
2017.12.20 22:22:04.077,0.86885,0.86919,1.50,1.00
2017.12.20 22:22:05.524,0.86885,0.8692,1.00,1.00
2017.12.20 22:22:06.782,0.86886,0.8692,1.00,1.00
2017.12.20 22:22:07.426,0.86885,0.8692,1.00,1.00
2017.12.20 22:22:07.975,0.86884,0.8692,1.50,1.00
2017.12.20 22:22:08.830,0.86883,0.8692,1.00,1.00
2017.12.20 22:22:08.944,0.8688,0.86914,1.00,1.00
2017.12.20 22:22:09.277,0.86877,0.86909,1.00,1.00
2017.12.20 22:22:13.880,0.86877,0.86908,1.50,1.00
2017.12.20 22:22:14.525,0.86878,0.86909,1.00,1.00
2017.12.20 22:22:14.846,0.86876,0.86907,1.00,1.50
2017.12.20 22:22:15.427,0.86876,0.86906,1.00,1.00
2017.12.20 22:22:17.513,0.86875,0.86906,1.00,2.25
2017.12.20 22:22:18.027,0.86875,0.86905,1.00,1.00
2017.12.20 22:22:22.655,0.86876,0.86905,1.00,1.00
2017.12.20 22:22:23.181,0.86874,0.86905,1.00,1.00
2017.12.20 22:22:23.283,0.86873,0.86903,1.00,1.00
2017.12.20 22:22:23.387,0.86867,0.86899,1.00,1.00
2017.12.20 22:22:23.439,0.86869,0.86896,1.00,1.00
2017.12.20 22:22:23.492,0.86866,0.86895,1.00,1.00
2017.12.20 22:22:23.545,0.86864,0.86891,1.00,1.00
2017.12.20 22:22:23.596,0.86864,0.86894,1.00,1.00
2017.12.20 22:22:23.751,0.86866,0.86897,1.00,1.00
2017.12.20 22:22:23.904,0.86868,0.86897,1.00,1.00
2017.12.20 22:22:24.187,0.86869,0.869,1.00,1.00
2017.12.20 22:22:24.239,0.86872,0.86903,1.00,1.00
2017.12.20 22:22:24.543,0.86868,0.86901,1.00,1.00
2017.12.20 22:22:24.595,0.86866,0.86899,1.00,1.00
2017.12.20 22:22:25.461,0.86864,0.86895,1.00,1.00
2017.12.20 22:22:25.794,0.8687,0.86895,1.00,1.00
2017.12.20 22:22:25.947,0.8687,0.86899,1.00,1.00
2017.12.20 22:22:26.050,0.86867,0.86899,1.00,1.00
2017.12.20 22:22:26.101,0.86869,0.86899,1.00,1.50
2017.12.20 22:22:26.620,0.86869,0.86897,1.00,1.00
2017.12.20 22:22:28.439,0.86867,0.86896,1.00,1.00
2017.12.20 22:22:28.544,0.86869,0.86897,1.00,1.50
2017.12.20 22:22:28.865,0.86868,0.86895,1.00,1.00
2017.12.20 22:22:28.916,0.86869,0.86897,1.00,1.50
2017.12.20 22:22:29.019,0.86872,0.86901,1.00,1.00
2017.12.20 22:22:29.071,0.86874,0.86904,1.00,1.50
2017.12.20 22:22:29.123,0.86874,0.869,1.00,1.00
2017.12.20 22:22:29.276,0.86873,0.86904,1.00,2.25
2017.12.20 22:22:29.732,0.86869,0.86897,1.00,1.00
2017.12.20 22:22:30.430,0.8687,0.86898,1.00,1.00
2017.12.20 22:22:30.985,0.86869,0.86897,1.00,1.00
2017.12.20 22:22:31.527,0.86868,0.86897,1.00,1.00
2017.12.20 22:22:32.281,0.86868,0.86896,1.00,1.00
2017.12.20 22:22:32.937,0.86868,0.86897,1.00,1.00
2017.12.20 22:22:33.041,0.86863,0.86896,1.00,1.00
2017.12.20 22:22:33.158,0.86865,0.86897,1.00,1.50
2017.12.20 22:22:33.415,0.86869,0.86902,1.00,1.00
2017.12.20 22:22:33.518,0.86874,0.86905,1.00,1.00
2017.12.20 22:22:33.569,0.86872,0.86905,1.00,1.00
2017.12.20 22:22:33.620,0.86871,0.86907,1.00,1.50
2017.12.20 22:22:33.722,0.86871,0.86905,1.00,1.00
2017.12.20 22:22:34.182,0.8687,0.86902,1.00,1.00
2017.12.20 22:22:34.488,0.86863,0.86893,1.00,1.00
2017.12.20 22:22:34.904,0.86863,0.86891,1.00,1.00
2017.12.20 22:22:35.417,0.86862,0.86891,1.00,1.00
2017.12.20 22:22:36.099,0.86863,0.86891,1.00,1.00
2017.12.20 22:22:36.893,0.86861,0.86891,1.00,1.00
2017.12.20 22:22:37.065,0.8685,0.86889,1.00,1.00
2017.12.20 22:22:37.118,0.86858,0.86892,1.00,2.25
2017.12.20 22:22:37.221,0.8686,0.86895,1.00,1.50
2017.12.20 22:22:37.396,0.86859,0.86891,1.00,1.00
2017.12.20 22:22:37.511,0.86856,0.86889,1.00,1.00
2017.12.20 22:22:37.715,0.86855,0.86879,1.00,1.00
2017.12.20 22:22:37.766,0.86852,0.86879,1.00,1.00
2017.12.20 22:22:37.818,0.86849,0.8687,1.00,1.00
2017.12.20 22:22:37.920,0.86853,0.86878,1.00,1.00
2017.12.20 22:22:37.971,0.86854,0.8688,1.00,1.00
2017.12.20 22:22:38.022,0.86851,0.8688,1.00,1.00
2017.12.20 22:22:38.073,0.86851,0.8687,1.00,1.00
2017.12.20 22:22:38.125,0.86853,0.86883,1.00,1.00
2017.12.20 22:22:38.264,0.8686,0.86888,1.00,1.00
2017.12.20 22:22:38.367,0.86855,0.86884,1.00,1.00
2017.12.20 22:22:38.470,0.86854,0.86891,1.00,1.37
2017.12.20 22:22:38.521,0.86853,0.86878,1.00,1.00
2017.12.20 22:22:38.806,0.86859,0.86889,1.00,1.00
2017.12.20 22:22:39.283,0.8686,0.86895,1.00,1.50
2017.12.20 22:22:39.335,0.86858,0.86892,1.00,1.00
2017.12.20 22:22:39.387,0.86856,0.86892,1.00,1.00
2017.12.20 22:22:39.933,0.86856,0.86891,1.00,1.00
2017.12.20 22:22:40.478,0.86856,0.8689,1.00,1.00
2017.12.20 22:22:42.705,0.86856,0.86888,1.00,1.50
2017.12.20 22:22:43.217,0.86854,0.86887,1.00,1.00
2017.12.20 22:22:44.954,0.86856,0.86889,1.00,1.00
2017.12.20 22:22:47.060,0.86858,0.8689,1.00,1.00
2017.12.20 22:22:47.213,0.86858,0.86892,1.00,1.50
2017.12.20 22:22:47.315,0.86856,0.8689,1.00,1.00
2017.12.20 22:22:47.769,0.86856,0.86888,1.00,1.00
2017.12.20 22:22:49.020,0.86855,0.86888,1.00,1.00
2017.12.20 22:22:49.337,0.86859,0.86891,1.00,1.12
2017.12.20 22:22:49.509,0.86857,0.86891,1.00,1.00
2017.12.20 22:22:49.915,0.86852,0.86887,1.00,1.50
2017.12.20 22:22:49.967,0.8685,0.86887,1.00,1.50
2017.12.20 22:22:50.018,0.86854,0.86887,1.00,1.00
2017.12.20 22:22:50.355,0.86859,0.86887,1.00,1.00
2017.12.20 22:22:50.406,0.86848,0.86879,1.00,1.00
2017.12.20 22:22:50.457,0.86853,0.86877,1.00,1.00
2017.12.20 22:22:50.560,0.86854,0.86883,1.00,3.00
2017.12.20 22:22:50.611,0.86848,0.86877,1.00,1.00
2017.12.20 22:22:50.663,0.86855,0.86888,1.00,1.00
2017.12.20 22:22:50.715,0.86853,0.8688,1.00,1.00
2017.12.20 22:22:50.817,0.86853,0.86886,1.00,1.00
2017.12.20 22:22:50.868,0.86854,0.86892,1.00,1.00
2017.12.20 22:22:50.970,0.86858,0.86892,1.00,1.50
2017.12.20 22:22:51.021,0.86856,0.86892,1.00,1.00
2017.12.20 22:22:51.124,0.86855,0.8689,1.00,1.00
2017.12.20 22:22:51.429,0.86855,0.86886,1.00,1.00
2017.12.20 22:22:52.124,0.86854,0.86888,1.00,1.50
2017.12.20 22:22:53.323,0.86855,0.8689,1.00,1.00
2017.12.20 22:22:54.510,0.86863,0.86895,1.00,1.87
2017.12.20 22:22:54.582,0.86863,0.86895,1.00,1.50
2017.12.20 22:22:54.633,0.86865,0.86895,1.00,1.00
2017.12.20 22:22:54.684,0.86865,0.869,1.00,1.37
2017.12.20 22:22:54.786,0.86864,0.86901,1.00,1.00
2017.12.20 22:22:54.838,0.86861,0.86892,1.00,1.00
2017.12.20 22:22:54.889,0.86858,0.86892,1.00,1.00
2017.12.20 22:22:54.940,0.86858,0.86889,1.00,1.00
2017.12.20 22:22:54.991,0.86854,0.86889,1.50,1.00
2017.12.20 22:22:55.042,0.86858,0.86886,1.00,1.00
2017.12.20 22:22:55.246,0.86857,0.86891,1.00,1.00
2017.12.20 22:22:55.690,0.86858,0.86893,1.00,1.00
2017.12.20 22:22:59.228,0.86856,0.86885,1.00,1.00
2017.12.20 22:22:59.280,0.86852,0.86887,1.00,1.00
2017.12.20 22:22:59.332,0.86852,0.8688,1.00,1.00
2017.12.20 22:23:00.023,0.86853,0.86883,1.00,1.37
2017.12.20 22:23:01.001,0.86855,0.86883,1.00,1.37
2017.12.20 22:23:01.156,0.86858,0.86889,1.00,1.00
2017.12.20 22:23:01.260,0.86861,0.86897,1.00,1.12
2017.12.20 22:23:01.822,0.86861,0.86896,1.00,1.00
2017.12.20 22:23:01.876,0.86863,0.86896,1.00,1.00
2017.12.20 22:23:02.131,0.86863,0.869,1.00,1.00
2017.12.20 22:23:02.651,0.86864,0.869,1.00,1.00
2017.12.20 22:23:02.982,0.86863,0.86898,1.00,1.00
2017.12.20 22:23:03.801,0.86864,0.86899,1.00,1.00
2017.12.20 22:23:03.853,0.86864,0.86901,1.00,1.00
2017.12.20 22:23:04.371,0.86863,0.869,1.00,1.50
2017.12.20 22:23:04.919,0.86863,0.86899,1.00,1.00
2017.12.20 22:23:06.450,0.86863,0.869,1.00,1.50
2017.12.20 22:23:07.350,0.86863,0.86897,1.00,1.00
2017.12.20 22:23:07.401,0.86857,0.86894,1.00,1.50
2017.12.20 22:23:07.452,0.86857,0.86887,1.00,1.00
2017.12.20 22:23:07.992,0.86856,0.86887,1.00,1.00
2017.12.20 22:23:08.508,0.86856,0.86888,1.00,1.00
2017.12.20 22:23:09.859,0.86856,0.86889,1.00,1.00
2017.12.20 22:23:10.435,0.86857,0.8689,1.00,1.00
2017.12.20 22:23:10.981,0.86851,0.86881,1.00,1.00
2017.12.20 22:23:11.607,0.8685,0.86881,1.00,1.00
2017.12.20 22:23:12.548,0.8685,0.86878,1.00,1.00
2017.12.20 22:23:12.600,0.8685,0.8688,1.00,1.00
2017.12.20 22:23:13.280,0.86851,0.86881,1.00,1.00
2017.12.20 22:23:15.519,0.86852,0.86883,1.00,1.00
2017.12.20 22:23:15.570,0.86852,0.86885,1.00,1.50
2017.12.20 22:23:16.357,0.86852,0.86884,1.00,1.00
2017.12.20 22:23:16.861,0.86853,0.86884,1.00,1.00
2017.12.20 22:23:17.931,0.86852,0.86884,1.00,1.00
2017.12.20 22:23:18.943,0.86853,0.86885,1.00,1.00
2017.12.20 22:23:19.463,0.86855,0.8689,1.00,1.00
2017.12.20 22:23:19.671,0.86856,0.86886,1.00,1.00
2017.12.20 22:23:19.722,0.86854,0.86886,1.00,1.00
2017.12.20 22:23:25.091,0.86853,0.86886,1.00,1.50
2017.12.20 22:23:26.979,0.86853,0.86883,1.00,1.00
2017.12.20 22:23:27.639,0.86853,0.86878,1.00,1.00
2017.12.20 22:23:27.945,0.86866,0.86889,1.00,1.00
2017.12.20 22:23:28.047,0.86859,0.86886,1.00,1.00
2017.12.20 22:23:28.870,0.86859,0.86893,1.00,2.25
2017.12.20 22:23:29.724,0.86859,0.86895,1.00,1.00
2017.12.20 22:23:30.720,0.86859,0.86893,1.00,1.00
2017.12.20 22:23:31.783,0.86859,0.86892,1.00,1.00
2017.12.20 22:23:32.286,0.86858,0.86892,1.00,1.00
2017.12.20 22:23:32.900,0.8686,0.86891,1.00,1.00
2017.12.20 22:23:34.699,0.86862,0.86891,1.00,1.00
2017.12.20 22:23:34.751,0.86859,0.86891,1.00,1.00
2017.12.20 22:23:35.473,0.86859,0.86892,1.00,1.00
2017.12.20 22:23:36.249,0.86859,0.86893,1.00,1.50
2017.12.20 22:23:37.918,0.86857,0.86893,1.00,1.50
2017.12.20 22:23:39.893,0.86856,0.86892,1.00,1.00
2017.12.20 22:23:41.126,0.86856,0.86891,1.00,1.00
2017.12.20 22:23:41.712,0.86856,0.8689,1.00,1.00
2017.12.20 22:23:43.778,0.86856,0.86891,1.00,1.00
2017.12.20 22:23:45.002,0.86857,0.86892,1.00,1.00
2017.12.20 22:23:45.729,0.86855,0.86874,1.00,1.00
2017.12.20 22:23:45.780,0.86844,0.86869,1.00,1.00
2017.12.20 22:23:45.832,0.86845,0.86872,1.00,1.00
2017.12.20 22:23:45.883,0.86848,0.86875,1.00,1.00
2017.12.20 22:23:46.037,0.8686,0.869,1.00,1.37
2017.12.20 22:23:46.089,0.8686,0.869,1.00,1.00
2017.12.20 22:23:47.541,0.86852,0.86895,1.00,1.00
2017.12.20 22:23:48.572,0.86851,0.86892,1.00,1.00
2017.12.20 22:23:50.752,0.8685,0.86892,1.00,1.00
2017.12.20 22:23:57.096,0.86849,0.86892,1.00,1.00
2017.12.20 22:23:58.658,0.86849,0.86887,1.00,1.00
2017.12.20 22:24:00.778,0.86849,0.8689,1.00,1.00
2017.12.20 22:24:00.829,0.86852,0.86892,1.00,1.37
2017.12.20 22:24:01.177,0.86855,0.86894,1.00,1.00
2017.12.20 22:24:01.679,0.86857,0.86897,1.00,1.00
2017.12.20 22:24:01.833,0.86855,0.86897,1.00,1.00
2017.12.20 22:24:02.707,0.86857,0.86897,1.00,1.00
2017.12.20 22:24:04.314,0.86857,0.86896,1.00,1.00
2017.12.20 22:24:09.205,0.86857,0.86895,1.00,1.00
2017.12.20 22:24:09.257,0.86859,0.86898,1.00,1.00
2017.12.20 22:24:11.529,0.86859,0.86897,1.00,1.00
2017.12.20 22:24:12.598,0.86859,0.86898,1.00,1.00
2017.12.20 22:24:19.867,0.86856,0.86898,1.00,1.00
2017.12.20 22:24:23.397,0.86859,0.86903,1.00,1.00
2017.12.20 22:24:23.448,0.86859,0.86899,1.00,1.00
2017.12.20 22:24:25.195,0.86858,0.86899,1.00,1.00
2017.12.20 22:24:26.032,0.86857,0.86899,1.00,1.00
2017.12.20 22:24:27.133,0.86854,0.86898,1.00,1.00
2017.12.20 22:24:30.439,0.86857,0.86898,1.00,1.00
2017.12.20 22:24:30.490,0.86858,0.86901,1.00,1.00
2017.12.20 22:24:30.542,0.86858,0.8689,1.50,1.00
2017.12.20 22:24:31.264,0.86856,0.86889,1.00,1.00
2017.12.20 22:24:31.317,0.86852,0.86887,1.50,1.00
2017.12.20 22:24:32.297,0.86853,0.86887,1.00,1.00
2017.12.20 22:24:32.950,0.86856,0.86887,1.00,1.00
2017.12.20 22:24:39.055,0.8686,0.86887,1.00,1.00
2017.12.20 22:24:40.470,0.86858,0.86881,1.00,1.00
2017.12.20 22:24:40.521,0.86856,0.86881,1.00,1.00
2017.12.20 22:24:40.573,0.86856,0.86878,1.00,1.00
2017.12.20 22:24:40.776,0.86856,0.86881,1.00,1.00
2017.12.20 22:24:42.206,0.86855,0.86881,1.00,1.00
2017.12.20 22:24:43.375,0.86855,0.86885,1.00,1.00
2017.12.20 22:24:43.528,0.86857,0.86885,1.00,1.00
2017.12.20 22:24:44.461,0.86858,0.86886,1.00,1.00
2017.12.20 22:24:46.717,0.86857,0.86885,1.00,1.00
2017.12.20 22:24:47.773,0.86858,0.86885,1.00,1.00
2017.12.20 22:24:49.274,0.86857,0.86885,1.00,1.00
2017.12.20 22:24:50.133,0.86859,0.86885,1.00,1.00
2017.12.20 22:24:50.234,0.86858,0.86887,1.00,1.00
2017.12.20 22:24:54.261,0.86858,0.86886,1.00,1.00
2017.12.20 22:24:54.312,0.86851,0.86886,1.00,1.00
2017.12.20 22:24:55.023,0.86852,0.86886,1.00,1.00
2017.12.20 22:24:56.149,0.86852,0.86887,1.00,1.00
2017.12.20 22:24:56.688,0.86851,0.86887,1.00,1.00
2017.12.20 22:24:57.284,0.86851,0.86886,1.00,1.00
2017.12.20 22:25:01.282,0.8685,0.86886,1.50,1.00
2017.12.20 22:25:03.225,0.86852,0.86887,1.00,1.00
2017.12.20 22:25:03.847,0.86854,0.86889,1.00,1.00
2017.12.20 22:25:04.356,0.86854,0.8689,1.00,1.00
2017.12.20 22:25:06.601,0.86855,0.8689,1.00,1.00
2017.12.20 22:25:09.808,0.86855,0.86889,1.00,1.00
2017.12.20 22:25:10.329,0.86856,0.8689,1.00,1.00
2017.12.20 22:25:10.826,0.86867,0.8689,1.00,1.00
2017.12.20 22:25:10.877,0.86867,0.86895,1.00,1.00
2017.12.20 22:25:10.930,0.86867,0.86897,1.00,1.00
2017.12.20 22:25:11.133,0.86873,0.86897,1.00,1.00
2017.12.20 22:25:11.259,0.86871,0.86899,1.00,1.00
2017.12.20 22:25:12.448,0.86871,0.86898,1.00,1.00
2017.12.20 22:25:15.363,0.8687,0.86898,1.00,1.00
2017.12.20 22:25:15.414,0.8687,0.86895,1.00,1.00
2017.12.20 22:25:15.544,0.86864,0.86895,1.00,1.00
2017.12.20 22:25:15.646,0.86864,0.86893,1.00,1.00
2017.12.20 22:25:15.825,0.86859,0.86893,1.00,1.00
2017.12.20 22:25:16.079,0.8686,0.86896,1.00,1.00
2017.12.20 22:25:20.048,0.86861,0.86896,1.00,1.00
2017.12.20 22:25:20.305,0.86861,0.86894,1.00,1.00
2017.12.20 22:25:20.356,0.86858,0.86894,1.50,1.00
2017.12.20 22:25:21.010,0.86857,0.86893,1.00,1.00
2017.12.20 22:25:21.540,0.86857,0.86891,1.00,1.00
2017.12.20 22:25:22.888,0.86857,0.86892,1.00,1.00
2017.12.20 22:25:24.471,0.86857,0.86891,1.00,1.00
2017.12.20 22:25:25.933,0.86856,0.86891,1.00,1.00
2017.12.20 22:25:26.440,0.86855,0.86891,1.00,1.00
2017.12.20 22:25:27.495,0.8686,0.86891,1.00,1.00
2017.12.20 22:25:31.804,0.8686,0.8689,1.00,1.00
2017.12.20 22:25:32.777,0.8686,0.86889,1.00,1.00
2017.12.20 22:25:34.868,0.8686,0.8689,1.00,1.00
2017.12.20 22:25:35.694,0.86856,0.8689,1.00,1.00
2017.12.20 22:25:38.850,0.86856,0.86891,1.00,1.00
2017.12.20 22:25:39.495,0.8686,0.86891,1.00,1.00
2017.12.20 22:25:41.304,0.8686,0.8689,1.00,1.00
2017.12.20 22:25:41.446,0.86857,0.8689,1.00,1.00
2017.12.20 22:25:45.025,0.86857,0.86892,1.00,1.00
2017.12.20 22:25:47.179,0.8686,0.86892,1.00,1.00
2017.12.20 22:25:48.968,0.8686,0.86891,1.00,1.00
2017.12.20 22:25:50.573,0.8686,0.8689,1.00,1.00
2017.12.20 22:25:50.914,0.8686,0.86885,1.00,1.00
2017.12.20 22:25:51.415,0.86855,0.86886,1.00,1.00
2017.12.20 22:25:51.466,0.86857,0.86889,1.00,1.00
2017.12.20 22:25:52.090,0.86858,0.8689,1.00,1.00
2017.12.20 22:25:53.244,0.86857,0.8689,1.00,1.00
2017.12.20 22:25:54.617,0.86862,0.8689,1.00,1.00
2017.12.20 22:25:55.871,0.86863,0.8689,1.00,1.00
2017.12.20 22:25:56.848,0.86864,0.8689,1.00,1.00
2017.12.20 22:25:57.022,0.86857,0.8689,1.00,1.00
2017.12.20 22:26:00.174,0.86857,0.86889,1.00,1.00
2017.12.20 22:26:01.150,0.86857,0.8689,1.00,1.00
2017.12.20 22:26:03.571,0.86858,0.8689,1.00,1.00
2017.12.20 22:26:05.913,0.86857,0.8689,1.00,1.00
2017.12.20 22:26:05.964,0.86856,0.86888,1.00,1.00
2017.12.20 22:26:06.816,0.86855,0.86888,1.00,1.00
2017.12.20 22:26:09.298,0.86855,0.86887,1.00,1.00
2017.12.20 22:26:09.636,0.86863,0.86887,1.00,1.00
2017.12.20 22:26:11.488,0.86862,0.86887,1.00,1.00
2017.12.20 22:26:14.194,0.86862,0.86888,1.00,1.00
2017.12.20 22:26:14.805,0.86863,0.86888,1.00,1.00
2017.12.20 22:26:15.436,0.86863,0.86889,1.00,1.00
2017.12.20 22:26:17.393,0.86856,0.86889,1.00,1.00
2017.12.20 22:26:17.868,0.86858,0.86894,1.00,1.50
2017.12.20 22:26:18.386,0.86859,0.86894,1.00,1.00
2017.12.20 22:26:20.066,0.86859,0.86893,1.00,1.00
2017.12.20 22:26:20.269,0.86864,0.86892,1.00,1.00
2017.12.20 22:26:21.204,0.86863,0.86892,1.00,1.00
2017.12.20 22:26:27.170,0.86863,0.8689,1.00,1.00
2017.12.20 22:26:27.629,0.86863,0.86894,1.00,1.00
2017.12.20 22:26:28.153,0.86864,0.86894,1.00,1.00
2017.12.20 22:26:30.708,0.86864,0.86895,1.00,1.00
2017.12.20 22:26:32.408,0.86864,0.86894,1.00,1.00
2017.12.20 22:26:34.166,0.86864,0.86893,1.00,1.00
2017.12.20 22:26:34.923,0.86863,0.86893,1.50,1.00
2017.12.20 22:26:36.043,0.86867,0.86893,1.00,1.00
2017.12.20 22:26:36.094,0.86867,0.86899,1.00,1.00
2017.12.20 22:26:36.145,0.86872,0.86899,1.00,1.00
2017.12.20 22:26:36.248,0.86869,0.86899,1.00,1.00
2017.12.20 22:26:36.350,0.86864,0.86899,1.50,1.00
2017.12.20 22:26:36.401,0.86864,0.86893,1.00,1.00
2017.12.20 22:26:36.452,0.86861,0.86893,1.00,1.00
2017.12.20 22:26:37.101,0.8686,0.86893,1.00,1.00
2017.12.20 22:26:39.086,0.8686,0.86896,1.00,1.00
2017.12.20 22:26:39.262,0.8686,0.86894,1.00,1.00
2017.12.20 22:26:40.856,0.8686,0.86891,1.00,1.00
2017.12.20 22:26:40.907,0.86857,0.86891,1.00,1.00
2017.12.20 22:26:41.790,0.86858,0.86891,1.00,1.00
2017.12.20 22:26:42.348,0.86858,0.86892,1.00,1.00
2017.12.20 22:26:42.595,0.86859,0.86894,1.00,1.00
2017.12.20 22:26:47.763,0.86859,0.86892,1.00,1.00
2017.12.20 22:26:48.549,0.86858,0.86892,1.00,1.00
2017.12.20 22:26:50.950,0.86857,0.86892,1.00,1.00
2017.12.20 22:26:51.753,0.86856,0.86892,2.25,1.00
2017.12.20 22:26:52.258,0.86856,0.86891,1.50,1.00
2017.12.20 22:26:52.309,0.86856,0.86894,1.50,1.00
2017.12.20 22:26:54.284,0.8686,0.86891,1.00,1.00
2017.12.20 22:26:54.630,0.86852,0.86885,1.00,1.00
2017.12.20 22:26:55.317,0.86851,0.86887,1.50,1.00
2017.12.20 22:26:57.330,0.8685,0.86887,1.00,1.50
2017.12.20 22:26:57.381,0.8685,0.86885,1.00,1.00
2017.12.20 22:26:57.909,0.8685,0.86883,1.00,1.00
2017.12.20 22:26:59.205,0.8685,0.86885,1.00,1.00
2017.12.20 22:27:00.002,0.86852,0.86885,1.00,1.00
2017.12.20 22:27:00.104,0.86852,0.86887,1.00,1.00
2017.12.20 22:27:00.701,0.86853,0.86887,1.00,1.50
2017.12.20 22:27:01.208,0.86852,0.86887,1.50,1.00
2017.12.20 22:27:01.800,0.86852,0.86885,1.00,1.00
2017.12.20 22:27:02.954,0.86852,0.86884,1.00,1.00
2017.12.20 22:27:03.808,0.86852,0.86882,1.00,1.00
2017.12.20 22:27:04.456,0.86852,0.86883,1.00,1.00
2017.12.20 22:27:05.439,0.86852,0.86884,1.00,1.00
2017.12.20 22:27:05.957,0.86852,0.86882,1.00,1.00
2017.12.20 22:27:07.408,0.86852,0.86881,1.00,1.00
2017.12.20 22:27:07.509,0.86853,0.86884,1.00,1.00
2017.12.20 22:27:08.744,0.86853,0.86883,1.00,1.00
2017.12.20 22:27:10.093,0.86852,0.86883,1.50,1.00
2017.12.20 22:27:10.919,0.8685,0.86875,1.00,1.00
2017.12.20 22:27:10.971,0.86841,0.86868,1.00,1.00
2017.12.20 22:27:11.023,0.86841,0.8687,1.00,1.00
2017.12.20 22:27:11.074,0.86843,0.8687,1.00,1.00
2017.12.20 22:27:11.176,0.86843,0.86873,1.00,1.00
2017.12.20 22:27:11.227,0.86844,0.86876,1.00,1.00
2017.12.20 22:27:12.035,0.86844,0.86875,1.00,1.00
2017.12.20 22:27:12.266,0.86845,0.86877,1.00,1.50
2017.12.20 22:27:12.770,0.86845,0.86876,1.00,1.50
2017.12.20 22:27:12.873,0.86846,0.86878,1.00,1.50
2017.12.20 22:27:13.386,0.86848,0.86877,1.00,1.00
2017.12.20 22:27:13.822,0.86849,0.86881,1.00,1.00
2017.12.20 22:27:13.873,0.86854,0.86877,1.00,1.00
2017.12.20 22:27:13.925,0.86856,0.86888,1.00,1.00
2017.12.20 22:27:13.976,0.86856,0.8689,1.00,1.00
2017.12.20 22:27:14.311,0.86858,0.86895,1.00,2.25
2017.12.20 22:27:14.363,0.86858,0.86897,1.00,1.50
2017.12.20 22:27:14.515,0.86856,0.86895,1.00,1.00
2017.12.20 22:27:14.668,0.86857,0.86897,1.00,1.00
2017.12.20 22:27:14.904,0.86856,0.86895,1.50,1.00
2017.12.20 22:27:15.056,0.86857,0.86897,1.00,1.00
2017.12.20 22:27:15.108,0.86857,0.86895,1.00,1.00
2017.12.20 22:27:15.765,0.86857,0.86894,1.00,1.00
2017.12.20 22:27:17.486,0.86856,0.86886,1.00,1.00
2017.12.20 22:27:17.588,0.86852,0.86886,1.00,1.50
2017.12.20 22:27:18.193,0.86852,0.86885,1.00,1.00
2017.12.20 22:27:19.528,0.86848,0.8688,1.50,1.00
2017.12.20 22:27:19.833,0.86851,0.86881,1.00,1.00
2017.12.20 22:27:20.195,0.86851,0.86884,1.00,1.50
2017.12.20 22:27:21.636,0.86852,0.86884,1.00,1.00
2017.12.20 22:27:23.219,0.86852,0.86885,1.00,1.00
2017.12.20 22:27:24.686,0.86852,0.86883,1.00,1.00
2017.12.20 22:27:26.241,0.86851,0.86883,1.00,1.00
2017.12.20 22:27:26.292,0.86851,0.86887,1.00,1.00
2017.12.20 22:27:27.045,0.86852,0.86887,1.00,1.50
2017.12.20 22:27:27.096,0.86852,0.86885,1.00,1.00
2017.12.20 22:27:27.198,0.8685,0.86885,1.00,1.00
2017.12.20 22:27:27.301,0.86853,0.86885,1.00,1.00
2017.12.20 22:27:27.826,0.86854,0.86884,1.00,1.00
2017.12.20 22:27:28.639,0.86855,0.86884,1.00,1.00
2017.12.20 22:27:29.194,0.86854,0.86884,1.00,1.00
2017.12.20 22:27:29.990,0.86855,0.86884,1.00,1.00
2017.12.20 22:27:30.639,0.86854,0.86883,1.00,1.00
2017.12.20 22:27:31.141,0.86853,0.86881,1.00,1.00
2017.12.20 22:27:31.289,0.86854,0.86883,1.50,1.00
2017.12.20 22:27:31.803,0.86855,0.86884,1.00,1.00
2017.12.20 22:27:32.041,0.86854,0.86882,1.50,1.00
2017.12.20 22:27:32.194,0.86855,0.86884,1.00,1.00
2017.12.20 22:27:32.429,0.86854,0.86882,1.00,1.00
2017.12.20 22:27:32.590,0.86855,0.86884,1.00,1.00
2017.12.20 22:27:32.848,0.86853,0.86882,1.00,1.00
2017.12.20 22:27:33.374,0.86854,0.86882,1.00,1.00
2017.12.20 22:27:33.890,0.86855,0.86883,1.00,1.00
2017.12.20 22:27:34.403,0.86855,0.86882,1.00,1.00
2017.12.20 22:27:35.001,0.86854,0.86882,1.00,1.00
2017.12.20 22:27:35.646,0.86855,0.86883,1.00,1.00
2017.12.20 22:27:36.280,0.86854,0.86882,1.00,1.00
2017.12.20 22:27:36.838,0.86853,0.86882,1.00,1.00
2017.12.20 22:27:37.183,0.86851,0.8688,1.50,1.00
2017.12.20 22:27:37.745,0.86851,0.86881,1.00,1.00
2017.12.20 22:27:38.340,0.86851,0.8688,1.00,1.00
2017.12.20 22:27:39.003,0.86851,0.86881,1.00,1.00
2017.12.20 22:27:39.343,0.86851,0.86879,1.00,1.00
2017.12.20 22:27:39.394,0.86851,0.86881,1.00,1.00
2017.12.20 22:27:39.984,0.86851,0.86882,1.00,1.00
2017.12.20 22:27:40.035,0.86851,0.8688,1.00,1.00
2017.12.20 22:27:40.253,0.86851,0.86882,1.00,1.00
2017.12.20 22:27:40.539,0.86851,0.8688,1.00,1.00
2017.12.20 22:27:40.754,0.86851,0.86882,1.00,1.00
2017.12.20 22:27:41.034,0.86851,0.8688,1.00,1.00
2017.12.20 22:27:41.189,0.86851,0.86882,1.00,1.00
2017.12.20 22:27:41.442,0.86851,0.8688,1.00,1.00
2017.12.20 22:27:41.653,0.86851,0.86882,1.00,1.00
2017.12.20 22:27:41.938,0.86851,0.8688,1.00,1.00
2017.12.20 22:27:42.472,0.86852,0.8688,1.00,1.00
2017.12.20 22:27:43.191,0.86852,0.86881,1.00,1.00
2017.12.20 22:27:43.641,0.86852,0.86879,1.00,1.00
2017.12.20 22:27:43.854,0.86852,0.86882,1.00,1.00
2017.12.20 22:27:44.540,0.86852,0.86881,1.00,1.00
2017.12.20 22:27:45.102,0.86852,0.8688,1.00,1.00
2017.12.20 22:27:45.204,0.86852,0.86882,1.00,1.00
2017.12.20 22:27:45.456,0.86852,0.8688,1.00,1.00
2017.12.20 22:27:45.689,0.86852,0.86882,1.00,1.00
2017.12.20 22:27:45.952,0.86852,0.8688,1.00,1.00
2017.12.20 22:27:46.842,0.86852,0.86881,1.00,1.00
2017.12.20 22:27:47.323,0.86855,0.86887,1.50,1.00
2017.12.20 22:27:47.432,0.86859,0.8689,1.00,1.00
2017.12.20 22:27:47.484,0.86875,0.86908,1.00,1.00
2017.12.20 22:27:47.535,0.86874,0.86905,1.00,1.00
2017.12.20 22:27:47.638,0.86862,0.869,1.00,1.50
2017.12.20 22:27:47.843,0.8686,0.86898,2.25,1.00
2017.12.20 22:27:48.261,0.86866,0.86901,1.00,1.00
2017.12.20 22:27:48.566,0.86862,0.869,1.00,1.00
2017.12.20 22:27:49.116,0.86864,0.869,1.00,1.00
2017.12.20 22:27:49.637,0.86868,0.869,1.00,1.00
2017.12.20 22:27:50.098,0.86868,0.86902,1.00,1.00
2017.12.20 22:27:50.636,0.86868,0.869,1.00,1.00
2017.12.20 22:27:51.121,0.86865,0.869,1.50,1.00
2017.12.20 22:27:52.151,0.86865,0.86902,1.50,1.00
2017.12.20 22:27:52.976,0.86859,0.86886,1.00,1.00
2017.12.20 22:27:53.180,0.86852,0.86884,1.00,1.00
2017.12.20 22:27:56.124,0.86852,0.86885,1.00,1.00
2017.12.20 22:27:56.540,0.86855,0.86891,1.00,1.50
2017.12.20 22:27:56.643,0.86856,0.86893,1.00,1.00
2017.12.20 22:27:56.897,0.86861,0.86895,1.00,1.00
2017.12.20 22:27:57.100,0.86858,0.86893,1.00,1.00
2017.12.20 22:27:58.367,0.86858,0.86892,1.00,1.00
2017.12.20 22:28:00.048,0.86852,0.86887,1.50,1.00
2017.12.20 22:28:00.099,0.86852,0.86885,1.00,1.00
2017.12.20 22:28:00.632,0.86852,0.86884,1.00,1.00
2017.12.20 22:28:01.251,0.86852,0.86883,1.00,1.00
2017.12.20 22:28:01.759,0.86852,0.86884,1.00,1.00
2017.12.20 22:28:03.190,0.86852,0.86885,1.00,1.00
2017.12.20 22:28:03.795,0.86852,0.86884,1.00,1.00
2017.12.20 22:28:04.991,0.86852,0.86885,1.00,1.00
2017.12.20 22:28:05.291,0.86852,0.86888,1.00,1.00
2017.12.20 22:28:09.156,0.86852,0.86887,1.00,1.00
2017.12.20 22:28:09.258,0.86852,0.86884,1.00,1.00
2017.12.20 22:28:09.360,0.86853,0.86888,1.00,1.00
2017.12.20 22:28:09.994,0.86855,0.86889,1.00,1.00
2017.12.20 22:28:10.954,0.86855,0.86888,1.00,1.00
2017.12.20 22:28:11.005,0.86853,0.86888,1.00,1.00
2017.12.20 22:28:12.044,0.86854,0.86888,1.00,1.00
2017.12.20 22:28:12.554,0.86853,0.86888,1.00,1.00
2017.12.20 22:28:14.154,0.86853,0.86887,1.00,1.00
2017.12.20 22:28:14.896,0.86852,0.86887,1.50,1.00
2017.12.20 22:28:15.653,0.86853,0.86888,1.00,1.00
2017.12.20 22:28:16.392,0.86852,0.86888,1.50,1.00
2017.12.20 22:28:17.147,0.86857,0.86893,1.00,2.25
2017.12.20 22:28:17.199,0.86859,0.86896,1.50,1.00
2017.12.20 22:28:17.402,0.86861,0.86897,1.00,1.00
2017.12.20 22:28:17.453,0.86862,0.869,1.00,1.50
2017.12.20 22:28:17.555,0.86863,0.86902,1.50,1.50
2017.12.20 22:28:18.260,0.86863,0.869,1.00,1.00
2017.12.20 22:28:19.317,0.86862,0.869,1.50,1.00
2017.12.20 22:28:19.645,0.86859,0.86892,1.50,1.00
2017.12.20 22:28:20.081,0.86861,0.86892,1.00,1.00
2017.12.20 22:28:20.132,0.8686,0.86895,1.00,1.00
2017.12.20 22:28:20.184,0.86862,0.86898,1.00,1.00
2017.12.20 22:28:21.481,0.86863,0.86898,1.00,1.00
2017.12.20 22:28:22.632,0.86862,0.86898,1.00,1.00
2017.12.20 22:28:22.734,0.86862,0.869,1.00,1.00
2017.12.20 22:28:24.480,0.8687,0.86895,1.00,1.00
2017.12.20 22:28:25.120,0.86867,0.86895,1.00,1.00
2017.12.20 22:28:25.344,0.86867,0.86901,1.00,1.00
2017.12.20 22:28:25.395,0.86867,0.86903,1.00,1.00
2017.12.20 22:28:25.903,0.86867,0.86904,1.00,1.00
2017.12.20 22:28:26.183,0.86867,0.86901,1.00,1.00
2017.12.20 22:28:26.689,0.86867,0.86904,1.00,1.00
2017.12.20 22:28:27.141,0.86867,0.86901,1.00,1.00
2017.12.20 22:28:27.640,0.86867,0.86904,1.00,1.00
2017.12.20 22:28:27.845,0.86867,0.86894,1.00,1.00
2017.12.20 22:28:28.325,0.86867,0.86897,1.00,1.00
2017.12.20 22:28:29.192,0.86867,0.86898,1.00,1.00
2017.12.20 22:28:29.397,0.86864,0.86898,1.00,1.00
2017.12.20 22:28:30.077,0.86864,0.86896,1.00,1.00
2017.12.20 22:28:30.179,0.86864,0.86901,1.00,1.00
2017.12.20 22:28:30.878,0.86864,0.86903,1.00,1.00
2017.12.20 22:28:31.319,0.86861,0.86892,1.00,1.00
2017.12.20 22:28:31.371,0.86861,0.86899,1.00,1.50
2017.12.20 22:28:31.474,0.86861,0.86902,1.00,1.00
2017.12.20 22:28:31.525,0.86861,0.86898,1.50,1.00
2017.12.20 22:28:31.969,0.86864,0.86898,1.00,1.00
2017.12.20 22:28:32.072,0.86864,0.86903,1.00,1.00
2017.12.20 22:28:34.518,0.86864,0.86902,1.50,1.00
2017.12.20 22:28:35.033,0.86864,0.86903,1.50,1.00
2017.12.20 22:28:36.839,0.86864,0.86902,1.00,1.00
2017.12.20 22:28:37.048,0.86864,0.86899,1.00,1.00
2017.12.20 22:28:37.303,0.86861,0.86899,1.00,1.00
2017.12.20 22:28:37.495,0.86861,0.86903,1.00,1.00
2017.12.20 22:28:41.102,0.86859,0.86902,1.00,1.00
2017.12.20 22:28:41.667,0.86859,0.86901,1.00,1.50
2017.12.20 22:28:42.967,0.86855,0.86899,1.50,1.00
2017.12.20 22:28:43.019,0.86855,0.86891,1.00,1.00
2017.12.20 22:28:43.522,0.86855,0.8689,1.00,1.00
2017.12.20 22:28:45.195,0.86855,0.86889,1.00,1.00
2017.12.20 22:28:55.119,0.86859,0.86889,1.00,1.00
2017.12.20 22:28:57.168,0.86859,0.86891,1.00,1.00
2017.12.20 22:28:57.219,0.86859,0.86894,1.50,1.00
2017.12.20 22:28:57.271,0.86861,0.86896,1.00,1.00
2017.12.20 22:28:57.540,0.86864,0.869,1.00,1.00
2017.12.20 22:28:59.343,0.86861,0.86895,1.00,1.00
2017.12.20 22:29:00.364,0.86856,0.86893,1.50,1.00
2017.12.20 22:29:00.467,0.86854,0.86891,1.50,1.00
2017.12.20 22:29:00.970,0.86854,0.8689,1.00,1.00
2017.12.20 22:29:21.000,0.86853,0.86887,1.00,1.00
2017.12.20 22:29:22.441,0.86852,0.86887,1.50,1.00
2017.12.20 22:29:22.875,0.86854,0.86886,1.00,1.00
2017.12.20 22:29:23.427,0.86854,0.86888,1.00,1.00
2017.12.20 22:29:23.478,0.86857,0.86888,1.00,1.00
2017.12.20 22:29:37.892,0.86859,0.86888,1.00,1.00
2017.12.20 22:29:39.506,0.86859,0.86889,1.00,1.00
2017.12.20 22:29:46.023,0.86859,0.86888,1.00,1.00
2017.12.20 22:29:47.955,0.86859,0.86889,1.00,1.00
2017.12.20 22:29:52.945,0.8686,0.86889,1.00,1.00
2017.12.20 22:29:56.500,0.8686,0.8689,1.00,1.00
2017.12.20 22:30:00.078,0.8686,0.86888,1.00,1.00
2017.12.20 22:30:00.262,0.8686,0.8689,1.00,1.00
2017.12.20 22:30:00.516,0.86862,0.8689,1.00,1.00
2017.12.20 22:30:01.139,0.86864,0.8689,1.00,1.00
2017.12.20 22:30:01.191,0.86862,0.86891,1.00,1.00
2017.12.20 22:30:01.550,0.86863,0.86895,1.00,1.00
2017.12.20 22:30:02.996,0.86863,0.86894,1.00,1.00
2017.12.20 22:30:03.047,0.86861,0.86894,1.00,1.00
2017.12.20 22:30:03.245,0.86863,0.86894,1.00,1.00
2017.12.20 22:30:04.619,0.8687,0.86894,1.00,1.00
2017.12.20 22:30:20.064,0.86871,0.86894,1.00,1.00
2017.12.20 22:30:20.372,0.86866,0.86896,1.00,1.00
2017.12.20 22:30:20.423,0.86871,0.86896,1.00,1.00
2017.12.20 22:30:20.525,0.86867,0.86896,1.00,1.00
2017.12.20 22:30:20.577,0.86865,0.86896,1.00,1.00
2017.12.20 22:30:20.628,0.86867,0.86896,1.00,1.00
2017.12.20 22:30:20.991,0.86869,0.86896,1.00,1.00
2017.12.20 22:30:21.516,0.8687,0.86897,1.00,1.00
2017.12.20 22:30:22.024,0.8687,0.86898,1.00,1.00
2017.12.20 22:30:22.571,0.86871,0.86898,1.00,1.00
2017.12.20 22:30:23.677,0.86871,0.86899,1.00,1.00
2017.12.20 22:30:29.088,0.86872,0.86901,1.00,1.50
2017.12.20 22:30:30.049,0.86874,0.86901,1.00,1.50
2017.12.20 22:30:30.355,0.86876,0.86901,1.00,1.00
2017.12.20 22:30:30.407,0.86876,0.86904,1.00,1.50
2017.12.20 22:30:30.714,0.86876,0.86901,1.00,1.00
2017.12.20 22:30:30.968,0.86875,0.86905,1.00,1.00
2017.12.20 22:30:32.780,0.86875,0.86904,1.00,1.00
2017.12.20 22:30:34.624,0.86875,0.86901,1.00,2.25
2017.12.20 22:30:34.929,0.86875,0.86904,1.00,1.00
2017.12.20 22:30:36.559,0.86874,0.86903,1.00,1.00
2017.12.20 22:30:37.389,0.86874,0.86901,1.00,1.12
2017.12.20 22:30:37.701,0.86874,0.86903,1.00,1.87
2017.12.20 22:30:37.904,0.86874,0.86903,1.00,1.00
2017.12.20 22:30:38.470,0.86874,0.86903,1.00,1.75
2017.12.20 22:30:38.775,0.86874,0.86894,1.00,2.25
2017.12.20 22:30:39.081,0.86874,0.86884,1.00,1.75
2017.12.20 22:30:39.183,0.86874,0.86889,1.00,1.00
2017.12.20 22:30:39.386,0.86874,0.86903,1.00,1.00
2017.12.20 22:30:39.996,0.86874,0.86904,1.00,1.00
2017.12.20 22:30:41.229,0.86874,0.86903,1.00,1.00
2017.12.20 22:30:43.400,0.86873,0.86903,1.00,1.00
2017.12.20 22:30:46.422,0.86873,0.86904,1.00,1.00
2017.12.20 22:30:46.473,0.86873,0.86904,1.00,1.37
2017.12.20 22:30:46.625,0.86873,0.86904,1.00,1.00
2017.12.20 22:30:46.966,0.86873,0.86904,1.00,1.87
2017.12.20 22:30:47.534,0.86873,0.86894,1.00,1.50
2017.12.20 22:30:48.608,0.86872,0.86892,1.00,2.25
2017.12.20 22:30:48.710,0.86872,0.86894,1.00,2.25
2017.12.20 22:30:49.022,0.86872,0.86891,1.00,1.00
2017.12.20 22:30:49.590,0.86871,0.86891,1.00,1.50
2017.12.20 22:30:50.125,0.8687,0.86889,1.00,1.00
2017.12.20 22:30:50.229,0.86869,0.86892,1.00,1.50
2017.12.20 22:30:50.778,0.86869,0.86892,1.00,1.87
2017.12.20 22:30:50.931,0.86869,0.86899,1.00,1.00
2017.12.20 22:30:54.186,0.8687,0.86899,1.00,1.00
2017.12.20 22:30:57.987,0.8687,0.869,1.00,1.00
2017.12.20 22:30:58.610,0.86871,0.86901,1.00,1.00
2017.12.20 22:31:01.086,0.86871,0.86896,1.00,1.00
2017.12.20 22:31:01.624,0.8687,0.86896,1.00,1.00
2017.12.20 22:31:01.786,0.8687,0.86898,1.00,1.00
2017.12.20 22:31:01.941,0.86873,0.869,1.00,1.00
2017.12.20 22:31:02.474,0.86874,0.869,1.00,1.00
2017.12.20 22:31:04.559,0.86869,0.86898,1.00,1.00
2017.12.20 22:31:05.164,0.8687,0.86897,1.00,1.00
2017.12.20 22:31:08.109,0.8687,0.869,1.00,1.00
2017.12.20 22:31:08.884,0.8687,0.86899,1.00,1.00
2017.12.20 22:31:10.143,0.86872,0.86899,1.00,1.00
2017.12.20 22:31:10.450,0.86876,0.86899,1.00,1.00
2017.12.20 22:31:11.569,0.86876,0.869,1.00,1.00
2017.12.20 22:31:15.194,0.86878,0.869,1.00,1.00
2017.12.20 22:31:15.500,0.8688,0.86901,1.00,1.00
2017.12.20 22:31:16.596,0.8688,0.86902,1.00,1.00
2017.12.20 22:31:18.665,0.8688,0.86901,1.00,1.00
2017.12.20 22:31:19.938,0.86879,0.86901,1.00,1.00
2017.12.20 22:31:20.091,0.86874,0.86901,1.00,1.00
2017.12.20 22:31:20.640,0.86873,0.86902,1.00,1.00
2017.12.20 22:31:27.173,0.86872,0.86901,1.00,1.00
2017.12.20 22:31:27.680,0.86872,0.869,1.00,1.00
2017.12.20 22:31:36.323,0.86871,0.869,1.00,1.00
2017.12.20 22:31:37.687,0.86872,0.869,1.00,1.00
2017.12.20 22:31:38.374,0.86871,0.869,1.00,1.00
2017.12.20 22:31:39.670,0.86872,0.869,1.00,1.00
2017.12.20 22:31:42.076,0.86872,0.86901,1.00,1.00
2017.12.20 22:31:45.780,0.86872,0.869,1.00,1.00
2017.12.20 22:31:50.795,0.86872,0.86901,1.00,1.00
2017.12.20 22:32:00.246,0.86873,0.86901,1.00,1.00
2017.12.20 22:32:00.297,0.86874,0.86903,1.00,1.00
2017.12.20 22:32:00.832,0.86875,0.86903,1.00,1.00
2017.12.20 22:32:01.763,0.86875,0.86904,1.00,1.00
2017.12.20 22:32:04.452,0.86874,0.86902,1.00,1.00
2017.12.20 22:32:04.953,0.86873,0.86902,1.00,1.00
2017.12.20 22:32:07.878,0.86873,0.86901,1.00,1.00
2017.12.20 22:32:12.483,0.86872,0.86902,1.00,1.00
2017.12.20 22:32:15.639,0.86871,0.86902,1.00,1.00
2017.12.20 22:32:16.050,0.86872,0.86899,1.00,1.00
2017.12.20 22:32:16.592,0.86871,0.86899,1.00,1.00
2017.12.20 22:32:21.926,0.86872,0.86899,1.00,1.00
2017.12.20 22:32:22.496,0.86872,0.869,1.00,1.00
2017.12.20 22:32:34.785,0.86873,0.869,1.00,1.00
2017.12.20 22:32:46.049,0.86872,0.869,1.00,1.00
2017.12.20 22:32:47.617,0.86872,0.86899,1.00,1.00
2017.12.20 22:32:48.026,0.8687,0.86898,1.00,1.00
2017.12.20 22:32:48.179,0.86869,0.86896,1.00,1.00
2017.12.20 22:32:49.290,0.86869,0.86895,1.00,1.00
2017.12.20 22:32:49.841,0.86868,0.86895,1.00,1.00
2017.12.20 22:32:52.831,0.86865,0.86895,1.00,1.00
2017.12.20 22:32:52.882,0.86864,0.86892,1.00,1.00
2017.12.20 22:32:53.290,0.86864,0.86895,1.00,1.00
2017.12.20 22:32:54.039,0.86869,0.86895,1.00,1.00
2017.12.20 22:32:54.613,0.8687,0.86895,1.00,1.00
2017.12.20 22:32:55.129,0.86871,0.86896,1.00,1.00
2017.12.20 22:32:56.108,0.86869,0.86896,1.00,1.00
2017.12.20 22:32:56.159,0.86871,0.86896,1.00,1.00
2017.12.20 22:32:57.010,0.8687,0.86896,1.00,1.00
2017.12.20 22:32:57.323,0.86875,0.86898,1.00,1.00
2017.12.20 22:32:57.426,0.86876,0.869,1.00,1.00
2017.12.20 22:33:24.848,0.86876,0.86901,1.00,1.00
2017.12.20 22:33:30.891,0.86876,0.869,1.00,1.00
2017.12.20 22:33:31.665,0.86869,0.869,1.00,1.00
2017.12.20 22:33:31.818,0.86869,0.86898,1.00,1.00
2017.12.20 22:33:34.685,0.86869,0.869,1.00,1.50
2017.12.20 22:33:35.245,0.8687,0.869,1.00,1.00
2017.12.20 22:33:35.751,0.8687,0.86901,1.00,1.50
2017.12.20 22:33:36.533,0.86864,0.86895,1.00,1.50
2017.12.20 22:33:36.842,0.86868,0.86898,1.00,1.50
2017.12.20 22:33:36.996,0.86866,0.86898,1.00,1.00
2017.12.20 22:33:37.548,0.86867,0.86898,1.00,1.00
2017.12.20 22:33:38.820,0.86867,0.86899,1.00,1.00
2017.12.20 22:33:39.355,0.86867,0.869,1.00,2.25
2017.12.20 22:33:39.407,0.86869,0.86897,1.00,1.00
2017.12.20 22:33:40.003,0.86868,0.86897,1.00,1.00
2017.12.20 22:33:40.447,0.8687,0.86897,1.00,1.00
2017.12.20 22:33:42.590,0.86866,0.86898,1.00,1.00
2017.12.20 22:33:42.794,0.86867,0.86901,1.00,3.00
2017.12.20 22:33:42.846,0.86866,0.86899,1.00,1.00
2017.12.20 22:33:44.338,0.86866,0.869,1.00,1.00
2017.12.20 22:33:44.841,0.86867,0.869,1.00,1.00
2017.12.20 22:33:48.372,0.86865,0.86899,1.00,3.00
2017.12.20 22:33:48.424,0.86862,0.86896,1.50,1.00
2017.12.20 22:33:48.729,0.86866,0.86899,1.00,2.25
2017.12.20 22:33:48.883,0.86862,0.86896,1.50,1.50
2017.12.20 22:33:48.934,0.86865,0.86897,1.00,2.25
2017.12.20 22:33:49.036,0.86866,0.86899,1.00,2.25
2017.12.20 22:33:50.135,0.86866,0.86896,1.00,1.00
2017.12.20 22:33:51.586,0.86862,0.86895,1.50,1.00
2017.12.20 22:33:52.095,0.86862,0.86892,1.00,1.00
2017.12.20 22:33:52.781,0.86862,0.86894,1.00,1.50
2017.12.20 22:33:53.295,0.86862,0.86893,1.00,1.00
2017.12.20 22:33:53.833,0.86862,0.86894,1.00,1.50
2017.12.20 22:33:54.782,0.86862,0.86893,1.00,1.00
2017.12.20 22:33:56.670,0.86862,0.86894,1.50,1.50
2017.12.20 22:33:57.369,0.86862,0.86892,1.00,1.00
2017.12.20 22:33:57.917,0.86862,0.86891,1.00,1.00
2017.12.20 22:33:59.096,0.86862,0.86894,1.50,1.50
2017.12.20 22:34:00.154,0.86862,0.86892,1.00,1.00
2017.12.20 22:34:00.206,0.8686,0.86892,1.50,1.00
2017.12.20 22:34:02.353,0.86856,0.86888,1.50,1.00
2017.12.20 22:34:02.868,0.86857,0.86888,1.00,1.00
2017.12.20 22:34:05.602,0.86858,0.86887,1.00,1.00
2017.12.20 22:34:05.705,0.86859,0.8689,1.00,1.00
2017.12.20 22:34:05.756,0.86858,0.86888,1.00,1.00
2017.12.20 22:34:08.711,0.86859,0.86888,1.00,1.00
2017.12.20 22:34:09.254,0.86859,0.86889,1.00,1.00
2017.12.20 22:34:11.625,0.86859,0.86887,1.00,1.00
2017.12.20 22:34:18.818,0.86859,0.86888,1.00,1.00
2017.12.20 22:34:19.407,0.86862,0.86889,1.00,1.00
2017.12.20 22:34:20.044,0.86862,0.86888,1.00,1.00
2017.12.20 22:34:21.278,0.86862,0.86891,1.00,1.00
2017.12.20 22:34:23.779,0.86863,0.86891,1.00,1.00
2017.12.20 22:34:24.641,0.86861,0.86891,1.00,1.00
2017.12.20 22:34:25.419,0.86862,0.86891,1.00,1.00
2017.12.20 22:34:25.778,0.86862,0.86888,1.00,1.00
2017.12.20 22:34:28.179,0.8686,0.86888,1.00,1.00
2017.12.20 22:34:29.664,0.86862,0.86888,1.00,1.00
2017.12.20 22:34:29.766,0.8686,0.86888,1.00,1.00
2017.12.20 22:34:30.299,0.86859,0.86888,1.50,1.00
2017.12.20 22:34:30.401,0.86859,0.86886,1.50,1.00
2017.12.20 22:34:32.571,0.86862,0.86886,1.00,1.00
2017.12.20 22:34:35.096,0.86862,0.86885,1.00,1.00
2017.12.20 22:34:35.599,0.86862,0.86884,1.00,1.00
2017.12.20 22:34:37.078,0.86862,0.86885,1.00,1.50
2017.12.20 22:34:37.407,0.86862,0.86883,1.00,1.00
2017.12.20 22:34:38.975,0.86862,0.86884,1.00,1.00
2017.12.20 22:34:39.494,0.86862,0.86883,1.00,1.00
2017.12.20 22:34:41.637,0.86862,0.86884,1.00,1.50
2017.12.20 22:34:42.154,0.86862,0.86883,1.00,1.00
2017.12.20 22:34:46.663,0.86862,0.86884,1.00,1.50
2017.12.20 22:34:52.958,0.86857,0.86884,1.00,1.00
2017.12.20 22:34:59.335,0.86858,0.86884,1.00,1.00
2017.12.20 22:34:59.782,0.86858,0.86882,1.00,1.00
2017.12.20 22:35:00.082,0.86859,0.86886,1.00,1.50
2017.12.20 22:35:00.184,0.86861,0.86887,1.00,1.00
2017.12.20 22:35:00.501,0.86864,0.86887,1.00,1.00
2017.12.20 22:35:00.654,0.86866,0.8689,1.00,1.00
2017.12.20 22:35:01.145,0.86866,0.86894,1.00,1.50
2017.12.20 22:35:01.647,0.86867,0.86894,1.00,1.50
2017.12.20 22:35:02.159,0.86866,0.86892,1.00,1.00
2017.12.20 22:35:02.778,0.86865,0.86891,1.00,1.00
2017.12.20 22:35:03.668,0.86864,0.86891,1.00,1.00
2017.12.20 22:35:04.197,0.86865,0.86891,1.00,1.00
2017.12.20 22:35:05.129,0.86864,0.86891,1.00,1.00
2017.12.20 22:35:05.664,0.86863,0.8689,1.00,1.00
2017.12.20 22:35:10.108,0.86866,0.86891,1.00,1.00
2017.12.20 22:35:10.210,0.86867,0.86893,1.00,1.00
2017.12.20 22:35:10.684,0.86869,0.86893,1.50,1.00
2017.12.20 22:35:11.902,0.86868,0.86893,1.50,1.00
2017.12.20 22:35:12.210,0.8687,0.86894,1.50,1.00
2017.12.20 22:35:12.789,0.86869,0.86893,1.00,1.00
2017.12.20 22:35:13.630,0.86868,0.86893,1.00,1.00
2017.12.20 22:35:14.206,0.86869,0.86893,1.00,1.00
2017.12.20 22:35:14.804,0.86868,0.86893,2.25,1.00
2017.12.20 22:35:15.436,0.86869,0.86893,1.00,1.00
2017.12.20 22:35:15.956,0.86869,0.86892,1.00,1.00
2017.12.20 22:35:16.494,0.86869,0.86897,1.50,1.00
2017.12.20 22:35:19.717,0.8687,0.86897,1.50,1.00
2017.12.20 22:35:20.211,0.86868,0.86895,1.00,1.00
2017.12.20 22:35:20.749,0.86867,0.86895,1.50,1.00
2017.12.20 22:35:24.287,0.86868,0.86896,1.00,1.00
2017.12.20 22:35:24.840,0.86868,0.86895,1.00,1.00
2017.12.20 22:35:25.384,0.86868,0.86897,1.00,1.50
2017.12.20 22:35:25.901,0.86868,0.86896,1.00,1.00
2017.12.20 22:35:26.518,0.86869,0.86897,1.00,1.00
2017.12.20 22:35:29.824,0.86869,0.86898,1.00,1.00
2017.12.20 22:35:30.186,0.86871,0.869,1.00,1.00
2017.12.20 22:35:30.695,0.86872,0.86901,1.00,1.00
2017.12.20 22:35:31.821,0.86873,0.86901,1.00,1.00
2017.12.20 22:35:32.087,0.86874,0.86903,1.00,1.00
2017.12.20 22:35:32.411,0.86875,0.869,1.00,1.00
2017.12.20 22:35:32.615,0.86875,0.86905,1.00,1.50
2017.12.20 22:35:32.667,0.86873,0.86901,1.00,1.00
2017.12.20 22:35:32.718,0.8687,0.86899,1.00,1.00
2017.12.20 22:35:32.771,0.86868,0.86898,1.00,1.00
2017.12.20 22:35:32.976,0.86867,0.86896,1.00,1.00
2017.12.20 22:35:33.306,0.86866,0.86892,1.00,1.00
2017.12.20 22:35:33.699,0.86866,0.86896,1.00,1.50
2017.12.20 22:35:34.244,0.86869,0.86899,1.00,1.00
2017.12.20 22:35:34.647,0.86871,0.86901,1.00,1.00
2017.12.20 22:35:36.229,0.86872,0.86901,1.00,1.00
2017.12.20 22:35:43.678,0.86872,0.86902,1.00,1.00
2017.12.20 22:35:44.229,0.86872,0.86903,1.00,1.50
2017.12.20 22:35:51.284,0.86873,0.86904,1.00,1.50
2017.12.20 22:35:57.836,0.86874,0.86904,1.00,1.00
2017.12.20 22:35:59.215,0.86873,0.86904,1.00,1.50
2017.12.20 22:36:00.858,0.86876,0.86906,1.00,1.50
2017.12.20 22:36:01.164,0.86874,0.86904,1.00,1.00
2017.12.20 22:36:01.855,0.86875,0.86906,1.00,1.00
2017.12.20 22:36:03.486,0.86874,0.86905,1.00,1.00
2017.12.20 22:36:04.031,0.86875,0.86906,1.00,1.00
2017.12.20 22:36:04.578,0.86875,0.86904,1.00,1.00
2017.12.20 22:36:05.681,0.86874,0.86904,1.00,1.00
2017.12.20 22:36:11.504,0.86875,0.86905,1.00,1.00
2017.12.20 22:36:11.606,0.86873,0.86905,1.00,1.50
2017.12.20 22:36:12.483,0.86873,0.86904,1.00,1.00
2017.12.20 22:36:17.911,0.86872,0.86904,1.00,1.50
2017.12.20 22:36:18.708,0.86872,0.86903,1.00,1.00
2017.12.20 22:36:18.759,0.86874,0.86905,1.00,1.50
2017.12.20 22:36:18.811,0.86872,0.86904,1.00,1.00
2017.12.20 22:36:23.019,0.86871,0.869,2.25,1.00
2017.12.20 22:36:23.172,0.86869,0.869,1.50,1.00
2017.12.20 22:36:23.771,0.86868,0.869,1.00,1.50
2017.12.20 22:36:24.355,0.86867,0.86899,1.00,1.00
2017.12.20 22:36:24.930,0.86866,0.86898,1.50,1.00
2017.12.20 22:36:27.052,0.86865,0.86897,2.25,1.00
2017.12.20 22:36:28.786,0.86866,0.86897,1.00,1.00
2017.12.20 22:36:28.961,0.86866,0.86895,1.50,1.00
2017.12.20 22:36:31.030,0.86866,0.86896,1.00,1.00
2017.12.20 22:36:31.992,0.86866,0.86895,1.00,1.00
2017.12.20 22:36:33.723,0.86867,0.86896,1.00,1.00
2017.12.20 22:36:35.381,0.86867,0.86895,1.00,1.00
2017.12.20 22:36:35.902,0.86868,0.86896,1.00,1.00
2017.12.20 22:36:36.465,0.86867,0.86895,1.00,1.00
2017.12.20 22:36:37.894,0.86868,0.86895,1.00,1.00
2017.12.20 22:36:39.810,0.86869,0.86897,1.00,1.00
2017.12.20 22:36:39.992,0.86868,0.86895,1.00,1.00
2017.12.20 22:36:40.212,0.86869,0.86897,1.00,1.00
2017.12.20 22:36:40.475,0.86868,0.86895,1.00,1.00
2017.12.20 22:36:40.696,0.86869,0.86897,1.00,1.00
2017.12.20 22:36:41.205,0.8687,0.86897,1.00,1.00
2017.12.20 22:36:41.751,0.86869,0.86896,1.00,1.00
2017.12.20 22:36:42.128,0.86866,0.86893,1.00,1.50
2017.12.20 22:36:42.332,0.86864,0.86892,1.00,1.00
2017.12.20 22:36:42.874,0.86864,0.86891,1.00,1.00
2017.12.20 22:36:44.109,0.86864,0.86892,1.00,1.00
2017.12.20 22:36:44.160,0.86867,0.86893,1.00,1.00
2017.12.20 22:36:44.211,0.86865,0.86892,1.00,1.00
2017.12.20 22:36:44.732,0.86867,0.86893,1.00,1.00
2017.12.20 22:36:44.783,0.86865,0.86892,1.00,1.00
2017.12.20 22:36:44.885,0.86867,0.86893,1.00,1.00
2017.12.20 22:36:44.936,0.86865,0.86892,1.00,1.00
2017.12.20 22:36:44.987,0.86867,0.86893,1.00,1.00
2017.12.20 22:36:45.038,0.86865,0.86892,1.00,1.00
2017.12.20 22:36:45.615,0.86864,0.86892,1.00,1.00
2017.12.20 22:36:46.590,0.86863,0.86891,1.00,1.00
2017.12.20 22:36:46.641,0.86861,0.86888,1.50,1.00
2017.12.20 22:36:47.799,0.86861,0.86887,1.00,1.00
2017.12.20 22:36:48.305,0.86861,0.86888,1.00,1.00
2017.12.20 22:36:48.836,0.8686,0.86888,1.50,1.00
2017.12.20 22:36:50.063,0.8686,0.86887,1.50,1.00
2017.12.20 22:36:50.454,0.86854,0.86878,1.00,1.00
2017.12.20 22:36:50.506,0.86862,0.86889,1.50,1.00
2017.12.20 22:36:50.558,0.86864,0.86889,1.00,1.00
2017.12.20 22:36:50.610,0.86855,0.86882,1.00,1.00
2017.12.20 22:36:50.661,0.86853,0.86881,1.00,1.00
2017.12.20 22:36:50.713,0.86851,0.86881,2.25,1.00
2017.12.20 22:36:51.223,0.86851,0.8688,2.25,1.50
2017.12.20 22:36:52.401,0.86852,0.8688,1.00,1.00
2017.12.20 22:36:52.453,0.86852,0.86882,1.00,1.00
2017.12.20 22:36:52.954,0.86853,0.86883,1.00,1.00
2017.12.20 22:36:53.341,0.86852,0.86881,1.00,1.00
2017.12.20 22:36:54.543,0.86851,0.86879,1.50,1.00
2017.12.20 22:36:55.354,0.86851,0.8688,2.25,1.00
2017.12.20 22:36:55.873,0.86851,0.86881,2.25,1.00
2017.12.20 22:36:56.425,0.86852,0.86881,1.00,1.00
2017.12.20 22:36:56.791,0.86853,0.86883,1.00,1.00
2017.12.20 22:36:56.893,0.86855,0.86884,1.00,1.00
2017.12.20 22:36:57.202,0.86863,0.86891,1.00,1.00
2017.12.20 22:36:57.356,0.86864,0.86893,1.00,1.00
2017.12.20 22:36:57.880,0.86865,0.86893,1.00,1.00
2017.12.20 22:36:58.571,0.86864,0.86893,1.00,1.00
2017.12.20 22:37:00.553,0.86864,0.86892,1.00,1.00
2017.12.20 22:37:01.092,0.86863,0.86892,1.00,1.00
2017.12.20 22:37:01.629,0.86863,0.86891,1.00,1.00
2017.12.20 22:37:03.420,0.86862,0.8689,1.00,1.00
2017.12.20 22:37:07.288,0.86862,0.86889,1.00,1.00
2017.12.20 22:37:08.329,0.86862,0.8689,1.00,1.00
2017.12.20 22:37:09.337,0.86862,0.86891,1.00,1.00
2017.12.20 22:37:10.323,0.86861,0.86891,1.00,1.00
2017.12.20 22:37:11.503,0.86861,0.8689,1.00,1.00
2017.12.20 22:37:12.013,0.8686,0.8689,1.00,1.00
2017.12.20 22:37:12.520,0.86859,0.86889,1.00,1.00
2017.12.20 22:37:13.825,0.8686,0.86889,1.00,1.00
2017.12.20 22:37:15.156,0.86859,0.86889,1.00,1.00
2017.12.20 22:37:23.189,0.86858,0.86889,1.00,1.00
2017.12.20 22:37:23.331,0.86856,0.86887,1.00,1.00
2017.12.20 22:37:23.917,0.86861,0.86889,2.25,1.00
2017.12.20 22:37:24.122,0.86857,0.86888,1.00,1.00
2017.12.20 22:37:25.425,0.86858,0.86888,1.00,1.00
2017.12.20 22:37:27.271,0.86858,0.86887,1.00,1.00
2017.12.20 22:37:27.322,0.86856,0.86887,1.00,1.00
2017.12.20 22:37:33.776,0.86857,0.86887,1.00,1.00
2017.12.20 22:37:34.317,0.86858,0.86887,1.00,1.00
2017.12.20 22:37:35.962,0.86861,0.86887,1.00,1.00
2017.12.20 22:37:44.784,0.86861,0.86886,1.00,1.00
2017.12.20 22:37:45.968,0.8686,0.86886,1.00,1.00
2017.12.20 22:37:46.121,0.86863,0.86894,1.00,1.00
2017.12.20 22:37:46.173,0.86865,0.86895,1.00,1.00
2017.12.20 22:37:46.736,0.86866,0.86895,1.00,1.00
2017.12.20 22:37:47.785,0.86867,0.86895,1.00,1.00
2017.12.20 22:37:48.335,0.86868,0.86895,1.00,1.00
2017.12.20 22:37:51.835,0.86867,0.86896,1.00,1.00
2017.12.20 22:37:52.337,0.86867,0.86895,1.00,1.00
2017.12.20 22:37:53.202,0.86868,0.86895,1.00,1.00
2017.12.20 22:37:53.733,0.86869,0.86895,1.00,1.00
2017.12.20 22:37:56.183,0.86869,0.86896,1.00,1.00
2017.12.20 22:37:57.072,0.86869,0.86897,1.00,1.50
2017.12.20 22:37:57.433,0.86865,0.86895,1.00,1.50
2017.12.20 22:37:57.484,0.86864,0.86893,1.00,1.00
2017.12.20 22:37:57.800,0.86867,0.86892,1.00,1.00
2017.12.20 22:37:58.329,0.86867,0.86893,1.00,1.50
2017.12.20 22:37:58.841,0.86868,0.86893,1.00,1.50
2017.12.20 22:38:00.578,0.86867,0.86893,1.00,1.00
2017.12.20 22:38:01.767,0.86867,0.86895,1.00,1.50
2017.12.20 22:38:01.818,0.8687,0.86893,1.00,1.00
2017.12.20 22:38:01.870,0.8687,0.86895,1.00,1.00
2017.12.20 22:38:02.839,0.86871,0.86895,1.00,1.50
2017.12.20 22:38:03.753,0.86871,0.86894,1.00,1.00
2017.12.20 22:38:04.527,0.86871,0.86895,1.00,1.00
2017.12.20 22:38:06.530,0.86866,0.86893,2.25,1.00
2017.12.20 22:38:06.683,0.86865,0.86895,1.00,1.50
2017.12.20 22:38:07.190,0.86866,0.86895,1.00,1.50
2017.12.20 22:38:10.390,0.86866,0.86896,1.00,2.25
2017.12.20 22:38:11.699,0.86866,0.86895,1.00,1.00
2017.12.20 22:38:12.356,0.86867,0.86895,1.00,1.00
2017.12.20 22:38:13.761,0.86867,0.86896,1.00,1.50
2017.12.20 22:38:16.233,0.86866,0.86896,1.00,1.50
2017.12.20 22:38:16.336,0.86865,0.86894,1.00,1.00
2017.12.20 22:38:19.685,0.86865,0.86893,1.00,1.00
2017.12.20 22:38:20.912,0.86865,0.86894,1.00,1.50
2017.12.20 22:38:21.425,0.86865,0.86893,1.00,1.00
2017.12.20 22:38:28.947,0.86865,0.86892,1.00,1.00
2017.12.20 22:38:30.133,0.86865,0.86893,1.00,1.00
2017.12.20 22:38:30.844,0.86865,0.86894,1.00,1.50
2017.12.20 22:38:31.644,0.86866,0.86894,1.00,1.50
2017.12.20 22:38:36.658,0.86866,0.86895,1.00,1.50
2017.12.20 22:38:38.463,0.86867,0.86895,1.00,1.00
2017.12.20 22:38:39.402,0.86866,0.86894,1.00,1.00
2017.12.20 22:38:39.837,0.86867,0.86892,1.00,1.00
2017.12.20 22:38:39.888,0.86867,0.86894,1.00,1.00
2017.12.20 22:38:39.939,0.86867,0.86892,1.00,1.00
2017.12.20 22:38:39.990,0.86867,0.86894,1.00,1.00
2017.12.20 22:38:40.042,0.86867,0.86892,1.00,1.00
2017.12.20 22:38:40.093,0.86867,0.86894,1.00,1.00
2017.12.20 22:38:40.216,0.86867,0.86892,1.00,1.00
2017.12.20 22:38:40.268,0.86867,0.86894,1.00,1.00
2017.12.20 22:38:40.580,0.86868,0.86892,1.00,1.00
2017.12.20 22:38:40.632,0.86868,0.86894,1.00,1.00
2017.12.20 22:38:41.140,0.86867,0.86895,1.00,1.50
2017.12.20 22:38:41.630,0.86867,0.86893,1.00,1.00
2017.12.20 22:38:41.681,0.86867,0.86895,1.00,1.50
2017.12.20 22:38:41.732,0.86867,0.86893,1.00,1.00
2017.12.20 22:38:41.783,0.86867,0.86895,1.00,1.50
2017.12.20 22:38:41.834,0.86867,0.86893,1.00,1.00
2017.12.20 22:38:41.986,0.86867,0.86895,1.00,1.50
2017.12.20 22:38:42.037,0.86867,0.86893,1.00,1.00
2017.12.20 22:38:42.088,0.86867,0.86895,1.00,1.50
2017.12.20 22:38:42.139,0.86867,0.86893,1.00,1.00
2017.12.20 22:38:42.190,0.86867,0.86895,1.00,1.50
2017.12.20 22:38:42.616,0.86867,0.86897,1.00,1.00
2017.12.20 22:38:42.667,0.86868,0.86895,1.00,1.00
2017.12.20 22:38:43.210,0.86867,0.86895,1.00,1.00
2017.12.20 22:38:43.572,0.86868,0.86897,1.00,2.25
2017.12.20 22:38:43.983,0.86867,0.86895,1.00,1.00
2017.12.20 22:38:52.627,0.8687,0.86895,1.00,1.00
2017.12.20 22:38:53.470,0.8687,0.86896,1.00,1.00
2017.12.20 22:38:54.672,0.8687,0.86895,1.00,1.00
2017.12.20 22:38:55.437,0.8687,0.86896,1.00,1.00
2017.12.20 22:38:55.979,0.86872,0.86899,1.00,1.50
2017.12.20 22:38:56.485,0.86873,0.86899,1.00,1.00
2017.12.20 22:38:57.831,0.86873,0.869,1.00,1.00
2017.12.20 22:38:58.035,0.86873,0.86898,1.00,1.00
2017.12.20 22:38:58.086,0.86873,0.869,1.00,1.00
2017.12.20 22:38:58.137,0.86873,0.86898,1.00,1.00
2017.12.20 22:38:58.188,0.86873,0.869,1.00,1.50
2017.12.20 22:38:58.239,0.86873,0.86898,1.00,1.00
2017.12.20 22:38:58.290,0.86873,0.869,1.00,1.00
2017.12.20 22:38:58.342,0.86873,0.86898,1.00,1.00
2017.12.20 22:38:58.393,0.86873,0.869,1.00,1.00
2017.12.20 22:38:58.495,0.86873,0.86898,1.00,1.00
2017.12.20 22:38:58.547,0.86873,0.869,1.00,1.00
2017.12.20 22:38:58.597,0.86873,0.86898,1.00,1.00
2017.12.20 22:38:58.699,0.86873,0.869,1.00,1.00
2017.12.20 22:38:58.750,0.86873,0.86898,1.00,1.00
2017.12.20 22:38:58.801,0.86873,0.86901,1.00,1.00
2017.12.20 22:38:58.852,0.86873,0.86898,1.00,1.00
2017.12.20 22:39:00.948,0.86875,0.86898,1.00,1.00
2017.12.20 22:39:01.152,0.86886,0.8691,1.00,1.50
2017.12.20 22:39:01.204,0.86888,0.8691,1.00,1.00
2017.12.20 22:39:01.255,0.86889,0.86913,1.00,1.00
2017.12.20 22:39:01.357,0.86894,0.86917,1.00,1.50
2017.12.20 22:39:01.698,0.86894,0.86915,1.00,1.00
2017.12.20 22:39:02.221,0.8689,0.86914,1.00,1.00
2017.12.20 22:39:02.272,0.86886,0.86911,1.00,1.00
2017.12.20 22:39:02.374,0.86885,0.86909,1.50,1.00
2017.12.20 22:39:03.287,0.8689,0.86909,1.00,1.00
2017.12.20 22:39:04.224,0.8689,0.8691,1.00,1.50
2017.12.20 22:39:04.549,0.86893,0.8691,1.00,1.00
2017.12.20 22:39:05.575,0.86895,0.8691,1.00,1.00
2017.12.20 22:39:07.450,0.86895,0.86909,1.00,1.00
2017.12.20 22:39:07.574,0.86892,0.8691,1.50,1.00
2017.12.20 22:39:09.013,0.86892,0.86911,1.50,1.50
2017.12.20 22:39:09.494,0.86884,0.8691,1.50,1.00
2017.12.20 22:39:10.066,0.86883,0.86909,1.50,1.00
2017.12.20 22:39:10.168,0.86884,0.86907,1.50,1.00
2017.12.20 22:39:10.669,0.86884,0.86906,1.00,1.00
2017.12.20 22:39:12.196,0.86884,0.86907,1.00,1.00
2017.12.20 22:39:14.167,0.86884,0.86909,1.50,1.00
2017.12.20 22:39:14.218,0.86884,0.86907,1.50,1.00
2017.12.20 22:39:14.474,0.86884,0.86909,1.50,1.50
2017.12.20 22:39:14.525,0.86884,0.86907,1.50,1.00
2017.12.20 22:39:14.677,0.86884,0.86909,1.50,1.00
2017.12.20 22:39:15.693,0.86884,0.86908,1.50,1.00
2017.12.20 22:39:16.756,0.86885,0.86908,1.50,1.00
2017.12.20 22:39:17.037,0.86888,0.86909,1.00,1.00
2017.12.20 22:39:17.571,0.86888,0.8691,1.00,1.00
2017.12.20 22:39:20.985,0.86886,0.86907,1.00,1.00
2017.12.20 22:39:21.036,0.86884,0.86906,1.00,1.00
2017.12.20 22:39:21.200,0.86878,0.86903,1.00,1.00
2017.12.20 22:39:21.875,0.86877,0.86902,1.00,1.00
2017.12.20 22:39:22.198,0.86873,0.86901,1.00,1.00
2017.12.20 22:39:22.249,0.86871,0.86902,2.25,1.00
2017.12.20 22:39:22.775,0.86872,0.86902,1.00,1.00
2017.12.20 22:39:22.954,0.86872,0.86904,1.00,1.50
2017.12.20 22:39:23.057,0.86874,0.86905,1.00,1.00
2017.12.20 22:39:23.736,0.86873,0.86905,1.00,1.50
2017.12.20 22:39:24.552,0.86874,0.86905,2.25,1.00
2017.12.20 22:39:25.077,0.86874,0.86904,2.25,1.00
2017.12.20 22:39:25.737,0.86874,0.86905,2.25,1.00
2017.12.20 22:39:27.248,0.86876,0.86908,1.00,1.50
2017.12.20 22:39:27.781,0.86877,0.86908,1.00,1.00
2017.12.20 22:39:28.208,0.8688,0.86908,1.50,1.00
2017.12.20 22:39:28.830,0.8688,0.8691,1.50,1.50
2017.12.20 22:39:30.007,0.86878,0.86911,2.25,1.00
2017.12.20 22:39:30.516,0.86878,0.8691,2.25,1.00
2017.12.20 22:39:32.195,0.86879,0.86909,1.00,1.00
2017.12.20 22:39:33.308,0.8688,0.86909,1.00,1.00
2017.12.20 22:39:33.814,0.86881,0.86909,1.50,1.00
2017.12.20 22:39:35.043,0.86879,0.86909,1.50,1.00
2017.12.20 22:39:42.280,0.86881,0.86909,1.50,1.00
2017.12.20 22:39:42.827,0.86881,0.8691,1.50,1.00
2017.12.20 22:39:43.349,0.86881,0.86909,1.50,1.00
2017.12.20 22:39:43.855,0.86881,0.8691,1.50,1.00
2017.12.20 22:39:44.815,0.86881,0.86908,1.50,1.00
2017.12.20 22:39:44.917,0.86876,0.86908,1.00,1.00
2017.12.20 22:39:45.798,0.86876,0.86907,1.00,1.00
2017.12.20 22:39:46.300,0.86876,0.86906,1.00,1.00
2017.12.20 22:39:46.841,0.86876,0.86907,1.00,1.00
2017.12.20 22:39:47.952,0.86875,0.86907,1.00,1.00
2017.12.20 22:39:50.355,0.86873,0.86906,3.00,1.00
2017.12.20 22:39:50.872,0.86874,0.86906,1.00,1.00
2017.12.20 22:39:51.405,0.86875,0.86906,1.00,1.00
2017.12.20 22:39:51.854,0.86873,0.86906,2.25,1.50
2017.12.20 22:39:51.955,0.86873,0.86904,1.50,1.00
2017.12.20 22:39:52.006,0.86873,0.86906,2.25,1.50
2017.12.20 22:39:52.057,0.86873,0.86904,1.50,1.00
2017.12.20 22:39:52.108,0.86873,0.86906,2.25,1.50
