2012.07.26 15:00:00.296,0.81274,0.81288,5.25,1.88
2012.07.26 15:00:00.417,0.81274,0.81288,5.25,1.50
2012.07.26 15:00:00.539,0.81274,0.81288,4.50,1.50
2012.07.26 15:00:00.775,0.81274,0.81286,1.50,1.18
2012.07.26 15:00:01.604,0.81273,0.81286,2.25,1.18
2012.07.26 15:00:01.726,0.81274,0.81287,2.25,1.13
2012.07.26 15:00:01.860,0.81274,0.81284,2.25,2.10
2012.07.26 15:00:02.215,0.81274,0.81281,1.50,1.78
2012.07.26 15:00:02.280,0.81274,0.81281,1.50,1.78
2012.07.26 15:00:02.345,0.81269,0.81281,1.50,1.35
2012.07.26 15:00:02.874,0.81267,0.81282,3.75,1.88
2012.07.26 15:00:02.997,0.81267,0.81282,3.75,1.88
2012.07.26 15:00:03.495,0.81269,0.81283,2.25,1.13
2012.07.26 15:00:04.017,0.8127,0.81281,1.50,1.18
2012.07.26 15:00:04.482,0.8127,0.8128,1.50,1.93
2012.07.26 15:00:05.018,0.8127,0.81278,1.50,1.93
2012.07.26 15:00:05.138,0.81266,0.81278,1.50,2.53
2012.07.26 15:00:06.647,0.81263,0.81278,2.25,2.68
2012.07.26 15:00:06.998,0.81262,0.81277,1.50,2.25
2012.07.26 15:00:07.536,0.81261,0.81277,3.00,2.25
2012.07.26 15:00:07.775,0.81264,0.81278,1.50,1.93
2012.07.26 15:00:08.295,0.81262,0.81278,2.25,2.68
2012.07.26 15:00:09.079,0.81264,0.81277,1.50,1.18
2012.07.26 15:00:09.599,0.81265,0.81278,1.50,1.93
2012.07.26 15:00:10.135,0.81266,0.81278,1.50,1.18
2012.07.26 15:00:10.779,0.81267,0.81283,1.50,1.18
2012.07.26 15:00:11.023,0.81272,0.81283,1.50,1.18
2012.07.26 15:00:11.206,0.8127,0.81285,5.25,1.18
2012.07.26 15:00:11.575,0.81271,0.81284,1.50,3.28
2012.07.26 15:00:11.928,0.8127,0.81279,1.50,1.18
2012.07.26 15:00:12.048,0.81266,0.81278,1.50,1.18
2012.07.26 15:00:12.581,0.81264,0.81278,1.50,1.93
2012.07.26 15:00:12.644,0.81263,0.81278,3.00,1.93
2012.07.26 15:00:12.824,0.81263,0.81275,2.25,1.18
2012.07.26 15:00:13.345,0.8126,0.81276,3.75,1.93
2012.07.26 15:00:13.464,0.8126,0.81276,3.75,1.93
2012.07.26 15:00:13.585,0.8126,0.81272,3.75,1.93
2012.07.26 15:00:13.936,0.81251,0.81262,1.50,1.50
2012.07.26 15:00:14.171,0.81249,0.81264,1.50,3.43
2012.07.26 15:00:14.574,0.81248,0.81264,2.25,3.43
2012.07.26 15:00:14.755,0.81251,0.81264,1.50,1.93
2012.07.26 15:00:15.566,0.81249,0.81265,1.50,4.13
2012.07.26 15:00:15.916,0.81247,0.81264,3.75,2.25
2012.07.26 15:00:16.438,0.81247,0.81262,2.25,3.23
2012.07.26 15:00:16.793,0.81244,0.81256,1.50,1.35
2012.07.26 15:00:17.086,0.81241,0.81256,3.00,3.60
2012.07.26 15:00:17.612,0.81243,0.81258,2.25,2.25
2012.07.26 15:00:17.907,0.81243,0.81258,2.25,2.25
2012.07.26 15:00:18.208,0.81239,0.81255,3.00,1.50
2012.07.26 15:00:18.731,0.8124,0.81255,2.25,3.00
2012.07.26 15:00:19.080,0.8124,0.81249,2.25,1.50
2012.07.26 15:00:19.429,0.81235,0.81249,2.25,1.50
2012.07.26 15:00:19.492,0.81235,0.8125,4.50,4.43
2012.07.26 15:00:20.013,0.81235,0.81251,1.50,2.25
2012.07.26 15:00:20.712,0.81238,0.81253,1.50,2.25
2012.07.26 15:00:20.993,0.81237,0.81249,1.50,1.50
2012.07.26 15:00:21.113,0.81237,0.81252,1.50,1.50
2012.07.26 15:00:21.349,0.81237,0.81252,3.00,1.88
2012.07.26 15:00:21.798,0.81233,0.81248,1.50,2.25
2012.07.26 15:00:22.104,0.81234,0.81247,1.50,3.90
2012.07.26 15:00:22.456,0.81234,0.81245,1.50,1.13
2012.07.26 15:00:22.521,0.81231,0.81245,1.50,2.63
2012.07.26 15:00:22.701,0.81232,0.81245,1.50,2.25
2012.07.26 15:00:22.765,0.81234,0.81246,1.50,1.50
2012.07.26 15:00:23.293,0.81236,0.81248,1.50,4.88
2012.07.26 15:00:23.800,0.81236,0.81251,1.50,5.63
2012.07.26 15:00:24.092,0.81234,0.81249,2.25,1.55
2012.07.26 15:00:24.273,0.81236,0.81249,1.56,1.13
2012.07.26 15:00:24.510,0.81236,0.81251,2.25,2.63
2012.07.26 15:00:25.034,0.81238,0.8125,1.50,3.38
2012.07.26 15:00:25.545,0.81239,0.8125,1.50,1.88
2012.07.26 15:00:25.724,0.81239,0.8125,1.50,1.88
2012.07.26 15:00:25.788,0.81239,0.81252,1.50,1.50
2012.07.26 15:00:26.312,0.81239,0.81253,1.50,2.25
2012.07.26 15:00:26.778,0.81241,0.81253,1.50,1.50
2012.07.26 15:00:26.842,0.81241,0.81255,1.50,1.50
2012.07.26 15:00:27.359,0.8124,0.81256,3.00,4.13
2012.07.26 15:00:27.700,0.8124,0.81256,2.25,2.63
2012.07.26 15:00:27.936,0.81238,0.81253,5.93,2.25
2012.07.26 15:00:28.411,0.81245,0.81252,1.50,2.25
2012.07.26 15:00:28.761,0.81247,0.81255,1.50,4.50
2012.07.26 15:00:29.315,0.81247,0.81261,1.50,1.88
2012.07.26 15:00:29.441,0.81246,0.81261,2.25,3.38
2012.07.26 15:00:29.504,0.81246,0.81261,2.25,2.25
2012.07.26 15:00:30.031,0.81248,0.81261,1.50,1.50
2012.07.26 15:00:30.662,0.81247,0.81262,3.75,1.50
2012.07.26 15:00:30.837,0.81247,0.81262,3.75,1.50
2012.07.26 15:00:31.380,0.81251,0.81264,1.50,1.88
2012.07.26 15:00:31.917,0.81253,0.81267,1.50,2.63
2012.07.26 15:00:32.444,0.81258,0.81268,1.50,1.50
2012.07.26 15:00:32.565,0.81258,0.8127,2.25,1.13
2012.07.26 15:00:32.628,0.81261,0.8127,1.50,1.13
2012.07.26 15:00:32.866,0.81258,0.8127,1.50,1.13
2012.07.26 15:00:33.384,0.81259,0.81274,1.50,2.63
2012.07.26 15:00:33.451,0.81259,0.81274,3.75,2.63
2012.07.26 15:00:33.867,0.81259,0.81271,3.00,1.13
2012.07.26 15:00:34.104,0.81261,0.81274,2.25,1.50
2012.07.26 15:00:34.168,0.81263,0.81278,1.50,1.13
2012.07.26 15:00:34.232,0.81264,0.81279,1.35,2.63
2012.07.26 15:00:34.870,0.81264,0.81277,6.68,1.50
2012.07.26 15:00:34.993,0.81267,0.81279,1.50,1.50
2012.07.26 15:00:35.056,0.81267,0.81279,1.50,2.25
2012.07.26 15:00:35.406,0.81267,0.8128,1.50,2.25
2012.07.26 15:00:35.756,0.81267,0.81278,1.50,1.50
2012.07.26 15:00:35.819,0.81267,0.81282,1.50,3.00
2012.07.26 15:00:36.432,0.81266,0.81282,1.50,2.25
2012.07.26 15:00:36.933,0.81265,0.81281,4.50,2.25
2012.07.26 15:00:36.996,0.81266,0.81281,1.50,2.25
2012.07.26 15:00:37.398,0.81269,0.81284,2.25,3.75
2012.07.26 15:00:37.934,0.8127,0.81284,1.50,1.50
2012.07.26 15:00:37.998,0.81268,0.81284,2.25,1.50
2012.07.26 15:00:38.119,0.8127,0.81284,1.50,1.50
2012.07.26 15:00:38.638,0.8127,0.81287,2.25,2.63
2012.07.26 15:00:39.229,0.81273,0.81287,1.50,1.88
2012.07.26 15:00:39.785,0.81275,0.81287,2.93,1.50
2012.07.26 15:00:40.255,0.81275,0.8129,2.25,1.50
2012.07.26 15:00:40.896,0.81275,0.81291,3.00,1.50
2012.07.26 15:00:40.959,0.81278,0.81291,1.50,1.50
2012.07.26 15:00:41.731,0.81278,0.81291,1.13,1.50
2012.07.26 15:00:42.141,0.81283,0.81293,1.50,1.50
2012.07.26 15:00:42.263,0.81283,0.81296,1.50,1.50
2012.07.26 15:00:42.556,0.81283,0.81298,1.50,3.00
2012.07.26 15:00:43.028,0.81283,0.81297,2.25,1.73
2012.07.26 15:00:43.381,0.8128,0.81295,3.00,2.25
2012.07.26 15:00:43.504,0.81283,0.81297,1.50,1.88
2012.07.26 15:00:43.683,0.81283,0.81297,1.50,1.13
2012.07.26 15:00:43.804,0.81284,0.81298,3.00,1.88
2012.07.26 15:00:44.157,0.81286,0.81298,1.50,1.50
2012.07.26 15:00:44.864,0.81287,0.81302,2.25,1.50
2012.07.26 15:00:45.859,0.81287,0.813,1.50,1.35
2012.07.26 15:00:45.924,0.81285,0.813,1.50,1.78
2012.07.26 15:00:45.987,0.81284,0.81298,2.25,2.93
2012.07.26 15:00:46.339,0.81282,0.81296,1.50,1.13
2012.07.26 15:00:46.693,0.81284,0.81297,1.50,1.13
2012.07.26 15:00:46.812,0.81283,0.81297,3.00,1.88
2012.07.26 15:00:47.047,0.81283,0.81296,2.25,1.50
2012.07.26 15:00:47.169,0.81281,0.81297,3.45,1.88
2012.07.26 15:00:47.291,0.81283,0.81297,1.50,1.13
2012.07.26 15:00:47.702,0.81282,0.81295,3.00,1.13
2012.07.26 15:00:47.767,0.8128,0.81295,1.20,1.13
2012.07.26 15:00:47.886,0.8128,0.81295,1.20,1.13
2012.07.26 15:00:48.201,0.81281,0.81295,1.50,2.63
2012.07.26 15:00:48.620,0.81281,0.81295,2.25,1.13
2012.07.26 15:00:48.815,0.8128,0.81293,1.20,1.50
2012.07.26 15:00:49.167,0.8128,0.81293,1.95,1.88
2012.07.26 15:00:49.501,0.8128,0.81293,1.95,1.88
2012.07.26 15:00:49.687,0.81284,0.81296,1.50,3.60
2012.07.26 15:00:50.210,0.81283,0.81299,1.50,1.88
2012.07.26 15:00:50.330,0.81283,0.81299,1.50,1.88
2012.07.26 15:00:50.813,0.81282,0.81296,2.25,1.50
2012.07.26 15:00:51.335,0.81282,0.81294,3.00,1.50
2012.07.26 15:00:51.520,0.81282,0.81294,2.25,1.50
2012.07.26 15:00:51.870,0.81281,0.81296,1.95,2.25
2012.07.26 15:00:52.186,0.81283,0.81297,2.25,1.35
2012.07.26 15:00:52.366,0.81287,0.81298,1.35,2.25
2012.07.26 15:00:52.603,0.8129,0.81303,1.50,1.16
2012.07.26 15:00:53.093,0.8129,0.81303,1.50,1.16
2012.07.26 15:00:53.648,0.81289,0.81303,1.50,1.13
2012.07.26 15:00:54.055,0.81288,0.81302,2.25,1.13
2012.07.26 15:00:54.505,0.8129,0.81303,1.50,1.13
2012.07.26 15:00:56.776,0.8129,0.81303,2.25,1.50
2012.07.26 15:00:57.809,0.81289,0.81303,2.25,1.50
2012.07.26 15:00:57.931,0.81291,0.81303,1.50,1.50
2012.07.26 15:00:58.334,0.81291,0.81306,3.00,4.88
2012.07.26 15:00:59.224,0.81294,0.81308,4.50,1.13
2012.07.26 15:00:59.346,0.81298,0.81313,2.25,1.88
2012.07.26 15:00:59.410,0.81298,0.81313,2.25,1.13
2012.07.26 15:00:59.591,0.81299,0.81315,1.50,5.30
2012.07.26 15:00:59.768,0.813,0.81315,1.50,3.38
2012.07.26 15:01:00.353,0.81302,0.81314,1.50,1.13
2012.07.26 15:01:00.475,0.81299,0.81314,3.00,1.13
2012.07.26 15:01:00.654,0.81299,0.81315,2.25,6.38
2012.07.26 15:01:00.889,0.81295,0.81311,3.00,2.25
2012.07.26 15:01:00.953,0.81296,0.81311,1.50,2.25
2012.07.26 15:01:02.403,0.81297,0.81312,2.25,2.25
2012.07.26 15:01:02.525,0.81298,0.81312,1.50,1.50
2012.07.26 15:01:02.704,0.81301,0.81315,1.50,3.38
2012.07.26 15:01:02.882,0.81301,0.81314,1.50,1.50
2012.07.26 15:01:03.121,0.81299,0.81312,1.50,1.50
2012.07.26 15:01:03.649,0.81297,0.81311,3.00,1.50
2012.07.26 15:01:04.389,0.81298,0.81311,1.35,1.50
2012.07.26 15:01:04.873,0.81301,0.81315,1.50,1.88
2012.07.26 15:01:05.423,0.81302,0.81317,2.25,1.88
2012.07.26 15:01:05.979,0.81301,0.81316,3.75,1.50
2012.07.26 15:01:06.556,0.81301,0.81315,2.25,1.13
2012.07.26 15:01:06.676,0.81302,0.81316,2.25,1.88
2012.07.26 15:01:08.186,0.81303,0.81316,1.50,1.50
2012.07.26 15:01:09.802,0.81303,0.81316,1.50,2.10
2012.07.26 15:01:09.872,0.81301,0.81312,1.50,1.50
2012.07.26 15:01:10.079,0.813,0.81312,1.50,1.50
2012.07.26 15:01:10.258,0.81298,0.81313,3.00,1.88
2012.07.26 15:01:10.646,0.81298,0.81315,3.00,3.38
2012.07.26 15:01:10.766,0.81299,0.81315,1.50,2.63
2012.07.26 15:01:10.945,0.81303,0.81316,2.25,1.88
2012.07.26 15:01:12.977,0.81303,0.81316,3.00,1.88
2012.07.26 15:01:13.532,0.81303,0.81318,2.25,1.50
2012.07.26 15:01:14.286,0.81304,0.81319,2.25,1.50
2012.07.26 15:01:16.276,0.81306,0.81321,2.25,4.13
2012.07.26 15:01:16.797,0.81306,0.81322,3.00,1.88
2012.07.26 15:01:18.437,0.81306,0.8132,1.50,1.50
2012.07.26 15:01:20.152,0.81302,0.8132,3.75,3.00
2012.07.26 15:01:20.699,0.81304,0.81321,1.50,4.88
2012.07.26 15:01:21.193,0.81304,0.81321,3.00,4.88
2012.07.26 15:01:22.448,0.81302,0.81318,3.00,1.50
2012.07.26 15:01:23.103,0.81302,0.81317,3.00,1.50
2012.07.26 15:01:23.176,0.81301,0.81314,1.88,2.85
2012.07.26 15:01:23.531,0.813,0.8131,3.00,1.50
2012.07.26 15:01:23.767,0.813,0.81313,2.25,1.88
2012.07.26 15:01:23.830,0.813,0.81313,2.25,1.88
2012.07.26 15:01:23.951,0.81302,0.81316,3.75,1.13
2012.07.26 15:01:24.362,0.81302,0.81319,3.75,3.00
2012.07.26 15:01:24.484,0.81305,0.8132,2.25,4.13
2012.07.26 15:01:24.779,0.81305,0.81318,1.50,2.25
2012.07.26 15:01:25.298,0.81302,0.81317,3.00,3.38
2012.07.26 15:01:25.940,0.81303,0.81317,1.50,1.50
2012.07.26 15:01:26.062,0.81305,0.81318,2.25,2.25
2012.07.26 15:01:26.242,0.81307,0.81319,1.50,2.25
2012.07.26 15:01:26.772,0.81306,0.81318,1.50,2.25
2012.07.26 15:01:26.996,0.81304,0.81318,3.75,2.25
2012.07.26 15:01:28.036,0.81304,0.81317,2.25,1.13
2012.07.26 15:01:28.329,0.81302,0.81314,1.50,1.50
2012.07.26 15:01:28.623,0.81299,0.81314,2.25,2.25
2012.07.26 15:01:29.141,0.81299,0.81313,2.25,1.35
2012.07.26 15:01:29.432,0.81299,0.81313,2.25,4.28
2012.07.26 15:01:29.784,0.81296,0.81308,2.25,1.88
2012.07.26 15:01:30.309,0.81296,0.81308,3.75,1.13
2012.07.26 15:01:30.726,0.81296,0.81308,1.50,1.13
2012.07.26 15:01:31.663,0.81296,0.81307,1.50,2.93
2012.07.26 15:01:31.729,0.81296,0.81307,1.50,2.18
2012.07.26 15:01:31.795,0.81294,0.81308,1.50,1.50
2012.07.26 15:01:31.919,0.81294,0.8131,2.25,3.75
2012.07.26 15:01:32.038,0.81294,0.81309,2.25,1.50
2012.07.26 15:01:32.563,0.81293,0.81309,2.25,2.25
2012.07.26 15:01:32.915,0.81295,0.8131,2.25,3.00
2012.07.26 15:01:33.264,0.81295,0.81308,1.50,1.50
2012.07.26 15:01:33.615,0.81292,0.81307,1.50,1.50
2012.07.26 15:01:34.085,0.81288,0.81305,3.00,3.00
2012.07.26 15:01:34.608,0.81289,0.81305,1.50,3.00
2012.07.26 15:01:35.220,0.81288,0.81305,3.00,1.50
2012.07.26 15:01:35.722,0.8129,0.81305,2.25,1.50
2012.07.26 15:01:37.243,0.8129,0.81305,3.00,2.25
2012.07.26 15:01:37.846,0.81292,0.81307,1.50,3.75
2012.07.26 15:01:38.362,0.81293,0.81306,1.50,1.50
2012.07.26 15:01:38.719,0.81291,0.81306,3.00,1.50
2012.07.26 15:01:39.463,0.81292,0.81307,2.25,3.75
2012.07.26 15:01:40.039,0.8129,0.81304,1.50,1.50
2012.07.26 15:01:40.448,0.81289,0.81304,3.75,2.25
2012.07.26 15:01:40.796,0.81289,0.81301,1.50,1.50
2012.07.26 15:01:40.919,0.81289,0.81303,1.50,1.50
2012.07.26 15:01:41.429,0.81291,0.81305,2.25,2.25
2012.07.26 15:01:42.063,0.81291,0.81306,2.25,2.25
2012.07.26 15:01:42.469,0.81288,0.81304,1.50,1.50
2012.07.26 15:01:42.820,0.81293,0.81305,1.50,2.25
2012.07.26 15:01:43.174,0.81296,0.81308,1.50,1.88
2012.07.26 15:01:43.812,0.81296,0.81308,1.50,1.13
2012.07.26 15:01:44.362,0.81294,0.81309,1.50,1.50
2012.07.26 15:01:44.599,0.81294,0.81305,1.50,1.50
2012.07.26 15:01:44.952,0.8129,0.81303,4.50,1.50
2012.07.26 15:01:45.470,0.8129,0.81302,4.50,1.50
2012.07.26 15:01:45.535,0.8129,0.81305,1.50,2.25
2012.07.26 15:01:46.218,0.8129,0.81305,3.00,1.50
2012.07.26 15:01:46.631,0.8129,0.81303,1.50,1.50
2012.07.26 15:01:46.866,0.81288,0.81302,3.00,1.50
2012.07.26 15:01:47.340,0.81289,0.81303,1.50,1.50
2012.07.26 15:01:47.590,0.81291,0.81308,3.00,2.63
2012.07.26 15:01:47.653,0.81291,0.81308,3.75,1.88
2012.07.26 15:01:48.114,0.81292,0.81308,4.50,1.50
2012.07.26 15:01:48.859,0.81293,0.8131,3.00,3.38
2012.07.26 15:01:49.473,0.81294,0.8131,1.50,3.00
2012.07.26 15:01:49.823,0.81297,0.8131,2.10,1.50
2012.07.26 15:01:50.002,0.81298,0.81314,2.25,2.30
2012.07.26 15:01:50.123,0.81303,0.81315,1.50,3.75
2012.07.26 15:01:50.244,0.81299,0.81315,2.25,3.75
2012.07.26 15:01:50.538,0.81301,0.81315,2.25,2.25
2012.07.26 15:01:50.889,0.81301,0.81308,1.50,1.50
2012.07.26 15:01:51.070,0.81296,0.81307,1.50,1.50
2012.07.26 15:01:51.551,0.81293,0.81304,1.50,1.50
2012.07.26 15:01:51.613,0.81293,0.81307,1.50,2.63
2012.07.26 15:01:52.855,0.81292,0.81307,3.00,1.88
2012.07.26 15:01:52.974,0.81293,0.81308,1.50,1.13
2012.07.26 15:01:53.719,0.81293,0.81308,2.25,1.13
2012.07.26 15:01:54.067,0.81292,0.81305,3.00,1.50
2012.07.26 15:01:54.434,0.81292,0.81307,1.50,1.88
2012.07.26 15:01:54.956,0.81291,0.81306,1.50,1.50
2012.07.26 15:01:55.739,0.8129,0.81306,4.50,1.50
2012.07.26 15:01:56.709,0.81292,0.81306,2.25,1.50
2012.07.26 15:01:56.886,0.81295,0.81309,2.25,1.88
2012.07.26 15:01:57.497,0.81295,0.81309,1.50,1.88
2012.07.26 15:01:57.905,0.81297,0.81309,1.50,2.30
2012.07.26 15:01:58.371,0.81293,0.81309,2.25,2.30
2012.07.26 15:01:58.994,0.81295,0.81307,1.50,1.50
2012.07.26 15:01:59.624,0.81293,0.81306,1.50,1.50
2012.07.26 15:01:59.876,0.81293,0.81306,1.50,1.50
2012.07.26 15:02:00.408,0.81292,0.81305,2.25,1.50
2012.07.26 15:02:00.757,0.81292,0.81307,3.00,1.18
2012.07.26 15:02:01.233,0.81293,0.81309,1.50,5.23
2012.07.26 15:02:01.592,0.81293,0.81305,2.25,1.50
2012.07.26 15:02:01.788,0.81293,0.81307,2.25,1.93
2012.07.26 15:02:02.489,0.81293,0.81306,2.25,1.50
2012.07.26 15:02:03.023,0.81293,0.81307,2.25,1.93
2012.07.26 15:02:03.680,0.81293,0.81307,2.25,1.93
2012.07.26 15:02:03.801,0.81293,0.81302,1.50,1.50
2012.07.26 15:02:04.093,0.81289,0.81302,1.50,1.50
2012.07.26 15:02:04.611,0.81288,0.81302,2.25,3.00
2012.07.26 15:02:04.674,0.81288,0.81302,2.31,3.00
2012.07.26 15:02:05.026,0.81294,0.81308,2.25,2.30
2012.07.26 15:02:05.491,0.81293,0.81308,1.50,1.93
2012.07.26 15:02:05.784,0.8129,0.81303,1.50,1.50
2012.07.26 15:02:05.904,0.81289,0.81303,2.25,1.50
2012.07.26 15:02:06.686,0.8129,0.81303,2.31,1.50
2012.07.26 15:02:06.865,0.81291,0.81303,2.91,1.50
2012.07.26 15:02:07.216,0.81296,0.81303,1.50,1.50
2012.07.26 15:02:07.347,0.81296,0.81308,1.50,1.50
2012.07.26 15:02:07.502,0.81296,0.8131,1.50,1.50
2012.07.26 15:02:07.622,0.81295,0.81311,2.63,4.50
2012.07.26 15:02:08.146,0.81296,0.81311,2.25,3.00
2012.07.26 15:02:08.698,0.81298,0.81313,1.50,4.50
2012.07.26 15:02:08.760,0.81298,0.81313,1.50,3.75
2012.07.26 15:02:11.487,0.81298,0.81313,1.50,4.93
2012.07.26 15:02:11.719,0.81294,0.8131,4.13,1.18
2012.07.26 15:02:12.255,0.81294,0.81311,3.00,1.93
2012.07.26 15:02:12.546,0.81297,0.81312,1.50,4.85
2012.07.26 15:02:12.891,0.81297,0.81312,2.25,1.50
2012.07.26 15:02:14.223,0.813,0.81313,1.50,1.93
2012.07.26 15:02:14.755,0.81297,0.81313,2.25,1.93
2012.07.26 15:02:16.706,0.81295,0.81312,4.88,1.50
2012.07.26 15:02:20.950,0.81297,0.81313,2.25,3.35
2012.07.26 15:02:23.383,0.81301,0.81313,1.50,2.18
2012.07.26 15:02:23.674,0.81299,0.81313,1.50,3.68
2012.07.26 15:02:24.459,0.81299,0.81313,3.75,2.18
2012.07.26 15:02:24.989,0.81298,0.81313,3.00,3.68
2012.07.26 15:02:26.389,0.81301,0.81313,1.50,2.18
2012.07.26 15:02:26.570,0.81303,0.81318,2.25,2.30
2012.07.26 15:02:26.690,0.81303,0.81317,2.25,2.93
2012.07.26 15:02:27.206,0.81305,0.8132,2.25,1.18
2012.07.26 15:02:27.459,0.81306,0.81321,1.50,1.50
2012.07.26 15:02:27.522,0.81306,0.81321,1.50,1.50
2012.07.26 15:02:27.758,0.81306,0.81322,1.50,1.50
2012.07.26 15:02:27.937,0.81306,0.81322,3.00,4.10
2012.07.26 15:02:27.999,0.81309,0.81322,1.50,2.60
2012.07.26 15:02:28.371,0.81309,0.81324,1.50,3.38
2012.07.26 15:02:29.116,0.81311,0.81325,1.50,1.88
2012.07.26 15:02:30.001,0.81311,0.81324,1.50,1.18
2012.07.26 15:02:30.523,0.81309,0.81324,1.50,2.63
2012.07.26 15:02:30.944,0.81312,0.81326,1.50,5.98
2012.07.26 15:02:31.236,0.8131,0.81324,2.25,1.18
2012.07.26 15:02:31.412,0.8131,0.81321,1.50,2.18
2012.07.26 15:02:31.476,0.81307,0.81321,5.25,2.18
2012.07.26 15:02:32.003,0.81307,0.81321,1.50,2.18
2012.07.26 15:02:35.931,0.81305,0.81321,3.00,4.43
2012.07.26 15:02:38.838,0.81305,0.81321,3.00,3.68
2012.07.26 15:02:40.008,0.81305,0.81318,1.50,1.50
2012.07.26 15:02:40.543,0.81305,0.81319,1.50,1.50
2012.07.26 15:02:41.055,0.81306,0.8132,2.25,2.18
2012.07.26 15:02:41.411,0.81309,0.81321,1.50,1.50
2012.07.26 15:02:41.645,0.81308,0.81321,1.50,2.93
2012.07.26 15:02:42.008,0.81306,0.81317,1.50,1.50
2012.07.26 15:02:42.357,0.81303,0.81315,6.00,1.50
2012.07.26 15:02:42.476,0.81303,0.81315,1.50,1.50
2012.07.26 15:02:43.005,0.81304,0.81315,1.50,1.50
2012.07.26 15:02:43.124,0.81304,0.81317,1.50,3.00
2012.07.26 15:02:43.425,0.81304,0.81315,1.50,1.50
2012.07.26 15:02:43.683,0.81304,0.81317,1.50,1.50
2012.07.26 15:02:44.132,0.81302,0.81316,2.63,2.18
2012.07.26 15:02:44.425,0.81304,0.81318,1.50,3.75
2012.07.26 15:02:46.714,0.81305,0.81318,1.50,2.25
2012.07.26 15:02:46.951,0.81306,0.81318,2.25,2.25
2012.07.26 15:02:47.014,0.8131,0.81323,1.50,1.50
2012.07.26 15:02:47.076,0.8131,0.81322,1.50,2.60
2012.07.26 15:02:47.197,0.81308,0.81322,1.50,4.10
2012.07.26 15:02:47.733,0.81307,0.81322,1.50,4.10
2012.07.26 15:02:48.280,0.81307,0.81322,2.25,1.93
2012.07.26 15:02:48.634,0.81309,0.81323,2.25,1.50
2012.07.26 15:02:49.154,0.81309,0.81324,2.25,3.00
2012.07.26 15:02:50.346,0.81309,0.81324,1.50,2.25
2012.07.26 15:02:50.580,0.81309,0.81321,1.50,2.18
2012.07.26 15:02:50.700,0.81307,0.8132,1.50,1.50
2012.07.26 15:02:52.395,0.81306,0.81321,2.25,2.18
2012.07.26 15:02:52.517,0.8131,0.81321,1.50,2.18
2012.07.26 15:02:52.637,0.8131,0.81324,2.25,4.05
2012.07.26 15:02:53.151,0.81307,0.81322,3.00,1.50
2012.07.26 15:02:53.472,0.81309,0.81324,2.25,2.63
2012.07.26 15:02:53.990,0.81311,0.81324,3.00,1.13
2012.07.26 15:02:54.112,0.81314,0.81327,1.50,1.13
2012.07.26 15:02:54.232,0.81312,0.81327,1.50,1.88
2012.07.26 15:02:54.756,0.8131,0.81321,2.25,1.50
2012.07.26 15:02:55.286,0.81309,0.81321,1.50,1.50
2012.07.26 15:02:55.578,0.81309,0.81323,1.50,2.68
2012.07.26 15:02:55.813,0.81308,0.81321,2.25,1.50
2012.07.26 15:02:55.971,0.81308,0.81323,2.25,2.68
2012.07.26 15:02:57.888,0.8131,0.81325,1.50,2.98
2012.07.26 15:02:58.431,0.81307,0.81323,3.75,2.25
2012.07.26 15:02:59.764,0.81308,0.8132,1.50,1.50
2012.07.26 15:03:00.265,0.81308,0.81322,1.50,2.25
2012.07.26 15:03:00.784,0.81307,0.81321,1.50,2.25
2012.07.26 15:03:02.517,0.81307,0.81318,1.50,1.50
2012.07.26 15:03:02.750,0.81307,0.8132,1.50,1.50
2012.07.26 15:03:03.286,0.81307,0.81322,3.00,2.25
2012.07.26 15:03:03.838,0.81307,0.81322,2.25,2.25
2012.07.26 15:03:07.414,0.81307,0.81322,3.00,3.00
2012.07.26 15:03:07.646,0.81309,0.81323,1.50,1.13
2012.07.26 15:03:08.200,0.81309,0.81325,2.25,2.30
2012.07.26 15:03:08.433,0.81312,0.81325,1.50,2.30
2012.07.26 15:03:08.555,0.81312,0.81325,1.50,2.25
2012.07.26 15:03:08.733,0.81312,0.81327,2.25,2.98
2012.07.26 15:03:09.221,0.81312,0.81328,3.75,1.13
2012.07.26 15:03:09.627,0.81311,0.81326,2.25,1.50
2012.07.26 15:03:09.805,0.8131,0.81326,1.50,4.85
2012.07.26 15:03:10.349,0.81311,0.81326,1.50,4.48
2012.07.26 15:03:11.095,0.81313,0.81326,1.50,4.48
2012.07.26 15:03:11.617,0.81312,0.81326,1.50,3.73
2012.07.26 15:03:11.965,0.81313,0.81327,1.50,1.50
2012.07.26 15:03:12.143,0.81315,0.8133,1.50,3.00
2012.07.26 15:03:12.661,0.81317,0.81331,2.25,1.21
2012.07.26 15:03:13.411,0.81318,0.81331,1.50,1.18
2012.07.26 15:03:14.154,0.81316,0.81331,1.50,2.25
2012.07.26 15:03:17.804,0.81323,0.81333,1.50,1.55
2012.07.26 15:03:17.867,0.81323,0.81334,1.50,2.30
2012.07.26 15:03:17.931,0.81326,0.81334,1.50,1.93
2012.07.26 15:03:18.111,0.81323,0.81336,5.25,2.93
2012.07.26 15:03:18.346,0.81331,0.8134,4.50,2.68
2012.07.26 15:03:18.469,0.81331,0.8134,6.60,2.25
2012.07.26 15:03:18.533,0.81334,0.8134,2.25,1.50
2012.07.26 15:03:18.597,0.81337,0.81348,1.50,1.50
2012.07.26 15:03:18.660,0.81337,0.81349,2.25,1.18
2012.07.26 15:03:18.780,0.81335,0.8135,1.50,3.43
2012.07.26 15:03:19.524,0.81334,0.81348,2.25,1.93
2012.07.26 15:03:19.989,0.81334,0.8135,3.00,1.18
2012.07.26 15:03:20.899,0.81336,0.8135,1.50,1.18
2012.07.26 15:03:21.018,0.81334,0.8135,4.50,1.18
2012.07.26 15:03:21.137,0.81334,0.81348,3.00,1.50
2012.07.26 15:03:22.617,0.81334,0.8135,4.50,1.18
2012.07.26 15:03:23.083,0.81336,0.81351,1.50,2.63
2012.07.26 15:03:23.436,0.8134,0.81351,2.25,1.50
2012.07.26 15:03:23.672,0.81341,0.81356,1.50,3.00
2012.07.26 15:03:24.454,0.8134,0.81356,3.00,2.25
2012.07.26 15:03:25.534,0.8134,0.81355,3.00,1.50
2012.07.26 15:03:26.042,0.8134,0.81357,4.50,2.25
2012.07.26 15:03:29.923,0.81346,0.81357,2.25,2.25
2012.07.26 15:03:30.334,0.81345,0.81358,4.50,1.50
2012.07.26 15:03:30.695,0.81345,0.81355,4.50,1.50
2012.07.26 15:03:30.995,0.81345,0.81357,5.25,1.50
2012.07.26 15:03:31.059,0.81347,0.8136,1.50,2.63
2012.07.26 15:03:31.598,0.81345,0.81359,1.50,1.50
2012.07.26 15:03:31.660,0.81342,0.81354,1.50,1.50
2012.07.26 15:03:32.356,0.8134,0.81354,3.75,1.50
2012.07.26 15:03:32.476,0.81341,0.81356,2.25,2.25
2012.07.26 15:03:33.056,0.81345,0.81356,1.50,2.25
2012.07.26 15:03:33.410,0.81347,0.81358,3.00,1.50
2012.07.26 15:03:33.473,0.81347,0.81361,2.25,1.50
2012.07.26 15:03:33.821,0.81347,0.81361,1.88,2.25
2012.07.26 15:03:34.128,0.81345,0.81356,1.50,1.50
2012.07.26 15:03:34.479,0.81344,0.81354,4.50,1.50
2012.07.26 15:03:35.998,0.81343,0.81354,1.50,1.50
2012.07.26 15:03:36.543,0.81341,0.81354,2.25,1.50
2012.07.26 15:03:36.611,0.81341,0.81354,2.25,1.50
2012.07.26 15:03:36.674,0.81339,0.81352,1.50,1.50
2012.07.26 15:03:36.982,0.81343,0.81357,2.25,1.13
2012.07.26 15:03:37.254,0.81345,0.81358,1.50,1.50
2012.07.26 15:03:37.775,0.81346,0.8136,1.50,2.25
2012.07.26 15:03:38.307,0.81347,0.81362,1.50,1.93
2012.07.26 15:03:38.825,0.81346,0.81361,1.50,1.50
2012.07.26 15:03:39.531,0.81344,0.81356,1.50,1.50
2012.07.26 15:03:39.653,0.81344,0.81358,1.50,1.50
2012.07.26 15:03:39.947,0.81342,0.81358,1.50,2.25
2012.07.26 15:03:40.126,0.81341,0.81356,2.25,3.00
2012.07.26 15:03:40.480,0.81338,0.8135,1.50,2.25
2012.07.26 15:03:40.830,0.81334,0.81349,1.50,4.43
2012.07.26 15:03:40.950,0.81333,0.81349,2.25,4.43
2012.07.26 15:03:41.922,0.81334,0.8135,2.25,1.50
2012.07.26 15:03:42.957,0.81334,0.8135,3.00,1.50
2012.07.26 15:03:43.193,0.81334,0.81348,3.00,1.50
2012.07.26 15:03:43.720,0.81336,0.81348,1.50,2.25
2012.07.26 15:03:46.248,0.81339,0.81353,1.50,1.88
2012.07.26 15:03:46.600,0.81336,0.81351,3.00,8.18
2012.07.26 15:03:46.953,0.81334,0.81347,5.25,2.25
2012.07.26 15:03:47.189,0.81331,0.81345,2.25,2.93
2012.07.26 15:03:47.367,0.81332,0.81345,1.50,3.68
2012.07.26 15:03:47.907,0.8133,0.81343,1.50,2.25
2012.07.26 15:03:48.278,0.8133,0.81345,1.50,1.50
2012.07.26 15:03:48.534,0.81333,0.81346,1.50,2.25
2012.07.26 15:03:48.766,0.8133,0.81346,1.50,2.25
2012.07.26 15:03:49.310,0.81331,0.81347,1.50,3.00
2012.07.26 15:03:49.439,0.81337,0.81348,1.50,2.93
2012.07.26 15:03:49.561,0.81337,0.8135,1.50,1.13
2012.07.26 15:03:49.799,0.81336,0.81346,1.50,1.35
2012.07.26 15:03:49.863,0.81334,0.81346,1.50,1.50
2012.07.26 15:03:50.367,0.81333,0.81346,1.50,3.00
2012.07.26 15:03:50.618,0.81331,0.81346,1.50,4.35
2012.07.26 15:03:51.158,0.81333,0.81346,1.50,3.75
2012.07.26 15:03:51.701,0.81332,0.81346,1.50,3.00
2012.07.26 15:03:52.231,0.81333,0.81346,1.50,1.50
2012.07.26 15:03:52.751,0.81334,0.81349,1.50,3.75
2012.07.26 15:03:53.271,0.81333,0.81347,1.50,1.35
2012.07.26 15:03:53.564,0.81327,0.81344,2.25,6.68
2012.07.26 15:03:54.083,0.81329,0.81345,1.50,1.88
2012.07.26 15:03:54.686,0.81331,0.81346,1.50,1.13
2012.07.26 15:03:54.926,0.81327,0.81342,2.25,2.25
2012.07.26 15:03:55.566,0.81327,0.81342,1.50,4.50
2012.07.26 15:03:56.326,0.81325,0.8134,2.25,1.50
2012.07.26 15:03:57.254,0.81325,0.8134,2.25,2.25
2012.07.26 15:03:59.663,0.81325,0.8134,1.50,2.25
2012.07.26 15:03:59.783,0.81329,0.81341,1.50,1.18
2012.07.26 15:04:00.310,0.81328,0.81341,1.50,1.93
2012.07.26 15:04:00.373,0.81324,0.81341,3.00,3.43
2012.07.26 15:04:00.683,0.81324,0.8134,2.25,1.50
2012.07.26 15:04:01.420,0.81323,0.81339,1.50,1.50
2012.07.26 15:04:01.540,0.81323,0.81337,1.50,1.50
2012.07.26 15:04:01.895,0.81322,0.81336,3.00,2.25
2012.07.26 15:04:02.134,0.81319,0.8133,1.50,1.50
2012.07.26 15:04:02.654,0.81318,0.8133,1.50,1.88
2012.07.26 15:04:03.038,0.81314,0.81329,2.25,1.50
2012.07.26 15:04:03.527,0.81313,0.81327,2.25,1.50
2012.07.26 15:04:04.272,0.81313,0.81327,2.25,1.50
2012.07.26 15:04:04.335,0.81315,0.81329,1.50,1.50
2012.07.26 15:04:04.458,0.81315,0.81331,3.00,1.50
2012.07.26 15:04:04.862,0.81315,0.81332,3.75,3.00
2012.07.26 15:04:05.220,0.8132,0.81335,1.50,1.13
2012.07.26 15:04:05.912,0.8132,0.81337,1.50,4.18
2012.07.26 15:04:06.262,0.81322,0.81337,1.50,2.25
2012.07.26 15:04:06.784,0.81323,0.81338,1.50,2.25
2012.07.26 15:04:07.139,0.81321,0.81337,1.50,2.25
2012.07.26 15:04:07.316,0.81321,0.81337,2.25,2.25
2012.07.26 15:04:08.962,0.8132,0.81336,5.25,3.00
2012.07.26 15:04:09.313,0.81317,0.8133,4.50,1.50
2012.07.26 15:04:09.865,0.81317,0.81331,6.00,1.50
2012.07.26 15:04:10.216,0.81319,0.81333,2.25,1.50
2012.07.26 15:04:10.740,0.81318,0.81332,1.50,1.50
2012.07.26 15:04:11.147,0.81317,0.81331,2.25,3.00
2012.07.26 15:04:11.500,0.81323,0.81334,1.50,1.50
2012.07.26 15:04:11.563,0.81323,0.81335,1.50,1.50
2012.07.26 15:04:11.683,0.81321,0.81336,1.50,1.50
2012.07.26 15:04:12.247,0.81321,0.81337,2.25,1.50
2012.07.26 15:04:12.483,0.81321,0.81334,2.25,3.00
2012.07.26 15:04:13.994,0.81319,0.81332,4.50,4.50
2012.07.26 15:04:14.115,0.81315,0.81331,2.25,1.50
2012.07.26 15:04:14.178,0.81314,0.81328,1.50,1.50
2012.07.26 15:04:15.736,0.81315,0.8133,3.00,1.50
2012.07.26 15:04:15.969,0.81315,0.81332,3.00,2.25
2012.07.26 15:04:16.088,0.81315,0.81332,3.00,2.25
2012.07.26 15:04:16.552,0.81315,0.81329,3.00,1.50
2012.07.26 15:04:16.861,0.81314,0.81327,1.50,1.50
2012.07.26 15:04:17.181,0.81311,0.81328,4.50,2.25
2012.07.26 15:04:17.699,0.81311,0.81328,5.25,2.25
2012.07.26 15:04:17.820,0.81313,0.81328,1.35,1.50
2012.07.26 15:04:18.056,0.81317,0.81332,2.25,3.00
2012.07.26 15:04:18.177,0.81319,0.81332,1.50,1.50
2012.07.26 15:04:18.862,0.81318,0.81332,2.25,1.50
2012.07.26 15:04:19.272,0.81319,0.81334,1.50,1.13
2012.07.26 15:04:19.843,0.81319,0.81333,2.25,1.50
2012.07.26 15:04:20.387,0.81319,0.81334,1.50,1.13
2012.07.26 15:04:20.923,0.81322,0.81336,1.50,3.00
2012.07.26 15:04:20.985,0.81322,0.81336,1.50,1.50
2012.07.26 15:04:21.815,0.81322,0.81336,1.50,2.25
2012.07.26 15:04:22.249,0.81319,0.81335,2.25,3.00
2012.07.26 15:04:22.772,0.81323,0.81335,1.50,1.50
2012.07.26 15:04:22.836,0.81323,0.81338,1.50,5.18
2012.07.26 15:04:23.357,0.81322,0.81339,3.75,4.50
2012.07.26 15:04:23.893,0.81322,0.81339,3.00,4.50
2012.07.26 15:04:24.128,0.81322,0.81339,3.00,3.75
2012.07.26 15:04:24.801,0.81322,0.81339,3.75,3.75
2012.07.26 15:04:25.151,0.81328,0.81343,1.50,3.05
2012.07.26 15:04:25.673,0.81328,0.81341,1.50,1.55
2012.07.26 15:04:26.022,0.81324,0.81337,1.50,1.50
2012.07.26 15:04:26.535,0.81322,0.81336,6.00,2.25
2012.07.26 15:04:26.880,0.81319,0.81334,2.25,1.50
2012.07.26 15:04:26.943,0.81319,0.81332,2.25,1.50
2012.07.26 15:04:27.182,0.81316,0.81332,3.75,1.50
2012.07.26 15:04:27.302,0.81316,0.81332,2.25,6.35
2012.07.26 15:04:27.365,0.81315,0.81329,1.88,1.50
2012.07.26 15:04:28.062,0.81316,0.81328,1.50,1.50
2012.07.26 15:04:28.569,0.81314,0.81328,2.63,1.50
2012.07.26 15:04:29.117,0.81314,0.81329,1.88,1.50
2012.07.26 15:04:29.674,0.81314,0.81328,1.50,1.50
2012.07.26 15:04:30.023,0.81316,0.81329,1.50,2.25
2012.07.26 15:04:30.342,0.81316,0.81332,1.50,1.50
2012.07.26 15:04:30.946,0.81317,0.81332,1.50,3.00
2012.07.26 15:04:31.066,0.81315,0.81329,1.50,1.50
2012.07.26 15:04:31.418,0.81312,0.81327,3.75,3.00
2012.07.26 15:04:31.952,0.81315,0.81328,1.50,2.25
2012.07.26 15:04:32.873,0.81312,0.81328,2.25,3.00
2012.07.26 15:04:33.222,0.81313,0.81329,1.50,2.25
2012.07.26 15:04:33.570,0.81317,0.81331,1.50,1.50
2012.07.26 15:04:34.087,0.81316,0.81331,1.50,2.25
2012.07.26 15:04:37.124,0.81316,0.81329,1.50,1.50
2012.07.26 15:04:37.306,0.81313,0.81328,3.00,1.50
2012.07.26 15:04:37.824,0.81314,0.81329,2.25,2.25
2012.07.26 15:04:38.351,0.81314,0.81329,2.25,3.00
2012.07.26 15:04:38.472,0.81317,0.81329,2.25,1.50
2012.07.26 15:04:38.830,0.8132,0.81331,1.50,1.50
2012.07.26 15:04:39.007,0.81318,0.81336,3.00,3.00
2012.07.26 15:04:39.577,0.81318,0.81334,1.50,2.63
2012.07.26 15:04:39.831,0.81316,0.81331,3.75,1.50
2012.07.26 15:04:40.378,0.81315,0.81332,3.75,2.25
2012.07.26 15:04:40.713,0.81316,0.81332,1.50,1.50
2012.07.26 15:04:42.544,0.81316,0.81332,1.50,1.50
2012.07.26 15:04:43.195,0.81315,0.81332,5.25,1.50
2012.07.26 15:04:43.547,0.81311,0.81325,1.50,1.50
2012.07.26 15:04:44.066,0.81311,0.81326,3.00,1.50
2012.07.26 15:04:44.619,0.81314,0.81326,1.50,1.50
2012.07.26 15:04:44.796,0.81314,0.8133,3.75,1.13
2012.07.26 15:04:44.858,0.81314,0.81331,3.75,2.63
2012.07.26 15:04:45.430,0.81315,0.81331,1.50,2.63
2012.07.26 15:04:45.776,0.81315,0.81328,1.50,1.50
2012.07.26 15:04:46.279,0.81315,0.8133,3.00,2.25
2012.07.26 15:04:46.513,0.81315,0.8133,3.00,3.00
2012.07.26 15:04:46.923,0.81315,0.81322,1.50,1.50
2012.07.26 15:04:46.990,0.81308,0.8132,3.00,1.50
2012.07.26 15:04:47.054,0.81308,0.8132,3.00,1.50
2012.07.26 15:04:47.174,0.81308,0.81322,3.00,3.00
2012.07.26 15:04:47.431,0.81309,0.81324,2.25,1.88
2012.07.26 15:04:47.494,0.81309,0.81322,1.50,1.50
2012.07.26 15:04:47.614,0.81309,0.81324,3.00,1.88
2012.07.26 15:04:48.151,0.81308,0.81324,2.25,1.13
2012.07.26 15:04:48.213,0.81308,0.81324,3.00,1.13
2012.07.26 15:04:49.076,0.81309,0.81325,4.88,2.63
2012.07.26 15:04:49.308,0.8131,0.81327,2.25,1.88
2012.07.26 15:04:49.964,0.81312,0.81328,1.50,2.63
2012.07.26 15:04:50.239,0.81312,0.81328,1.50,2.25
2012.07.26 15:04:50.848,0.81312,0.81327,2.25,1.50
2012.07.26 15:04:51.087,0.81313,0.81327,1.50,1.50
2012.07.26 15:04:51.266,0.81314,0.8133,1.50,2.25
2012.07.26 15:04:51.443,0.81318,0.81331,1.50,3.75
2012.07.26 15:04:51.964,0.81319,0.81333,1.50,4.13
2012.07.26 15:04:53.205,0.81318,0.81333,3.75,2.63
2012.07.26 15:04:53.561,0.8132,0.81333,1.50,1.13
2012.07.26 15:04:53.910,0.81321,0.81335,2.25,1.88
2012.07.26 15:04:54.417,0.81322,0.81336,1.50,1.13
2012.07.26 15:04:54.966,0.81323,0.81337,1.50,1.50
2012.07.26 15:04:55.486,0.81323,0.81338,2.25,1.50
2012.07.26 15:04:56.007,0.81322,0.81339,4.50,2.25
2012.07.26 15:04:57.217,0.81322,0.81339,3.75,2.25
2012.07.26 15:04:59.156,0.81324,0.81339,2.10,2.25
2012.07.26 15:04:59.508,0.8133,0.81343,3.00,6.30
2012.07.26 15:04:59.859,0.8133,0.81346,5.25,4.50
2012.07.26 15:05:00.849,0.81334,0.81346,1.50,4.50
2012.07.26 15:05:00.969,0.81332,0.81346,1.50,4.50
2012.07.26 15:05:01.499,0.81332,0.81347,1.50,2.25
2012.07.26 15:05:01.562,0.81332,0.81347,1.50,5.18
2012.07.26 15:05:01.624,0.8133,0.81346,3.00,2.25
2012.07.26 15:05:02.176,0.81329,0.81344,1.50,1.50
2012.07.26 15:05:02.686,0.81329,0.81345,3.00,2.25
2012.07.26 15:05:03.412,0.8133,0.81346,1.50,2.63
2012.07.26 15:05:03.763,0.81333,0.81348,1.50,2.63
2012.07.26 15:05:04.305,0.81334,0.81348,1.50,2.63
2012.07.26 15:05:04.596,0.81337,0.81348,1.50,1.13
2012.07.26 15:05:04.773,0.81337,0.81351,1.50,1.88
2012.07.26 15:05:05.313,0.81337,0.81352,1.50,1.88
2012.07.26 15:05:05.756,0.81336,0.81349,1.50,1.50
2012.07.26 15:05:06.164,0.81333,0.81347,3.00,1.50
2012.07.26 15:05:06.569,0.81331,0.81347,2.25,3.03
2012.07.26 15:05:06.634,0.8133,0.81346,4.50,2.88
2012.07.26 15:05:06.988,0.81326,0.81338,2.25,1.50
2012.07.26 15:05:07.338,0.81326,0.81336,2.25,2.85
2012.07.26 15:05:07.578,0.81325,0.81334,1.50,2.18
2012.07.26 15:05:07.700,0.81325,0.81339,1.50,2.63
2012.07.26 15:05:08.232,0.81324,0.81339,1.50,2.25
2012.07.26 15:05:08.411,0.81322,0.81335,2.25,1.50
2012.07.26 15:05:08.760,0.81322,0.81329,1.50,1.50
2012.07.26 15:05:09.203,0.81319,0.81329,3.00,1.50
2012.07.26 15:05:09.324,0.81321,0.81336,1.50,4.50
2012.07.26 15:05:09.444,0.81319,0.81335,5.25,2.25
2012.07.26 15:05:09.995,0.81319,0.81335,4.50,2.85
2012.07.26 15:05:10.343,0.81319,0.81333,1.50,2.25
2012.07.26 15:05:11.669,0.8132,0.81335,1.50,3.00
2012.07.26 15:05:13.054,0.81319,0.81335,2.25,1.50
2012.07.26 15:05:13.579,0.81318,0.81333,1.50,3.00
2012.07.26 15:05:14.124,0.81317,0.81331,1.50,1.50
2012.07.26 15:05:14.646,0.81316,0.81331,2.25,1.50
2012.07.26 15:05:15.697,0.81316,0.8133,2.25,2.18
2012.07.26 15:05:15.817,0.81313,0.81328,5.25,2.25
2012.07.26 15:05:15.880,0.81313,0.81328,4.50,2.25
2012.07.26 15:05:16.348,0.81313,0.81325,3.00,1.50
2012.07.26 15:05:16.468,0.81313,0.81328,1.50,2.25
2012.07.26 15:05:16.588,0.81313,0.8133,3.00,2.25
2012.07.26 15:05:17.103,0.81314,0.8133,2.25,1.50
2012.07.26 15:05:18.071,0.81316,0.81331,1.50,3.75
2012.07.26 15:05:19.003,0.81312,0.81329,5.25,2.25
2012.07.26 15:05:19.123,0.81312,0.81329,4.50,2.25
2012.07.26 15:05:19.755,0.81311,0.81328,3.00,2.25
2012.07.26 15:05:19.873,0.81314,0.8133,1.50,4.50
2012.07.26 15:05:20.391,0.81312,0.81329,2.25,2.25
2012.07.26 15:05:20.861,0.8131,0.81326,2.25,1.50
2012.07.26 15:05:20.924,0.81309,0.81326,3.75,1.50
2012.07.26 15:05:21.329,0.81309,0.81324,1.50,2.25
2012.07.26 15:05:21.850,0.8131,0.81324,1.50,2.25
2012.07.26 15:05:22.196,0.81308,0.8132,1.50,1.50
2012.07.26 15:05:22.372,0.81308,0.81322,3.75,1.50
2012.07.26 15:05:22.833,0.81309,0.81323,1.13,1.50
2012.07.26 15:05:23.123,0.8131,0.81327,3.00,2.25
2012.07.26 15:05:23.653,0.81312,0.81327,1.50,1.50
2012.07.26 15:05:23.715,0.8131,0.81325,4.50,1.50
2012.07.26 15:05:23.949,0.81308,0.81325,2.63,2.25
2012.07.26 15:05:24.464,0.81307,0.81324,3.38,4.35
2012.07.26 15:05:24.815,0.81306,0.8132,1.13,1.50
2012.07.26 15:05:24.878,0.81308,0.81323,1.50,3.75
2012.07.26 15:05:25.220,0.81306,0.81321,2.63,1.50
2012.07.26 15:05:25.628,0.81307,0.81324,2.25,4.50
2012.07.26 15:05:25.985,0.81307,0.81322,1.50,1.50
2012.07.26 15:05:26.336,0.81306,0.81319,1.50,3.00
2012.07.26 15:05:26.625,0.81303,0.81319,1.50,3.00
2012.07.26 15:05:27.149,0.813,0.81315,4.13,1.50
2012.07.26 15:05:27.682,0.813,0.81315,3.38,1.50
2012.07.26 15:05:28.241,0.81302,0.81317,1.50,2.25
2012.07.26 15:05:30.258,0.81302,0.81317,1.50,2.25
2012.07.26 15:05:30.666,0.81305,0.81319,2.25,1.50
2012.07.26 15:05:31.028,0.81302,0.81317,2.25,2.25
2012.07.26 15:05:31.091,0.813,0.81317,1.88,2.25
2012.07.26 15:05:31.210,0.81301,0.81317,1.56,2.25
2012.07.26 15:05:31.559,0.81309,0.81323,1.50,1.13
2012.07.26 15:05:31.622,0.81307,0.81323,1.50,1.13
2012.07.26 15:05:32.149,0.81306,0.81321,2.25,4.35
2012.07.26 15:05:32.502,0.81301,0.81315,6.75,1.50
2012.07.26 15:05:32.566,0.81301,0.81315,1.50,1.50
2012.07.26 15:05:32.630,0.81301,0.81313,1.50,1.50
2012.07.26 15:05:32.952,0.81299,0.81312,1.88,2.25
2012.07.26 15:05:33.015,0.81297,0.81312,2.25,2.25
2012.07.26 15:05:33.078,0.81297,0.81312,2.25,2.25
2012.07.26 15:05:33.430,0.81294,0.81311,5.25,3.75
2012.07.26 15:05:34.033,0.81296,0.81313,2.25,2.63
2012.07.26 15:05:34.098,0.81297,0.81313,1.50,1.50
2012.07.26 15:05:35.632,0.81297,0.81313,1.50,1.93
2012.07.26 15:05:35.871,0.81294,0.81309,3.00,1.18
2012.07.26 15:05:35.934,0.81293,0.81306,1.50,1.50
2012.07.26 15:05:36.055,0.81293,0.81308,3.75,1.50
2012.07.26 15:05:36.175,0.81293,0.81311,4.50,3.38
2012.07.26 15:05:36.703,0.81295,0.81311,3.00,1.88
2012.07.26 15:05:36.997,0.81295,0.81309,1.50,2.25
2012.07.26 15:05:37.178,0.81293,0.81308,3.00,3.00
2012.07.26 15:05:37.242,0.81293,0.81304,1.50,1.50
2012.07.26 15:05:37.617,0.81288,0.81302,4.50,1.50
2012.07.26 15:05:37.794,0.81287,0.81301,2.25,1.93
2012.07.26 15:05:38.030,0.81284,0.813,2.25,1.50
2012.07.26 15:05:38.094,0.81287,0.81301,1.50,1.50
2012.07.26 15:05:38.274,0.81285,0.81301,2.31,1.50
2012.07.26 15:05:38.577,0.81289,0.81304,1.50,3.00
2012.07.26 15:05:39.117,0.81289,0.81304,2.25,1.50
2012.07.26 15:05:39.467,0.81293,0.81307,1.50,3.30
2012.07.26 15:05:40.619,0.81293,0.81305,1.50,2.15
2012.07.26 15:05:41.140,0.81291,0.81307,2.31,1.50
2012.07.26 15:05:41.377,0.81295,0.81309,1.50,1.50
2012.07.26 15:05:41.725,0.81295,0.81309,1.50,1.50
2012.07.26 15:05:41.788,0.81292,0.81307,1.50,2.25
2012.07.26 15:05:41.910,0.81292,0.81307,2.25,1.50
2012.07.26 15:05:42.093,0.81292,0.81307,2.25,1.50
2012.07.26 15:05:43.400,0.81295,0.81309,1.50,2.25
2012.07.26 15:05:44.981,0.81295,0.81309,1.50,1.50
2012.07.26 15:05:45.330,0.81295,0.81306,1.50,1.18
2012.07.26 15:05:45.393,0.81292,0.81306,1.50,2.68
2012.07.26 15:05:45.512,0.81289,0.81306,3.00,2.68
2012.07.26 15:05:45.690,0.81293,0.81305,1.50,1.13
2012.07.26 15:05:46.302,0.81293,0.81306,1.50,1.13
2012.07.26 15:05:46.571,0.81297,0.81308,1.50,1.13
2012.07.26 15:05:48.824,0.81294,0.81308,1.50,1.13
2012.07.26 15:05:48.886,0.81294,0.81308,1.50,1.13
2012.07.26 15:05:49.532,0.81291,0.81308,4.50,2.25
2012.07.26 15:05:49.593,0.81291,0.81308,3.75,2.25
2012.07.26 15:05:50.281,0.81292,0.81307,1.50,1.50
2012.07.26 15:05:50.457,0.81292,0.81306,1.50,1.50
2012.07.26 15:05:50.691,0.81292,0.81306,2.25,1.18
2012.07.26 15:05:50.980,0.81292,0.81305,1.50,1.13
2012.07.26 15:05:51.446,0.81291,0.81308,3.75,2.63
2012.07.26 15:05:51.509,0.81293,0.81308,1.50,2.63
2012.07.26 15:05:51.852,0.81295,0.81308,1.50,1.13
2012.07.26 15:05:52.387,0.81295,0.81309,1.50,1.50
2012.07.26 15:05:54.322,0.81293,0.81308,1.50,2.25
2012.07.26 15:05:54.850,0.81293,0.81308,1.50,3.60
2012.07.26 15:05:54.969,0.81293,0.81306,1.50,2.93
2012.07.26 15:05:55.206,0.81291,0.81305,1.50,4.18
2012.07.26 15:05:55.729,0.81292,0.81305,1.50,1.88
2012.07.26 15:05:55.849,0.81292,0.81307,1.50,2.68
2012.07.26 15:05:56.113,0.81293,0.81308,2.25,3.00
2012.07.26 15:05:56.466,0.8129,0.81305,3.75,2.25
2012.07.26 15:05:56.586,0.8129,0.81305,3.00,2.25
2012.07.26 15:05:57.473,0.81291,0.81306,1.50,1.88
2012.07.26 15:05:57.823,0.81291,0.81308,1.50,2.63
2012.07.26 15:05:58.221,0.81294,0.81309,1.50,2.63
2012.07.26 15:05:58.671,0.81292,0.81302,1.50,6.00
2012.07.26 15:05:59.025,0.81287,0.81298,3.00,4.50
2012.07.26 15:05:59.261,0.81285,0.81298,3.00,4.50
2012.07.26 15:05:59.784,0.81284,0.81298,1.50,4.50
2012.07.26 15:06:01.539,0.81282,0.81295,2.25,4.50
2012.07.26 15:06:02.056,0.81281,0.81294,1.50,2.25
2012.07.26 15:06:02.119,0.81278,0.81294,1.88,2.25
2012.07.26 15:06:02.958,0.81278,0.81292,2.63,3.00
2012.07.26 15:06:05.006,0.81277,0.81287,2.25,3.00
2012.07.26 15:06:05.185,0.81273,0.81284,1.88,1.50
2012.07.26 15:06:05.309,0.81273,0.81281,1.50,4.50
2012.07.26 15:06:05.546,0.8127,0.8128,1.50,2.25
2012.07.26 15:06:05.609,0.8127,0.81274,1.50,1.50
2012.07.26 15:06:05.674,0.81266,0.81274,1.13,1.50
2012.07.26 15:06:05.973,0.81261,0.81274,1.50,3.00
2012.07.26 15:06:06.094,0.81261,0.81272,2.25,1.50
2012.07.26 15:06:06.215,0.81261,0.81274,3.00,3.00
2012.07.26 15:06:06.336,0.81261,0.81271,1.50,1.50
2012.07.26 15:06:06.457,0.81261,0.81273,1.50,1.50
2012.07.26 15:06:06.523,0.81259,0.81271,1.50,2.25
2012.07.26 15:06:06.821,0.81256,0.81271,3.00,3.75
2012.07.26 15:06:06.885,0.81256,0.81267,2.25,1.50
2012.07.26 15:06:06.949,0.81255,0.81267,1.50,1.50
2012.07.26 15:06:07.427,0.81251,0.81264,1.50,3.00
2012.07.26 15:06:07.604,0.81249,0.81264,3.00,3.75
2012.07.26 15:06:08.065,0.8125,0.81263,1.50,5.25
2012.07.26 15:06:08.628,0.81248,0.81263,2.25,5.25
2012.07.26 15:06:09.555,0.81246,0.81262,4.88,1.50
2012.07.26 15:06:09.619,0.81246,0.81259,4.13,4.50
2012.07.26 15:06:09.970,0.81249,0.81259,1.50,4.50
2012.07.26 15:06:10.320,0.81251,0.81259,1.50,4.50
2012.07.26 15:06:11.007,0.81249,0.81259,2.25,4.50
2012.07.26 15:06:11.677,0.81251,0.81259,1.50,4.50
2012.07.26 15:06:11.990,0.81251,0.81266,2.31,1.50
2012.07.26 15:06:12.110,0.81253,0.81266,1.50,1.50
2012.07.26 15:06:12.630,0.81252,0.81267,1.50,1.88
2012.07.26 15:06:13.433,0.81252,0.81264,1.50,4.50
2012.07.26 15:06:13.869,0.81254,0.81264,1.50,4.50
2012.07.26 15:06:14.526,0.81256,0.81264,1.50,4.50
2012.07.26 15:06:15.224,0.81256,0.81268,1.50,1.13
2012.07.26 15:06:15.827,0.81253,0.81268,1.50,1.13
2012.07.26 15:06:16.623,0.81253,0.81268,1.50,4.50
2012.07.26 15:06:16.975,0.81255,0.81268,1.50,5.25
2012.07.26 15:06:17.095,0.81253,0.81268,2.25,6.00
2012.07.26 15:06:17.625,0.81252,0.81268,2.25,4.50
2012.07.26 15:06:18.203,0.81253,0.81266,1.50,1.50
2012.07.26 15:06:18.326,0.8125,0.81262,2.25,1.50
2012.07.26 15:06:18.563,0.8125,0.81264,2.25,3.00
2012.07.26 15:06:19.102,0.81249,0.81264,2.25,2.25
2012.07.26 15:06:19.405,0.81247,0.81262,1.56,1.50
2012.07.26 15:06:19.468,0.81247,0.81262,1.56,3.60
2012.07.26 15:06:19.765,0.81243,0.81259,2.25,1.73
2012.07.26 15:06:20.291,0.81244,0.81259,1.50,2.25
2012.07.26 15:06:20.411,0.81244,0.81259,3.75,2.25
2012.07.26 15:06:20.762,0.81249,0.81265,1.50,1.50
2012.07.26 15:06:22.014,0.81249,0.81266,2.25,3.00
2012.07.26 15:06:23.097,0.81249,0.81263,2.25,1.50
2012.07.26 15:06:23.715,0.81248,0.81263,2.25,1.50
2012.07.26 15:06:25.274,0.81247,0.81264,2.25,2.25
2012.07.26 15:06:25.648,0.8125,0.81265,1.50,2.25
2012.07.26 15:06:26.644,0.8125,0.81265,1.50,8.93
2012.07.26 15:06:27.046,0.81247,0.81263,1.50,2.25
2012.07.26 15:06:27.571,0.81248,0.81263,1.56,2.25
2012.07.26 15:06:27.809,0.81252,0.81265,1.50,1.93
2012.07.26 15:06:27.930,0.81255,0.81267,1.50,2.25
2012.07.26 15:06:28.485,0.81253,0.81266,1.50,1.50
2012.07.26 15:06:29.013,0.81254,0.81266,1.50,2.25
2012.07.26 15:06:29.076,0.81252,0.81266,1.50,2.25
2012.07.26 15:06:29.139,0.81249,0.81265,1.50,2.25
2012.07.26 15:06:30.388,0.81248,0.81265,3.00,3.00
2012.07.26 15:06:30.906,0.81248,0.81265,4.56,3.00
2012.07.26 15:06:31.028,0.81252,0.81265,1.50,1.50
2012.07.26 15:06:31.376,0.81254,0.81265,1.50,1.50
2012.07.26 15:06:31.553,0.81254,0.81269,1.50,3.00
2012.07.26 15:06:31.675,0.81252,0.81267,3.00,1.50
2012.07.26 15:06:31.910,0.81248,0.81265,4.50,2.25
2012.07.26 15:06:32.199,0.81251,0.81265,1.50,1.50
2012.07.26 15:06:32.432,0.81249,0.81264,1.50,4.43
2012.07.26 15:06:32.681,0.81249,0.81264,1.50,8.93
2012.07.26 15:06:34.054,0.81247,0.81264,2.25,10.43
2012.07.26 15:06:34.231,0.81246,0.81263,3.00,2.25
2012.07.26 15:06:34.667,0.81248,0.81263,2.25,1.50
2012.07.26 15:06:35.301,0.81247,0.81262,2.25,1.88
2012.07.26 15:06:35.810,0.81247,0.81262,2.25,1.50
2012.07.26 15:06:36.114,0.81249,0.81264,1.50,1.50
2012.07.26 15:06:36.290,0.81249,0.81264,3.75,1.50
2012.07.26 15:06:36.642,0.81255,0.81269,3.75,6.00
2012.07.26 15:06:36.877,0.81257,0.81272,1.50,1.50
2012.07.26 15:06:37.507,0.81255,0.8127,3.75,1.50
2012.07.26 15:06:37.704,0.81257,0.81272,2.25,2.25
2012.07.26 15:06:38.988,0.81257,0.81273,2.25,1.50
2012.07.26 15:06:39.506,0.81257,0.81273,1.50,2.68
2012.07.26 15:06:40.034,0.81256,0.81272,2.25,1.50
2012.07.26 15:06:40.752,0.81258,0.81273,1.50,4.50
2012.07.26 15:06:41.383,0.81261,0.81275,1.50,2.25
2012.07.26 15:06:42.826,0.81259,0.81274,1.50,2.25
2012.07.26 15:06:44.067,0.81259,0.81273,1.50,1.50
2012.07.26 15:06:44.371,0.81257,0.81269,1.50,1.18
2012.07.26 15:06:44.434,0.81257,0.8127,1.50,1.18
2012.07.26 15:06:44.697,0.81255,0.81271,3.00,1.50
2012.07.26 15:06:44.990,0.81258,0.81271,1.50,1.50
2012.07.26 15:06:46.960,0.81256,0.8127,1.50,3.60
2012.07.26 15:06:47.197,0.81255,0.81269,1.50,2.25
2012.07.26 15:06:47.512,0.8125,0.81265,2.25,1.50
2012.07.26 15:06:50.398,0.81253,0.81265,1.50,2.25
2012.07.26 15:06:50.740,0.81253,0.81265,2.10,1.50
2012.07.26 15:06:50.862,0.81257,0.81267,1.50,1.50
2012.07.26 15:06:51.158,0.81257,0.81269,1.50,1.50
2012.07.26 15:06:51.745,0.81257,0.81268,1.50,1.50
2012.07.26 15:06:51.865,0.81257,0.81271,1.50,1.50
2012.07.26 15:06:52.161,0.81253,0.81271,3.00,4.50
2012.07.26 15:06:53.605,0.81253,0.81271,4.50,2.25
2012.07.26 15:06:54.134,0.81258,0.81272,1.50,1.50
2012.07.26 15:06:54.254,0.81255,0.81272,3.75,3.00
2012.07.26 15:06:55.877,0.81255,0.81271,1.50,2.25
2012.07.26 15:06:55.940,0.81255,0.81269,1.50,1.18
2012.07.26 15:06:56.353,0.81253,0.81267,3.00,1.13
2012.07.26 15:06:56.895,0.8125,0.81267,3.00,3.38
2012.07.26 15:06:59.408,0.81254,0.81267,1.50,1.13
2012.07.26 15:06:59.942,0.81253,0.81267,1.50,1.88
2012.07.26 15:07:00.901,0.81254,0.81267,1.50,1.13
2012.07.26 15:07:01.191,0.8125,0.81264,1.50,1.50
2012.07.26 15:07:01.711,0.81248,0.81264,3.00,1.50
2012.07.26 15:07:02.316,0.81248,0.81264,3.00,1.50
2012.07.26 15:07:02.488,0.8125,0.81265,1.50,2.25
2012.07.26 15:07:03.129,0.8125,0.81267,3.00,2.63
2012.07.26 15:07:03.771,0.81254,0.81267,1.50,1.13
2012.07.26 15:07:03.890,0.81252,0.81267,1.50,2.63
2012.07.26 15:07:05.491,0.81254,0.81267,1.50,1.88
2012.07.26 15:07:06.235,0.81254,0.81269,1.50,4.13
2012.07.26 15:07:06.762,0.81254,0.81269,1.50,2.63
2012.07.26 15:07:07.629,0.81254,0.81267,1.50,1.50
2012.07.26 15:07:07.695,0.81251,0.81268,3.75,2.25
2012.07.26 15:07:07.814,0.81251,0.81267,3.00,1.50
2012.07.26 15:07:09.330,0.81252,0.81267,1.50,4.93
2012.07.26 15:07:09.684,0.81252,0.81267,1.50,3.00
2012.07.26 15:07:11.227,0.81252,0.81267,2.25,1.50
2012.07.26 15:07:11.747,0.81253,0.81268,2.63,1.50
2012.07.26 15:07:12.076,0.81254,0.81271,2.25,6.00
2012.07.26 15:07:13.203,0.81253,0.81268,4.13,1.50
2012.07.26 15:07:13.267,0.81255,0.8127,1.50,3.00
2012.07.26 15:07:13.616,0.81253,0.81268,2.63,1.50
2012.07.26 15:07:14.241,0.81255,0.8127,1.50,3.00
2012.07.26 15:07:14.588,0.81255,0.8127,1.50,2.25
2012.07.26 15:07:16.144,0.81257,0.81271,1.50,2.25
2012.07.26 15:07:17.700,0.81257,0.8127,1.50,1.50
2012.07.26 15:07:18.232,0.81258,0.81271,1.50,1.55
2012.07.26 15:07:20.871,0.81258,0.8127,1.50,3.38
2012.07.26 15:07:20.935,0.81253,0.81268,2.25,2.25
2012.07.26 15:07:21.226,0.81252,0.81266,1.50,1.50
2012.07.26 15:07:21.710,0.81254,0.81268,1.50,1.13
2012.07.26 15:07:24.110,0.81253,0.81267,2.25,1.50
2012.07.26 15:07:24.462,0.8125,0.81266,2.25,3.00
2012.07.26 15:07:25.019,0.81249,0.81266,3.75,3.00
2012.07.26 15:07:25.553,0.81249,0.81266,3.00,3.75
2012.07.26 15:07:25.994,0.81249,0.81266,3.75,2.25
2012.07.26 15:07:28.428,0.81252,0.81266,1.50,1.50
2012.07.26 15:07:28.510,0.81258,0.81269,1.50,1.50
2012.07.26 15:07:28.636,0.81258,0.81269,2.25,1.50
2012.07.26 15:07:28.756,0.81258,0.81269,1.50,1.50
2012.07.26 15:07:28.936,0.81256,0.81271,2.25,2.25
2012.07.26 15:07:30.559,0.81254,0.8127,4.50,1.50
2012.07.26 15:07:30.794,0.81255,0.8127,1.50,1.35
2012.07.26 15:07:30.971,0.81254,0.81269,2.25,1.55
2012.07.26 15:07:31.484,0.81254,0.81269,2.25,1.55
2012.07.26 15:07:31.548,0.81254,0.8127,3.00,1.18
2012.07.26 15:07:31.783,0.81257,0.81272,2.25,6.00
2012.07.26 15:07:33.353,0.81256,0.81273,2.25,3.00
2012.07.26 15:07:36.406,0.81256,0.81272,2.25,1.50
2012.07.26 15:07:36.527,0.81256,0.8127,1.50,1.18
2012.07.26 15:07:36.648,0.81254,0.81266,2.63,1.50
2012.07.26 15:07:37.173,0.81254,0.81266,1.50,1.50
2012.07.26 15:07:37.236,0.81254,0.81268,1.50,1.50
2012.07.26 15:07:37.357,0.81258,0.81272,1.50,2.30
2012.07.26 15:07:37.536,0.81258,0.81272,2.25,1.50
2012.07.26 15:07:37.656,0.81258,0.81272,1.50,1.93
2012.07.26 15:07:38.005,0.81256,0.81271,1.50,1.50
2012.07.26 15:07:40.794,0.81256,0.81271,2.25,1.50
2012.07.26 15:07:41.342,0.81257,0.81273,2.25,3.00
2012.07.26 15:07:42.107,0.81261,0.81274,2.25,1.50
2012.07.26 15:07:42.169,0.81261,0.81274,2.25,1.50
2012.07.26 15:07:42.633,0.81265,0.81278,2.25,3.38
2012.07.26 15:07:44.171,0.81262,0.81277,1.50,1.13
2012.07.26 15:07:44.702,0.81262,0.81277,1.50,1.55
2012.07.26 15:07:44.877,0.81262,0.81277,2.25,1.18
2012.07.26 15:07:45.395,0.81265,0.81277,1.50,1.13
2012.07.26 15:07:46.674,0.81263,0.81278,3.75,3.00
2012.07.26 15:07:47.217,0.81263,0.81278,2.25,4.35
2012.07.26 15:07:47.338,0.81261,0.81276,3.00,1.50
2012.07.26 15:07:47.458,0.81261,0.81274,1.50,1.50
2012.07.26 15:07:47.979,0.81261,0.81276,1.50,3.05
2012.07.26 15:07:55.915,0.81261,0.81277,2.25,4.55
2012.07.26 15:07:56.036,0.81263,0.81277,2.25,1.88
2012.07.26 15:07:56.156,0.81263,0.81277,2.25,1.13
2012.07.26 15:07:56.702,0.81265,0.81279,2.25,1.50
2012.07.26 15:07:57.397,0.81264,0.8128,2.25,1.50
2012.07.26 15:07:58.223,0.81266,0.81283,2.31,3.75
2012.07.26 15:07:58.288,0.81266,0.81283,2.31,3.75
2012.07.26 15:07:58.840,0.81268,0.81284,1.50,1.13
2012.07.26 15:07:59.371,0.81268,0.81285,2.25,1.13
2012.07.26 15:08:00.052,0.81268,0.81284,1.50,1.88
2012.07.26 15:08:00.584,0.81268,0.81285,3.81,2.25
2012.07.26 15:08:00.648,0.81272,0.81286,1.50,1.13
2012.07.26 15:08:00.999,0.81274,0.81287,1.50,1.13
2012.07.26 15:08:01.119,0.81272,0.81287,2.25,1.13
2012.07.26 15:08:01.295,0.81274,0.81287,1.50,2.63
2012.07.26 15:08:01.891,0.81273,0.81287,1.50,2.63
2012.07.26 15:08:02.599,0.81273,0.81286,1.50,1.13
2012.07.26 15:08:03.177,0.81274,0.81286,1.50,1.13
2012.07.26 15:08:04.030,0.81272,0.81286,3.00,1.13
2012.07.26 15:08:04.618,0.8127,0.81286,3.00,1.13
2012.07.26 15:08:05.731,0.81273,0.81286,1.50,1.13
2012.07.26 15:08:05.964,0.81271,0.81286,2.25,1.13
2012.07.26 15:08:06.146,0.81273,0.81286,1.50,1.13
2012.07.26 15:08:06.434,0.8127,0.81286,3.00,2.63
2012.07.26 15:08:06.961,0.8127,0.81286,2.25,3.65
2012.07.26 15:08:07.141,0.81268,0.81284,2.25,2.25
2012.07.26 15:08:07.433,0.81266,0.81284,1.56,3.00
2012.07.26 15:08:08.776,0.81268,0.81286,3.81,3.38
2012.07.26 15:08:08.844,0.81269,0.81286,3.06,1.13
2012.07.26 15:08:09.146,0.81273,0.81286,1.50,1.13
2012.07.26 15:08:10.570,0.81272,0.81286,1.50,1.13
2012.07.26 15:08:11.142,0.81273,0.81286,1.50,1.13
2012.07.26 15:08:12.929,0.81275,0.81289,1.50,1.13
2012.07.26 15:08:13.278,0.81275,0.8129,1.50,2.63
2012.07.26 15:08:13.787,0.81274,0.81291,2.25,2.63
2012.07.26 15:08:14.497,0.81274,0.81291,2.25,2.63
2012.07.26 15:08:15.466,0.81274,0.81289,2.25,1.13
2012.07.26 15:08:19.809,0.8127,0.81287,2.25,4.13
2012.07.26 15:08:20.163,0.81272,0.81287,1.50,3.23
2012.07.26 15:08:20.284,0.8127,0.81287,3.75,4.73
2012.07.26 15:08:20.749,0.8127,0.81285,2.25,1.50
2012.07.26 15:08:21.480,0.81272,0.81286,2.25,1.50
2012.07.26 15:08:22.366,0.81269,0.81286,3.00,1.50
2012.07.26 15:08:22.485,0.81271,0.81286,1.50,1.50
2012.07.26 15:08:23.063,0.81273,0.81286,1.50,2.25
2012.07.26 15:08:24.074,0.81273,0.81287,1.50,1.18
2012.07.26 15:08:24.577,0.81274,0.81287,1.50,1.50
2012.07.26 15:08:24.872,0.81271,0.81287,5.25,2.68
2012.07.26 15:08:25.450,0.8127,0.81284,2.25,1.50
2012.07.26 15:08:25.514,0.81268,0.81284,1.50,1.50
2012.07.26 15:08:25.919,0.81266,0.81283,3.00,1.50
2012.07.26 15:08:26.530,0.81266,0.81284,4.50,3.00
2012.07.26 15:08:27.037,0.81266,0.81284,3.75,3.75
2012.07.26 15:08:29.876,0.81266,0.81283,3.00,1.50
2012.07.26 15:08:30.510,0.8127,0.81283,1.50,2.25
2012.07.26 15:08:30.863,0.81273,0.81287,2.25,4.88
2012.07.26 15:08:31.609,0.81274,0.81287,1.50,4.50
2012.07.26 15:08:32.259,0.81274,0.81288,1.50,1.18
2012.07.26 15:08:32.750,0.81272,0.81285,2.25,1.50
2012.07.26 15:08:32.985,0.81269,0.81285,2.25,1.50
2012.07.26 15:08:33.525,0.81267,0.81284,3.75,1.50
2012.07.26 15:08:34.059,0.81269,0.81285,1.50,3.75
2012.07.26 15:08:34.461,0.81268,0.81283,2.25,1.50
2012.07.26 15:08:34.979,0.81267,0.81283,1.50,3.00
2012.07.26 15:08:37.047,0.81268,0.81284,1.50,3.75
2012.07.26 15:08:37.733,0.81267,0.81284,3.00,5.25
2012.07.26 15:08:38.434,0.81267,0.81284,3.00,4.50
2012.07.26 15:08:38.780,0.81269,0.81284,1.50,3.00
2012.07.26 15:08:39.341,0.8127,0.81284,1.50,1.50
2012.07.26 15:08:39.687,0.8127,0.81286,2.25,2.63
2012.07.26 15:08:40.210,0.81273,0.81286,1.50,1.13
2012.07.26 15:08:40.386,0.81271,0.81286,1.50,1.13
2012.07.26 15:08:40.448,0.81271,0.81287,2.25,1.88
2012.07.26 15:08:40.625,0.81273,0.81287,1.50,1.88
2012.07.26 15:08:41.613,0.81274,0.81287,1.50,1.13
2012.07.26 15:08:41.734,0.81274,0.81288,1.50,1.13
2012.07.26 15:08:42.182,0.81276,0.8129,1.50,3.05
2012.07.26 15:08:43.410,0.81273,0.81289,1.50,2.25
2012.07.26 15:08:43.589,0.81273,0.81285,1.50,1.50
2012.07.26 15:08:43.944,0.81269,0.81282,2.25,1.50
2012.07.26 15:08:44.461,0.81269,0.81282,1.50,1.50
2012.07.26 15:08:44.581,0.81269,0.81284,1.50,1.50
2012.07.26 15:08:45.102,0.81269,0.81284,1.50,1.50
2012.07.26 15:08:45.625,0.8127,0.81284,1.50,2.25
2012.07.26 15:08:46.241,0.8127,0.81284,1.50,2.25
2012.07.26 15:08:46.771,0.81268,0.81284,3.00,1.50
2012.07.26 15:08:46.949,0.81273,0.81285,1.50,1.50
2012.07.26 15:08:47.467,0.81273,0.81287,1.50,1.13
2012.07.26 15:08:47.703,0.81273,0.81288,1.50,1.13
2012.07.26 15:08:48.728,0.81276,0.81288,1.50,1.13
2012.07.26 15:08:49.533,0.81276,0.81291,1.50,3.00
2012.07.26 15:08:49.653,0.81276,0.81291,2.25,2.25
2012.07.26 15:08:50.765,0.81274,0.81292,4.50,1.50
2012.07.26 15:08:51.309,0.81274,0.81291,3.75,1.50
2012.07.26 15:08:51.429,0.81274,0.81291,3.00,2.25
2012.07.26 15:08:52.469,0.81273,0.8129,3.00,3.75
2012.07.26 15:08:53.625,0.81273,0.81288,3.00,1.50
2012.07.26 15:08:53.972,0.81272,0.81288,2.25,4.50
2012.07.26 15:08:54.955,0.81269,0.81286,1.50,2.93
2012.07.26 15:08:55.188,0.81269,0.81285,1.50,3.35
2012.07.26 15:08:55.251,0.81268,0.81284,2.25,1.50
2012.07.26 15:08:55.713,0.8127,0.81285,1.50,1.88
2012.07.26 15:08:56.993,0.8127,0.81285,1.50,2.25
2012.07.26 15:08:57.514,0.8127,0.81287,1.50,4.13
2012.07.26 15:08:58.428,0.8127,0.81287,3.00,2.63
2012.07.26 15:08:59.084,0.81273,0.81287,1.50,2.63
2012.07.26 15:08:59.318,0.81271,0.81287,2.25,4.13
2012.07.26 15:08:59.671,0.81269,0.81285,2.25,2.25
2012.07.26 15:09:00.364,0.81267,0.81283,2.25,3.75
2012.07.26 15:09:01.537,0.81267,0.81283,1.50,5.25
2012.07.26 15:09:03.529,0.81267,0.81283,2.25,3.75
2012.07.26 15:09:04.384,0.81267,0.81283,3.00,3.75
2012.07.26 15:09:04.901,0.81267,0.81283,3.00,3.75
2012.07.26 15:09:05.421,0.81266,0.81281,1.50,1.50
2012.07.26 15:09:05.943,0.81268,0.81282,1.50,3.00
2012.07.26 15:09:09.210,0.81268,0.81283,2.25,1.50
2012.07.26 15:09:10.142,0.81265,0.81281,5.25,1.50
2012.07.26 15:09:10.264,0.81265,0.81281,2.25,3.00
2012.07.26 15:09:10.796,0.81264,0.8128,1.50,3.00
2012.07.26 15:09:12.500,0.81265,0.81281,2.25,3.75
2012.07.26 15:09:13.032,0.81265,0.81281,4.13,2.25
2012.07.26 15:09:15.544,0.81265,0.8128,1.13,3.00
2012.07.26 15:09:16.008,0.81264,0.81279,1.13,3.75
2012.07.26 15:09:16.083,0.81264,0.81278,1.13,2.25
2012.07.26 15:09:16.393,0.8126,0.81276,2.25,3.75
2012.07.26 15:09:16.688,0.81259,0.81276,1.50,4.50
2012.07.26 15:09:17.207,0.81259,0.81276,3.00,2.25
2012.07.26 15:09:18.736,0.8126,0.81274,3.00,1.50
2012.07.26 15:09:19.091,0.81258,0.81273,2.25,1.93
2012.07.26 15:09:19.474,0.81255,0.8127,1.13,1.50
2012.07.26 15:09:20.040,0.81255,0.8127,1.13,2.25
2012.07.26 15:09:20.535,0.81257,0.81271,1.13,1.50
2012.07.26 15:09:21.083,0.81256,0.8127,1.13,1.50
2012.07.26 15:09:21.729,0.81256,0.8127,1.13,2.25
2012.07.26 15:09:22.296,0.81256,0.81271,1.13,2.25
2012.07.26 15:09:22.786,0.81257,0.81272,1.88,1.50
2012.07.26 15:09:23.457,0.81257,0.81272,1.13,4.50
2012.07.26 15:09:23.750,0.81256,0.81272,2.63,3.75
2012.07.26 15:09:24.291,0.81256,0.81271,1.13,3.00
2012.07.26 15:09:24.827,0.81257,0.81271,1.13,2.25
2012.07.26 15:09:27.055,0.81258,0.81272,1.50,1.50
2012.07.26 15:09:27.602,0.81257,0.81272,1.13,1.50
2012.07.26 15:09:29.333,0.81257,0.81272,1.13,1.50
2012.07.26 15:09:30.526,0.81257,0.81273,2.69,1.50
2012.07.26 15:09:30.588,0.81259,0.81273,2.10,1.50
2012.07.26 15:09:30.707,0.81261,0.81277,1.35,1.93
2012.07.26 15:09:30.769,0.81264,0.81277,1.50,1.93
2012.07.26 15:09:31.233,0.81262,0.81278,1.50,1.50
2012.07.26 15:09:31.295,0.81262,0.81279,1.50,6.38
2012.07.26 15:09:31.866,0.81261,0.81278,1.35,2.25
2012.07.26 15:09:33.245,0.81262,0.81278,1.50,3.00
2012.07.26 15:09:33.762,0.81266,0.81283,3.00,1.93
2012.07.26 15:09:34.109,0.81264,0.81283,4.88,4.18
2012.07.26 15:09:34.626,0.81264,0.81282,3.38,2.25
2012.07.26 15:09:36.206,0.81264,0.8128,3.38,1.50
2012.07.26 15:09:36.738,0.81264,0.81279,1.88,1.50
2012.07.26 15:09:37.324,0.81264,0.81281,1.88,3.00
2012.07.26 15:09:39.078,0.81264,0.81281,1.88,2.25
2012.07.26 15:09:39.253,0.81264,0.81281,2.63,1.50
2012.07.26 15:09:39.541,0.81267,0.81284,2.25,3.00
2012.07.26 15:09:40.305,0.81267,0.81284,2.25,3.00
2012.07.26 15:09:40.481,0.81267,0.81283,1.50,3.00
2012.07.26 15:09:40.773,0.81265,0.81282,2.25,2.25
2012.07.26 15:09:41.262,0.81265,0.81281,1.50,1.50
2012.07.26 15:09:41.779,0.81264,0.81279,1.88,2.25
2012.07.26 15:09:42.731,0.81262,0.81279,4.73,3.75
2012.07.26 15:09:43.285,0.81262,0.81279,2.63,4.50
2012.07.26 15:09:43.790,0.81266,0.81279,1.50,1.50
2012.07.26 15:09:43.910,0.81267,0.81282,2.25,1.50
2012.07.26 15:09:44.453,0.81267,0.81284,2.25,2.68
2012.07.26 15:09:44.792,0.81267,0.81284,3.75,1.50
2012.07.26 15:09:45.315,0.81268,0.81284,2.25,1.50
2012.07.26 15:09:45.854,0.81271,0.81285,1.50,1.50
2012.07.26 15:09:46.376,0.81271,0.81286,1.50,2.25
2012.07.26 15:09:46.728,0.81268,0.81282,4.50,1.50
2012.07.26 15:09:46.907,0.81269,0.81283,1.50,2.25
2012.07.26 15:09:47.140,0.81271,0.81283,1.50,1.50
2012.07.26 15:09:47.774,0.81269,0.81284,4.50,1.50
2012.07.26 15:09:48.124,0.81271,0.81286,1.50,3.75
2012.07.26 15:09:48.300,0.81271,0.81286,1.88,2.25
2012.07.26 15:09:48.987,0.81269,0.81285,3.38,1.50
2012.07.26 15:09:49.167,0.81269,0.81283,1.13,1.50
2012.07.26 15:09:49.289,0.81265,0.81282,2.63,1.50
2012.07.26 15:09:49.412,0.81264,0.8128,1.88,1.50
2012.07.26 15:09:49.533,0.81263,0.81279,2.63,2.25
2012.07.26 15:09:50.201,0.81265,0.81279,1.50,1.50
2012.07.26 15:09:50.610,0.81267,0.81282,1.50,1.50
2012.07.26 15:09:50.964,0.81267,0.81281,1.50,1.50
2012.07.26 15:09:51.519,0.81265,0.81281,1.50,3.00
2012.07.26 15:09:52.200,0.81263,0.8128,1.50,3.00
2012.07.26 15:09:52.545,0.81262,0.8128,2.63,4.18
2012.07.26 15:09:52.608,0.81262,0.81279,2.63,2.25
2012.07.26 15:09:54.426,0.81262,0.81279,2.25,2.25
2012.07.26 15:09:54.735,0.81263,0.81279,1.50,1.50
2012.07.26 15:09:55.480,0.81264,0.81281,2.25,3.00
2012.07.26 15:09:55.843,0.81268,0.81281,1.50,1.50
2012.07.26 15:09:56.649,0.81268,0.81281,1.50,2.25
2012.07.26 15:09:56.711,0.81266,0.81281,1.50,2.25
2012.07.26 15:09:57.420,0.81263,0.8128,2.63,1.50
2012.07.26 15:09:59.016,0.81263,0.81281,2.63,3.00
2012.07.26 15:09:59.311,0.81267,0.81282,1.50,2.25
2012.07.26 15:09:59.668,0.81272,0.81286,5.24,1.50
2012.07.26 15:10:00.139,0.81277,0.8129,1.50,3.00
2012.07.26 15:10:00.202,0.81277,0.8129,1.50,2.25
2012.07.26 15:10:00.381,0.81275,0.8129,1.50,3.00
2012.07.26 15:10:00.786,0.81277,0.81292,1.50,3.00
2012.07.26 15:10:01.136,0.81275,0.81289,2.25,1.50
2012.07.26 15:10:01.373,0.81274,0.81292,2.25,5.25
2012.07.26 15:10:01.904,0.81273,0.8129,1.13,4.18
2012.07.26 15:10:02.488,0.81272,0.8129,3.00,4.18
2012.07.26 15:10:03.992,0.81272,0.81289,3.00,2.25
2012.07.26 15:10:04.055,0.81272,0.81288,2.25,1.50
2012.07.26 15:10:06.829,0.81271,0.81285,1.50,1.50
2012.07.26 15:10:07.224,0.8127,0.81285,1.50,2.25
2012.07.26 15:10:07.286,0.81269,0.81282,1.50,1.50
2012.07.26 15:10:07.677,0.81266,0.81284,5.25,1.50
2012.07.26 15:10:08.330,0.81269,0.81284,1.50,1.50
2012.07.26 15:10:08.563,0.81271,0.81286,1.50,1.13
2012.07.26 15:10:09.027,0.81272,0.81287,1.50,1.88
2012.07.26 15:10:09.395,0.81272,0.81288,1.50,1.88
2012.07.26 15:10:09.458,0.81273,0.81288,1.50,1.88
2012.07.26 15:10:10.916,0.81273,0.81288,1.50,2.63
2012.07.26 15:10:10.982,0.8127,0.81287,3.00,3.00
2012.07.26 15:10:11.277,0.8127,0.81284,1.50,1.50
2012.07.26 15:10:11.883,0.81269,0.81286,3.75,3.38
2012.07.26 15:10:12.482,0.81268,0.81284,1.50,3.00
2012.07.26 15:10:12.787,0.81268,0.81282,1.50,1.50
2012.07.26 15:10:13.052,0.81269,0.81284,2.25,1.50
2012.07.26 15:10:13.516,0.81268,0.81282,1.50,1.50
2012.07.26 15:10:13.751,0.81268,0.81285,1.50,3.38
2012.07.26 15:10:13.949,0.81268,0.81283,1.50,1.50
2012.07.26 15:10:14.068,0.81268,0.81285,1.50,3.38
2012.07.26 15:10:14.304,0.81268,0.81283,1.50,1.50
2012.07.26 15:10:18.126,0.81269,0.81285,2.25,1.88
2012.07.26 15:10:19.696,0.81267,0.81282,1.50,1.50
2012.07.26 15:10:19.814,0.81267,0.81284,3.00,2.25
2012.07.26 15:10:20.504,0.81271,0.81285,1.50,1.13
2012.07.26 15:10:21.024,0.81271,0.81287,3.00,3.80
2012.07.26 15:10:21.262,0.81274,0.81288,2.25,1.13
2012.07.26 15:10:22.129,0.81274,0.8129,2.25,2.25
2012.07.26 15:10:22.249,0.81274,0.8129,2.25,1.50
2012.07.26 15:10:22.596,0.81275,0.81292,2.25,3.60
2012.07.26 15:10:22.955,0.81275,0.8129,1.50,1.50
2012.07.26 15:10:24.352,0.81275,0.8129,1.50,3.00
2012.07.26 15:10:24.474,0.81274,0.81287,2.25,1.50
2012.07.26 15:10:24.539,0.81274,0.81284,2.25,1.50
2012.07.26 15:10:24.894,0.81273,0.81282,1.50,1.50
2012.07.26 15:10:25.232,0.8127,0.81282,4.50,1.50
2012.07.26 15:10:27.882,0.8127,0.81285,5.10,3.38
2012.07.26 15:10:28.122,0.81274,0.81287,2.10,2.63
2012.07.26 15:10:28.478,0.81279,0.81287,3.00,1.50
2012.07.26 15:10:28.715,0.81279,0.81293,4.50,1.50
2012.07.26 15:10:29.246,0.8128,0.81298,2.25,2.30
2012.07.26 15:10:29.480,0.8128,0.81298,2.25,2.30
2012.07.26 15:10:30.196,0.8128,0.81297,2.25,1.55
2012.07.26 15:10:30.373,0.8128,0.81297,2.25,1.55
2012.07.26 15:10:32.161,0.8128,0.81297,2.25,1.55
2012.07.26 15:10:32.680,0.81281,0.81297,3.00,1.13
2012.07.26 15:10:33.021,0.81281,0.81297,2.25,1.55
2012.07.26 15:10:33.371,0.81283,0.81297,1.50,1.55
2012.07.26 15:10:33.491,0.81285,0.81298,1.50,1.13
2012.07.26 15:10:34.024,0.81283,0.813,2.25,7.55
2012.07.26 15:10:34.384,0.81283,0.813,2.25,3.05
2012.07.26 15:10:35.148,0.81283,0.813,2.25,3.05
2012.07.26 15:10:35.542,0.81281,0.81298,1.50,1.93
2012.07.26 15:10:35.604,0.81281,0.81296,1.50,1.50
2012.07.26 15:10:36.136,0.81281,0.81298,1.50,2.30
2012.07.26 15:10:36.646,0.81283,0.81299,1.50,4.55
2012.07.26 15:10:37.191,0.81281,0.81299,4.50,3.05
2012.07.26 15:10:37.540,0.8128,0.81295,1.50,1.50
2012.07.26 15:10:37.892,0.81279,0.81292,2.25,1.50
2012.07.26 15:10:37.955,0.81277,0.81291,1.50,2.63
2012.07.26 15:10:38.247,0.81275,0.81291,1.50,2.63
2012.07.26 15:10:38.927,0.81277,0.81291,1.50,1.88
2012.07.26 15:10:39.443,0.81277,0.81293,1.50,2.63
2012.07.26 15:10:40.292,0.81278,0.81293,3.00,1.50
2012.07.26 15:10:40.470,0.81278,0.81295,3.00,3.00
2012.07.26 15:10:41.046,0.81278,0.81294,4.50,1.50
2012.07.26 15:10:41.591,0.81279,0.81296,2.25,3.38
2012.07.26 15:10:41.710,0.81278,0.81294,3.75,1.50
2012.07.26 15:10:42.243,0.81278,0.81294,1.50,4.18
2012.07.26 15:10:42.611,0.8128,0.81294,1.50,1.18
2012.07.26 15:10:43.130,0.81279,0.81294,1.50,1.18
2012.07.26 15:10:43.672,0.81279,0.81295,1.50,3.80
2012.07.26 15:10:45.317,0.81281,0.81295,1.50,3.05
2012.07.26 15:10:46.026,0.81283,0.81295,1.50,2.30
2012.07.26 15:10:46.580,0.81283,0.81296,1.50,1.55
2012.07.26 15:10:47.971,0.8128,0.81296,1.50,1.88
2012.07.26 15:10:48.489,0.81279,0.81295,2.25,1.88
2012.07.26 15:10:49.026,0.8128,0.81296,1.50,1.88
2012.07.26 15:10:50.034,0.8128,0.81294,1.50,1.50
2012.07.26 15:10:50.593,0.81278,0.81294,4.50,1.50
2012.07.26 15:10:51.153,0.81278,0.81296,4.50,1.13
2012.07.26 15:10:51.456,0.81281,0.81296,1.50,1.13
2012.07.26 15:10:51.971,0.8128,0.81297,1.50,3.80
2012.07.26 15:10:52.580,0.81278,0.81295,2.25,1.88
2012.07.26 15:10:53.108,0.8128,0.81297,1.50,3.80
2012.07.26 15:10:53.455,0.81282,0.81298,1.50,2.30
2012.07.26 15:10:53.990,0.81283,0.81298,1.50,2.30
2012.07.26 15:10:55.552,0.81286,0.81299,1.50,2.63
2012.07.26 15:10:56.453,0.81284,0.81299,1.50,1.88
2012.07.26 15:10:56.771,0.81282,0.81299,3.00,1.88
2012.07.26 15:10:57.303,0.81284,0.81299,1.50,1.88
2012.07.26 15:10:58.407,0.81284,0.81298,1.50,1.55
2012.07.26 15:10:58.625,0.81282,0.81297,1.50,1.13
2012.07.26 15:10:58.687,0.81282,0.81297,1.50,1.13
2012.07.26 15:10:59.460,0.81283,0.81297,1.50,1.13
2012.07.26 15:11:00.441,0.81281,0.81297,3.00,1.13
2012.07.26 15:11:00.619,0.81283,0.81299,1.50,3.38
2012.07.26 15:11:01.894,0.81283,0.81299,1.50,1.13
2012.07.26 15:11:02.396,0.81284,0.81299,1.50,1.13
2012.07.26 15:11:02.678,0.81281,0.81296,3.68,1.13
2012.07.26 15:11:03.353,0.81283,0.81296,1.50,1.13
2012.07.26 15:11:04.520,0.81283,0.81296,1.50,1.13
2012.07.26 15:11:05.110,0.81283,0.81299,2.25,1.13
2012.07.26 15:11:07.100,0.81283,0.81298,1.50,1.55
2012.07.26 15:11:07.641,0.81282,0.81298,1.50,3.05
2012.07.26 15:11:08.241,0.81292,0.81299,1.50,3.00
2012.07.26 15:11:08.421,0.81295,0.81301,1.50,1.50
2012.07.26 15:11:08.888,0.81296,0.81311,2.25,2.25
2012.07.26 15:11:09.401,0.81295,0.81309,2.25,1.13
2012.07.26 15:11:09.583,0.81293,0.81309,2.25,1.13
2012.07.26 15:11:10.117,0.81295,0.8131,1.50,1.88
2012.07.26 15:11:11.104,0.81295,0.81312,1.50,1.88
2012.07.26 15:11:11.669,0.81295,0.81312,1.50,1.88
2012.07.26 15:11:12.002,0.81293,0.8131,3.75,3.00
2012.07.26 15:11:12.464,0.81293,0.8131,3.75,3.00
2012.07.26 15:11:12.926,0.81294,0.8131,1.50,3.75
2012.07.26 15:11:13.162,0.81296,0.8131,1.50,2.25
2012.07.26 15:11:14.441,0.81296,0.81312,1.56,2.25
2012.07.26 15:11:14.792,0.81301,0.81313,1.50,1.50
2012.07.26 15:11:15.032,0.81302,0.81316,1.50,1.50
2012.07.26 15:11:15.323,0.81303,0.81318,3.60,1.55
2012.07.26 15:11:15.675,0.81313,0.81323,1.50,2.25
2012.07.26 15:11:16.030,0.81313,0.81329,1.50,2.25
2012.07.26 15:11:16.151,0.8131,0.81329,6.00,3.75
2012.07.26 15:11:16.901,0.8131,0.81326,3.00,2.25
2012.07.26 15:11:19.185,0.81309,0.81325,3.00,1.50
2012.07.26 15:11:19.982,0.81309,0.81325,3.00,2.25
2012.07.26 15:11:20.557,0.81309,0.81323,2.25,1.50
2012.07.26 15:11:21.293,0.81309,0.81325,2.25,2.25
2012.07.26 15:11:25.182,0.81312,0.81324,1.50,1.50
2012.07.26 15:11:25.244,0.81309,0.81324,2.25,2.25
2012.07.26 15:11:26.345,0.8131,0.81323,1.50,1.50
2012.07.26 15:11:26.466,0.81308,0.81323,1.50,3.75
2012.07.26 15:11:26.699,0.81305,0.81323,2.25,5.25
2012.07.26 15:11:27.512,0.81306,0.81321,2.25,1.13
2012.07.26 15:11:27.804,0.81306,0.8132,1.50,1.50
2012.07.26 15:11:28.372,0.81306,0.8132,1.50,1.50
2012.07.26 15:11:28.890,0.81305,0.81323,5.25,3.38
2012.07.26 15:11:31.067,0.81303,0.81316,5.25,1.50
2012.07.26 15:11:31.585,0.81303,0.81314,4.50,2.25
2012.07.26 15:11:31.649,0.813,0.81314,3.00,2.25
2012.07.26 15:11:33.557,0.813,0.81317,2.25,3.75
2012.07.26 15:11:34.136,0.81299,0.81315,3.00,3.00
2012.07.26 15:11:34.622,0.81299,0.81315,1.50,1.50
2012.07.26 15:11:35.159,0.81299,0.81314,3.00,1.50
2012.07.26 15:11:37.273,0.81299,0.81313,1.50,2.25
2012.07.26 15:11:37.791,0.813,0.81316,3.00,3.00
2012.07.26 15:11:38.204,0.81301,0.81316,1.50,3.75
2012.07.26 15:11:38.895,0.81302,0.81317,3.00,1.50
2012.07.26 15:11:40.368,0.81302,0.81317,2.25,2.25
2012.07.26 15:11:40.716,0.81306,0.81317,1.50,1.50
2012.07.26 15:11:41.275,0.81306,0.81317,1.50,1.50
2012.07.26 15:11:41.784,0.81307,0.81317,1.50,1.50
2012.07.26 15:11:42.462,0.81306,0.81317,1.50,1.50
2012.07.26 15:11:43.849,0.81304,0.81316,4.50,1.50
2012.07.26 15:11:44.471,0.81307,0.81317,1.50,1.50
2012.07.26 15:11:46.093,0.81307,0.81317,1.50,1.50
2012.07.26 15:11:47.135,0.81303,0.81317,3.38,1.50
2012.07.26 15:11:47.691,0.81303,0.81316,3.38,1.50
2012.07.26 15:11:50.246,0.81303,0.81316,3.00,1.50
2012.07.26 15:11:50.897,0.81303,0.81316,2.25,2.25
2012.07.26 15:11:51.361,0.81299,0.81314,2.25,2.25
2012.07.26 15:11:51.890,0.81299,0.81314,1.50,3.00
2012.07.26 15:11:52.825,0.81299,0.81313,1.50,2.25
2012.07.26 15:11:53.182,0.81292,0.8131,4.50,2.25
2012.07.26 15:11:55.517,0.81294,0.8131,4.50,1.50
2012.07.26 15:11:55.637,0.81294,0.81311,4.50,1.50
2012.07.26 15:11:56.060,0.81297,0.81313,1.88,5.25
2012.07.26 15:11:57.541,0.81297,0.81311,1.88,1.50
2012.07.26 15:11:57.605,0.81296,0.8131,1.13,1.50
2012.07.26 15:11:57.957,0.81289,0.81306,2.63,1.50
2012.07.26 15:11:58.252,0.81288,0.81303,3.75,2.25
2012.07.26 15:11:58.315,0.81288,0.81302,1.50,2.25
2012.07.26 15:11:58.626,0.81285,0.81302,4.50,2.25
2012.07.26 15:11:59.154,0.81287,0.81303,1.50,2.25
2012.07.26 15:12:01.060,0.81285,0.81303,1.50,4.13
2012.07.26 15:12:01.427,0.81287,0.81303,1.50,2.63
2012.07.26 15:12:01.752,0.81285,0.81302,1.50,1.35
2012.07.26 15:12:03.198,0.81289,0.81301,1.50,3.00
2012.07.26 15:12:03.768,0.81289,0.81303,1.50,1.88
2012.07.26 15:12:04.117,0.8129,0.81305,1.50,3.00
2012.07.26 15:12:04.658,0.81292,0.81306,2.25,1.50
2012.07.26 15:12:05.217,0.81293,0.81306,1.50,1.50
2012.07.26 15:12:05.745,0.81292,0.81307,2.25,1.50
2012.07.26 15:12:06.293,0.81292,0.81304,2.25,2.25
2012.07.26 15:12:06.633,0.81288,0.81303,1.50,1.13
2012.07.26 15:12:09.763,0.81289,0.81304,2.91,1.50
2012.07.26 15:12:09.896,0.81291,0.81307,1.50,3.00
2012.07.26 15:12:10.022,0.81297,0.81307,1.50,1.50
2012.07.26 15:12:10.087,0.81297,0.8131,1.50,3.75
2012.07.26 15:12:10.151,0.81297,0.8131,2.25,3.00
2012.07.26 15:12:10.390,0.81299,0.81314,1.50,2.25
2012.07.26 15:12:10.592,0.81299,0.81314,1.50,1.50
2012.07.26 15:12:11.293,0.81299,0.81316,3.00,2.25
2012.07.26 15:12:12.752,0.81302,0.81316,1.50,2.25
2012.07.26 15:12:13.163,0.81306,0.81317,1.50,1.50
2012.07.26 15:12:13.570,0.81306,0.81321,1.50,3.00
2012.07.26 15:12:14.548,0.81307,0.81321,1.50,1.50
2012.07.26 15:12:14.611,0.81309,0.81321,1.50,1.50
2012.07.26 15:12:14.936,0.81307,0.81321,3.00,1.50
2012.07.26 15:12:15.405,0.81308,0.81318,1.50,1.53
2012.07.26 15:12:15.772,0.81291,0.81305,1.48,2.25
2012.07.26 15:12:15.899,0.81293,0.81309,1.56,1.50
2012.07.26 15:12:15.964,0.81293,0.81307,2.16,1.50
2012.07.26 15:12:16.317,0.81302,0.8131,2.25,1.50
2012.07.26 15:12:16.381,0.81302,0.81313,2.25,2.25
2012.07.26 15:12:16.905,0.81302,0.81315,1.50,1.13
2012.07.26 15:12:17.025,0.813,0.81315,2.25,2.63
2012.07.26 15:12:17.689,0.813,0.81315,3.00,2.25
2012.07.26 15:12:17.866,0.81301,0.81315,1.50,2.25
2012.07.26 15:12:18.923,0.81301,0.81315,1.50,1.35
2012.07.26 15:12:19.275,0.81298,0.81309,1.50,1.50
2012.07.26 15:12:19.780,0.81295,0.81309,1.50,1.50
2012.07.26 15:12:20.011,0.81294,0.81309,3.00,1.50
2012.07.26 15:12:21.610,0.81294,0.81309,1.50,1.50
2012.07.26 15:12:25.293,0.81294,0.81312,4.35,2.25
2012.07.26 15:12:25.819,0.81295,0.81311,1.50,1.50
2012.07.26 15:12:26.349,0.81295,0.81312,3.00,1.50
2012.07.26 15:12:26.810,0.81295,0.81309,1.50,1.50
2012.07.26 15:12:27.160,0.81292,0.81306,2.63,1.50
2012.07.26 15:12:27.281,0.81293,0.81309,2.25,1.50
2012.07.26 15:12:27.684,0.81293,0.81311,3.00,1.88
2012.07.26 15:12:28.583,0.81296,0.81312,1.50,1.88
2012.07.26 15:12:28.937,0.81299,0.81315,1.50,3.75
2012.07.26 15:12:29.291,0.81301,0.81317,2.25,2.25
2012.07.26 15:12:29.816,0.81302,0.81317,1.50,1.50
2012.07.26 15:12:30.166,0.81306,0.81318,1.50,1.88
2012.07.26 15:12:30.229,0.81306,0.81318,1.50,1.50
2012.07.26 15:12:30.294,0.81309,0.81318,1.50,1.50
2012.07.26 15:12:30.587,0.81308,0.81325,1.50,7.50
2012.07.26 15:12:31.137,0.81307,0.81323,2.25,1.50
2012.07.26 15:12:31.630,0.81307,0.81325,5.93,3.00
2012.07.26 15:12:34.086,0.81308,0.81325,1.50,3.00
2012.07.26 15:12:34.678,0.81309,0.81326,2.25,3.00
2012.07.26 15:12:34.966,0.81308,0.81324,4.50,1.50
2012.07.26 15:12:35.839,0.81308,0.81323,2.25,1.50
2012.07.26 15:12:36.395,0.81308,0.81325,1.50,3.00
2012.07.26 15:12:36.921,0.81308,0.81323,1.50,1.35
2012.07.26 15:12:37.276,0.81303,0.81316,1.50,2.25
2012.07.26 15:12:37.398,0.81302,0.81314,1.50,1.50
2012.07.26 15:12:37.634,0.813,0.81314,4.43,1.50
2012.07.26 15:12:38.097,0.81301,0.81314,2.31,1.50
2012.07.26 15:12:38.218,0.81304,0.81316,1.50,1.50
2012.07.26 15:12:38.396,0.81304,0.81319,2.25,1.88
2012.07.26 15:12:38.744,0.81306,0.81322,1.50,1.13
2012.07.26 15:12:38.921,0.81306,0.81323,1.50,1.13
2012.07.26 15:12:40.441,0.81306,0.81323,1.50,1.13
2012.07.26 15:12:41.019,0.81305,0.81322,6.00,1.88
2012.07.26 15:12:42.705,0.81307,0.81323,1.50,3.38
2012.07.26 15:12:43.897,0.81305,0.81323,3.75,3.38
2012.07.26 15:12:44.446,0.81305,0.81321,2.25,1.50
2012.07.26 15:12:44.952,0.81305,0.81322,2.25,1.13
2012.07.26 15:12:46.542,0.81305,0.8132,1.50,2.25
2012.07.26 15:12:47.005,0.81303,0.81318,2.25,1.50
2012.07.26 15:12:47.657,0.81303,0.81319,1.50,1.13
2012.07.26 15:12:47.889,0.81303,0.81317,1.50,1.50
2012.07.26 15:12:48.239,0.81301,0.81317,4.50,1.50
2012.07.26 15:12:48.757,0.81301,0.81316,3.00,1.50
2012.07.26 15:12:48.994,0.81301,0.81319,5.25,1.88
2012.07.26 15:12:49.436,0.81301,0.81317,5.25,1.50
2012.07.26 15:12:50.795,0.81301,0.81317,4.56,1.50
2012.07.26 15:12:51.084,0.81304,0.8132,2.25,1.88
2012.07.26 15:12:51.319,0.81305,0.81321,1.50,1.88
2012.07.26 15:12:53.465,0.81304,0.81321,3.00,2.63
2012.07.26 15:12:54.323,0.81302,0.81319,2.25,1.50
2012.07.26 15:12:54.558,0.81301,0.81319,2.25,4.50
2012.07.26 15:12:54.678,0.81301,0.81317,1.50,2.25
2012.07.26 15:12:54.799,0.81299,0.81317,1.50,2.68
2012.07.26 15:12:55.357,0.81298,0.81313,3.00,1.50
2012.07.26 15:12:55.849,0.81298,0.81315,1.50,2.25
2012.07.26 15:12:56.032,0.81298,0.81316,2.91,2.25
2012.07.26 15:12:56.106,0.81302,0.81319,3.00,4.13
2012.07.26 15:12:56.284,0.81304,0.81319,1.50,1.13
2012.07.26 15:12:56.809,0.81303,0.81319,2.25,1.13
2012.07.26 15:12:57.328,0.81302,0.81319,2.25,3.05
2012.07.26 15:12:57.639,0.81301,0.81317,3.00,1.50
2012.07.26 15:12:58.292,0.81301,0.81319,2.25,2.30
2012.07.26 15:12:58.411,0.813,0.81317,5.93,1.50
2012.07.26 15:12:59.153,0.813,0.81317,2.93,2.25
2012.07.26 15:12:59.674,0.81299,0.81317,5.55,1.50
2012.07.26 15:13:01.541,0.81299,0.81317,4.43,3.43
2012.07.26 15:13:01.659,0.81299,0.81317,1.50,4.18
2012.07.26 15:13:02.976,0.81299,0.81317,5.93,3.00
2012.07.26 15:13:03.529,0.81301,0.81317,1.50,1.50
2012.07.26 15:13:03.959,0.81303,0.81318,1.50,1.50
2012.07.26 15:13:04.477,0.81303,0.81317,1.50,1.03
2012.07.26 15:13:04.647,0.81299,0.81317,4.50,3.28
2012.07.26 15:13:06.566,0.81301,0.81318,2.25,3.38
2012.07.26 15:13:07.088,0.81302,0.81318,1.50,1.50
2012.07.26 15:13:07.634,0.813,0.81319,4.43,5.30
2012.07.26 15:13:08.470,0.81301,0.81317,1.50,1.93
2012.07.26 15:13:08.702,0.81299,0.81316,3.38,2.25
2012.07.26 15:13:10.567,0.81298,0.81315,1.50,1.50
2012.07.26 15:13:11.671,0.81299,0.81316,3.00,3.75
2012.07.26 15:13:12.212,0.813,0.81318,4.43,3.00
2012.07.26 15:13:12.274,0.813,0.81318,4.43,2.25
2012.07.26 15:13:12.568,0.813,0.81316,2.93,1.50
2012.07.26 15:13:13.864,0.81299,0.81316,3.00,3.00
2012.07.26 15:13:14.425,0.81299,0.81315,1.50,1.50
2012.07.26 15:13:17.896,0.81298,0.81313,1.50,1.50
2012.07.26 15:13:18.547,0.81294,0.81312,1.50,4.55
2012.07.26 15:13:18.618,0.81293,0.81309,3.00,1.50
2012.07.26 15:13:19.023,0.81292,0.81308,1.50,1.50
2012.07.26 15:13:19.466,0.81291,0.81307,6.68,2.25
2012.07.26 15:13:19.646,0.81288,0.81304,1.50,2.25
2012.07.26 15:13:19.708,0.81288,0.81302,1.50,1.50
2012.07.26 15:13:20.171,0.81284,0.813,3.00,1.50
2012.07.26 15:13:20.234,0.81284,0.813,3.00,1.50
2012.07.26 15:13:20.355,0.81284,0.81303,3.75,2.68
2012.07.26 15:13:20.476,0.81284,0.813,2.25,1.50
2012.07.26 15:13:23.528,0.81285,0.813,1.50,1.50
2012.07.26 15:13:24.050,0.81284,0.813,2.25,1.50
2012.07.26 15:13:24.913,0.81285,0.81302,2.25,3.00
2012.07.26 15:13:25.808,0.81284,0.81301,3.00,1.50
2012.07.26 15:13:25.984,0.81284,0.81301,3.00,1.93
2012.07.26 15:13:26.331,0.81282,0.81298,3.00,1.93
2012.07.26 15:13:26.452,0.81282,0.81297,1.50,1.50
2012.07.26 15:13:26.972,0.81282,0.81296,1.50,2.63
2012.07.26 15:13:27.037,0.8128,0.81296,1.50,2.63
2012.07.26 15:13:27.156,0.81278,0.81292,3.75,1.50
2012.07.26 15:13:27.391,0.81278,0.81295,3.75,1.13
2012.07.26 15:13:27.512,0.81278,0.81295,4.56,1.13
2012.07.26 15:13:28.202,0.81278,0.81296,3.81,3.38
2012.07.26 15:13:28.550,0.81278,0.81293,1.50,1.50
2012.07.26 15:13:28.613,0.81278,0.81296,3.00,3.38
2012.07.26 15:13:28.908,0.8128,0.81297,4.50,1.50
2012.07.26 15:13:29.085,0.81282,0.81299,1.50,1.13
2012.07.26 15:13:29.438,0.81282,0.81296,1.50,1.50
2012.07.26 15:13:29.615,0.8128,0.81296,2.25,1.50
2012.07.26 15:13:30.152,0.81281,0.81296,1.50,2.25
2012.07.26 15:13:30.390,0.81278,0.81294,3.00,1.50
2012.07.26 15:13:30.511,0.81278,0.81294,1.50,2.25
2012.07.26 15:13:30.630,0.81276,0.81294,2.25,3.75
2012.07.26 15:13:31.756,0.81276,0.81293,1.50,1.18
2012.07.26 15:13:32.277,0.81275,0.81293,1.50,3.00
2012.07.26 15:13:32.812,0.81278,0.81294,2.25,2.68
2012.07.26 15:13:33.162,0.81278,0.81293,2.25,1.50
2012.07.26 15:13:33.571,0.81275,0.81291,2.25,1.18
2012.07.26 15:13:34.603,0.81274,0.81291,1.50,1.18
2012.07.26 15:13:35.146,0.81275,0.81293,1.50,3.00
2012.07.26 15:13:35.672,0.81275,0.81291,1.88,2.25
2012.07.26 15:13:36.263,0.81273,0.81291,4.13,2.25
2012.07.26 15:13:38.467,0.81275,0.81291,1.50,2.25
2012.07.26 15:13:38.930,0.81277,0.81292,2.25,2.25
2012.07.26 15:13:39.226,0.81283,0.81297,1.50,1.13
2012.07.26 15:13:40.452,0.81282,0.81298,1.50,1.13
2012.07.26 15:13:40.779,0.81282,0.81299,1.50,2.63
2012.07.26 15:13:40.841,0.81282,0.81299,1.50,2.66
2012.07.26 15:13:41.194,0.81279,0.81285,1.50,1.35
2012.07.26 15:13:41.432,0.81268,0.81283,2.23,2.25
2012.07.26 15:13:41.552,0.81267,0.81281,1.48,1.13
2012.07.26 15:13:42.178,0.81269,0.81283,1.50,1.88
2012.07.26 15:13:43.056,0.81269,0.81284,2.25,1.13
2012.07.26 15:13:43.233,0.81272,0.81287,1.50,3.38
2012.07.26 15:13:43.694,0.81273,0.81288,2.31,1.13
2012.07.26 15:13:43.986,0.81275,0.81289,5.24,1.13
2012.07.26 15:13:44.337,0.81278,0.81289,1.50,1.13
2012.07.26 15:13:44.868,0.81277,0.81291,2.25,1.13
2012.07.26 15:13:45.207,0.81278,0.81294,1.50,1.50
2012.07.26 15:13:45.270,0.81278,0.81296,1.50,4.13
2012.07.26 15:13:45.628,0.81284,0.81299,4.34,2.25
2012.07.26 15:13:45.693,0.81285,0.81299,2.25,1.50
2012.07.26 15:13:45.756,0.8129,0.81299,2.18,1.50
2012.07.26 15:13:45.876,0.81291,0.81302,1.50,1.50
2012.07.26 15:13:45.939,0.81291,0.81306,1.50,1.13
2012.07.26 15:13:46.059,0.8129,0.81307,5.18,1.13
2012.07.26 15:13:46.313,0.81292,0.81307,1.50,1.13
2012.07.26 15:13:47.323,0.81292,0.81307,2.25,1.13
2012.07.26 15:13:47.558,0.81292,0.81306,1.50,1.88
2012.07.26 15:13:47.622,0.81294,0.81306,1.50,1.88
2012.07.26 15:13:47.741,0.81291,0.81306,1.50,1.88
2012.07.26 15:13:47.862,0.8129,0.81306,1.50,1.88
2012.07.26 15:13:48.848,0.81289,0.81306,2.93,2.30
2012.07.26 15:13:49.837,0.81289,0.81305,1.43,2.48
2012.07.26 15:13:50.720,0.81289,0.81304,2.93,2.15
2012.07.26 15:13:51.310,0.81289,0.81301,1.43,1.13
2012.07.26 15:13:51.823,0.81287,0.81299,1.43,2.25
2012.07.26 15:13:52.177,0.81282,0.81297,2.25,1.50
2012.07.26 15:13:52.298,0.81282,0.81297,2.25,2.25
2012.07.26 15:13:52.361,0.81281,0.81296,3.00,1.18
2012.07.26 15:13:52.482,0.81282,0.81294,2.18,1.13
2012.07.26 15:13:53.114,0.81281,0.81296,2.25,3.38
2012.07.26 15:13:54.142,0.81281,0.81298,1.50,1.50
2012.07.26 15:13:54.288,0.81281,0.81299,3.00,3.00
2012.07.26 15:13:54.796,0.81283,0.813,2.25,2.25
2012.07.26 15:13:55.403,0.81283,0.81299,2.25,1.50
2012.07.26 15:13:55.919,0.81285,0.813,1.50,2.25
2012.07.26 15:13:56.042,0.81285,0.81301,2.25,2.63
2012.07.26 15:13:56.163,0.81287,0.81301,1.50,2.63
2012.07.26 15:13:56.459,0.81287,0.81303,2.25,1.50
2012.07.26 15:13:56.694,0.81286,0.813,1.50,1.50
2012.07.26 15:13:56.986,0.81284,0.813,2.25,2.25
2012.07.26 15:13:57.337,0.81286,0.81301,1.50,1.50
2012.07.26 15:13:57.458,0.81286,0.81302,2.25,1.18
2012.07.26 15:13:57.794,0.81289,0.81303,1.50,2.25
2012.07.26 15:13:57.866,0.8129,0.81305,1.50,1.88
2012.07.26 15:13:58.045,0.8129,0.81305,3.00,1.13
2012.07.26 15:13:58.455,0.81293,0.81309,1.56,2.25
2012.07.26 15:13:58.690,0.81296,0.81309,1.50,1.50
2012.07.26 15:13:59.040,0.81299,0.81312,1.50,1.13
2012.07.26 15:13:59.273,0.81298,0.81314,3.75,1.13
2012.07.26 15:13:59.399,0.81298,0.81317,4.50,6.43
2012.07.26 15:13:59.574,0.813,0.81317,2.18,6.00
2012.07.26 15:14:00.104,0.81301,0.81317,1.50,3.75
2012.07.26 15:14:00.647,0.81299,0.81317,1.48,4.13
2012.07.26 15:14:01.000,0.813,0.81315,2.25,1.50
2012.07.26 15:14:01.064,0.813,0.81315,1.50,1.50
2012.07.26 15:14:01.185,0.813,0.81315,1.50,1.50
2012.07.26 15:14:01.306,0.81299,0.81315,1.50,5.18
2012.07.26 15:14:01.569,0.81299,0.81314,3.00,1.13
2012.07.26 15:14:02.154,0.81297,0.81314,2.25,1.13
2012.07.26 15:14:02.275,0.813,0.81314,1.50,1.13
2012.07.26 15:14:03.257,0.813,0.81314,1.50,1.13
2012.07.26 15:14:04.008,0.81299,0.81314,1.50,1.13
2012.07.26 15:14:04.826,0.81299,0.81311,1.50,1.35
2012.07.26 15:14:04.890,0.81296,0.81311,1.50,3.60
2012.07.26 15:14:05.011,0.81294,0.81308,3.00,1.50
2012.07.26 15:14:05.074,0.81291,0.81308,7.50,5.93
2012.07.26 15:14:05.195,0.81291,0.81308,5.25,5.18
2012.07.26 15:14:05.258,0.81289,0.81308,6.00,5.55
2012.07.26 15:14:05.780,0.81292,0.81309,1.50,2.63
2012.07.26 15:14:06.919,0.8129,0.81305,3.00,1.35
2012.07.26 15:14:07.101,0.8129,0.81304,1.50,1.50
2012.07.26 15:14:07.282,0.81289,0.81302,1.50,1.50
2012.07.26 15:14:07.345,0.81287,0.81304,1.50,3.00
2012.07.26 15:14:07.408,0.81286,0.81304,3.75,3.00
2012.07.26 15:14:07.594,0.81288,0.81302,1.50,1.50
2012.07.26 15:14:08.000,0.81288,0.81305,3.75,2.25
2012.07.26 15:14:08.290,0.81291,0.81306,1.50,1.88
2012.07.26 15:14:08.583,0.81288,0.81305,1.50,1.50
2012.07.26 15:14:08.647,0.81287,0.81303,2.25,1.50
2012.07.26 15:14:09.169,0.81287,0.81304,1.50,2.25
2012.07.26 15:14:09.703,0.81286,0.81303,2.25,1.50
2012.07.26 15:14:10.282,0.81285,0.81302,2.25,1.50
2012.07.26 15:14:13.909,0.81286,0.81303,2.25,1.50
2012.07.26 15:14:15.639,0.81284,0.81303,1.50,5.85
2012.07.26 15:14:16.199,0.81283,0.81301,2.25,2.25
2012.07.26 15:14:16.547,0.81282,0.81297,1.50,2.25
2012.07.26 15:14:16.931,0.8128,0.81295,2.25,1.50
2012.07.26 15:14:16.997,0.81279,0.81295,2.25,3.00
2012.07.26 15:14:17.117,0.81279,0.81295,1.50,3.00
2012.07.26 15:14:17.412,0.81278,0.81296,4.35,4.05
2012.07.26 15:14:17.533,0.81284,0.81298,1.50,1.50
2012.07.26 15:14:18.052,0.81284,0.81299,1.50,1.88
2012.07.26 15:14:18.566,0.81284,0.81301,1.50,3.38
2012.07.26 15:14:19.295,0.81286,0.81301,1.50,1.88
2012.07.26 15:14:19.816,0.81285,0.81302,2.25,1.73
2012.07.26 15:14:20.407,0.81287,0.81302,1.50,1.73
2012.07.26 15:14:21.224,0.81286,0.81302,1.50,3.23
2012.07.26 15:14:21.795,0.81285,0.81302,3.00,1.73
2012.07.26 15:14:22.138,0.81287,0.81302,1.50,1.73
2012.07.26 15:14:22.484,0.81285,0.81302,3.00,1.73
2012.07.26 15:14:23.389,0.81284,0.81301,3.00,2.25
2012.07.26 15:14:29.246,0.81282,0.813,5.25,1.50
2012.07.26 15:14:29.815,0.81283,0.81301,2.25,3.00
2012.07.26 15:14:31.568,0.81284,0.81301,1.50,1.50
2012.07.26 15:14:31.755,0.81292,0.81307,1.50,1.88
2012.07.26 15:14:32.376,0.81291,0.81308,2.25,2.63
2012.07.26 15:14:33.273,0.81291,0.81308,3.00,2.25
2012.07.26 15:14:33.335,0.81291,0.81308,3.75,2.25
2012.07.26 15:14:33.766,0.81293,0.8131,1.50,4.40
2012.07.26 15:14:33.886,0.81294,0.81307,1.50,1.50
2012.07.26 15:14:34.404,0.81292,0.81306,2.25,1.13
2012.07.26 15:14:35.571,0.81292,0.81306,1.50,1.13
2012.07.26 15:14:35.751,0.81289,0.81305,1.50,4.35
2012.07.26 15:14:35.814,0.81289,0.81305,1.50,5.10
2012.07.26 15:14:36.163,0.81286,0.81301,2.25,1.50
2012.07.26 15:14:36.675,0.81286,0.81301,1.50,1.50
2012.07.26 15:14:37.032,0.81291,0.81305,1.50,1.50
2012.07.26 15:14:37.346,0.81294,0.81307,1.50,1.13
2012.07.26 15:14:39.064,0.81294,0.81309,1.50,1.88
2012.07.26 15:14:39.126,0.81294,0.81307,1.50,1.13
2012.07.26 15:14:39.647,0.81293,0.81307,1.50,1.88
2012.07.26 15:14:40.177,0.81292,0.81307,1.50,3.38
2012.07.26 15:14:41.348,0.81292,0.8131,1.50,4.88
2012.07.26 15:14:43.249,0.81292,0.81309,1.50,1.50
2012.07.26 15:14:47.579,0.81292,0.81308,1.50,1.50
2012.07.26 15:14:47.641,0.8129,0.81305,4.50,1.50
2012.07.26 15:14:48.049,0.81287,0.81303,2.25,1.50
2012.07.26 15:14:48.397,0.8129,0.81306,3.00,2.30
2012.07.26 15:14:51.775,0.8129,0.81304,1.50,3.00
2012.07.26 15:14:51.838,0.8129,0.81304,1.50,3.00
2012.07.26 15:14:52.305,0.8128,0.81293,1.13,1.50
2012.07.26 15:14:52.375,0.81275,0.81293,2.25,1.50
2012.07.26 15:14:52.438,0.81275,0.81293,2.25,1.50
2012.07.26 15:14:52.674,0.81275,0.81292,2.25,2.10
2012.07.26 15:14:53.028,0.81274,0.81288,2.25,1.88
2012.07.26 15:14:53.320,0.81271,0.81287,4.50,2.25
2012.07.26 15:14:53.839,0.81271,0.81287,6.00,1.50
2012.07.26 15:14:54.367,0.81271,0.81287,5.25,1.50
2012.07.26 15:14:54.889,0.81272,0.81287,3.00,1.50
2012.07.26 15:14:54.951,0.81274,0.8129,2.25,1.88
2012.07.26 15:14:55.497,0.81273,0.8129,2.25,1.13
2012.07.26 15:14:56.119,0.81272,0.8129,2.25,2.63
2012.07.26 15:14:56.182,0.81272,0.81287,2.25,1.50
2012.07.26 15:14:56.300,0.81271,0.81287,5.25,1.50
2012.07.26 15:14:57.134,0.81271,0.8129,5.25,4.13
2012.07.26 15:14:57.252,0.81273,0.8129,1.50,2.63
2012.07.26 15:14:57.830,0.81275,0.8129,1.50,1.13
2012.07.26 15:14:58.165,0.81277,0.81292,1.50,1.13
2012.07.26 15:14:59.510,0.81276,0.81292,2.25,2.63
2012.07.26 15:15:00.249,0.81274,0.81292,1.50,2.63
2012.07.26 15:15:00.481,0.81273,0.81291,3.75,1.13
2012.07.26 15:15:01.062,0.81272,0.81289,3.00,1.50
2012.07.26 15:15:01.239,0.81272,0.81288,3.00,2.25
2012.07.26 15:15:01.778,0.81272,0.81288,3.00,2.68
2012.07.26 15:15:02.243,0.81276,0.81289,1.50,1.93
2012.07.26 15:15:02.477,0.81273,0.81289,1.50,3.05
2012.07.26 15:15:02.998,0.81271,0.81288,1.50,1.88
2012.07.26 15:15:04.265,0.81272,0.81288,4.50,1.13
2012.07.26 15:15:04.808,0.8127,0.81287,2.25,1.18
2012.07.26 15:15:04.871,0.8127,0.81287,1.50,2.68
2012.07.26 15:15:05.103,0.81269,0.81283,3.00,1.13
2012.07.26 15:15:06.855,0.81268,0.81283,2.25,1.13
2012.07.26 15:15:07.377,0.81265,0.81281,3.00,2.63
2012.07.26 15:15:07.784,0.81265,0.8128,2.25,1.13
2012.07.26 15:15:07.847,0.81265,0.8128,2.25,2.55
2012.07.26 15:15:08.138,0.81269,0.81281,1.50,1.13
2012.07.26 15:15:08.686,0.81269,0.81282,1.50,2.48
2012.07.26 15:15:09.044,0.81266,0.81282,1.50,2.48
2012.07.26 15:15:09.880,0.81268,0.81282,1.50,1.13
2012.07.26 15:15:10.757,0.81269,0.81283,1.50,2.55
2012.07.26 15:15:11.109,0.81269,0.81276,1.50,2.93
2012.07.26 15:15:11.459,0.81261,0.81273,1.50,1.13
2012.07.26 15:15:11.935,0.81259,0.81273,1.50,1.13
2012.07.26 15:15:12.462,0.8126,0.81275,1.50,1.13
2012.07.26 15:15:13.338,0.81259,0.81275,2.25,1.13
2012.07.26 15:15:13.866,0.81258,0.81272,1.50,1.55
2012.07.26 15:15:14.396,0.81259,0.81275,1.50,1.88
2012.07.26 15:15:14.901,0.8126,0.81275,2.25,1.13
2012.07.26 15:15:15.820,0.81256,0.81272,2.25,1.55
2012.07.26 15:15:16.370,0.81256,0.81271,2.25,1.13
2012.07.26 15:15:16.872,0.81255,0.81273,3.75,2.30
2012.07.26 15:15:17.387,0.81256,0.81271,1.50,1.13
2012.07.26 15:15:18.032,0.81258,0.81274,1.50,4.05
2012.07.26 15:15:18.333,0.81258,0.81274,2.25,1.88
2012.07.26 15:15:18.668,0.81258,0.81274,2.25,1.88
2012.07.26 15:15:19.208,0.8126,0.81274,2.25,1.13
2012.07.26 15:15:19.327,0.8126,0.81277,3.75,3.30
2012.07.26 15:15:19.390,0.81262,0.81277,1.50,1.13
2012.07.26 15:15:19.965,0.81262,0.81278,2.25,1.55
2012.07.26 15:15:20.329,0.81264,0.81278,1.50,1.55
2012.07.26 15:15:20.561,0.81261,0.81277,3.75,1.50
2012.07.26 15:15:21.022,0.81264,0.81278,1.50,1.55
2012.07.26 15:15:21.656,0.81261,0.81278,2.25,1.55
2012.07.26 15:15:22.583,0.81261,0.81278,2.25,3.05
2012.07.26 15:15:22.646,0.81259,0.81277,1.50,2.25
2012.07.26 15:15:22.875,0.81261,0.81277,1.50,2.25
2012.07.26 15:15:25.981,0.81259,0.81277,1.50,2.25
2012.07.26 15:15:26.519,0.8126,0.81278,1.50,4.55
2012.07.26 15:15:26.877,0.81263,0.81278,1.50,1.55
2012.07.26 15:15:27.171,0.81264,0.8128,1.50,3.38
2012.07.26 15:15:27.464,0.81268,0.8128,1.50,1.88
2012.07.26 15:15:27.761,0.81272,0.81286,1.50,2.63
2012.07.26 15:15:28.114,0.81268,0.8128,1.50,1.50
2012.07.26 15:15:28.409,0.81262,0.81277,1.50,2.25
2012.07.26 15:15:31.361,0.81262,0.81275,1.50,1.50
2012.07.26 15:15:31.884,0.81262,0.81275,1.50,3.75
2012.07.26 15:15:32.368,0.8126,0.81275,1.50,1.13
2012.07.26 15:15:33.058,0.8126,0.81277,1.50,2.63
2012.07.26 15:15:33.292,0.81259,0.81275,3.00,1.50
2012.07.26 15:15:33.834,0.81259,0.81275,1.50,1.50
2012.07.26 15:15:33.897,0.81261,0.81275,1.50,1.50
2012.07.26 15:15:34.018,0.81262,0.81278,2.25,1.88
2012.07.26 15:15:34.253,0.81266,0.81278,1.50,1.13
2012.07.26 15:15:34.485,0.81264,0.81279,2.25,2.63
2012.07.26 15:15:34.662,0.81264,0.81279,2.25,1.13
2012.07.26 15:15:35.290,0.81264,0.81279,2.25,1.13
2012.07.26 15:15:37.487,0.81264,0.81279,1.50,1.13
2012.07.26 15:15:38.107,0.81265,0.81279,1.50,1.13
2012.07.26 15:15:38.572,0.81263,0.81277,1.50,2.25
2012.07.26 15:15:38.693,0.81262,0.81274,1.50,2.18
2012.07.26 15:15:38.814,0.81259,0.81274,3.00,2.93
2012.07.26 15:15:38.933,0.81259,0.81274,2.25,2.25
2012.07.26 15:15:39.053,0.81257,0.81272,2.25,1.18
2012.07.26 15:15:39.571,0.81256,0.81271,3.00,1.13
2012.07.26 15:15:40.086,0.81256,0.81271,2.25,1.13
2012.07.26 15:15:40.376,0.81256,0.81271,2.85,1.13
2012.07.26 15:15:40.726,0.81259,0.81274,1.56,2.25
2012.07.26 15:15:41.196,0.81262,0.81279,1.50,2.30
2012.07.26 15:15:41.272,0.81264,0.81279,1.50,2.30
2012.07.26 15:15:41.803,0.81264,0.81279,2.25,1.55
2012.07.26 15:15:43.539,0.81262,0.81279,3.00,1.55
2012.07.26 15:15:43.602,0.81262,0.81279,3.00,3.65
2012.07.26 15:15:43.950,0.81259,0.81274,2.25,1.93
2012.07.26 15:15:44.014,0.81259,0.81274,1.50,1.18
2012.07.26 15:15:44.078,0.81258,0.81272,2.25,1.50
2012.07.26 15:15:44.432,0.81259,0.81275,2.25,2.93
2012.07.26 15:15:45.423,0.81261,0.81277,2.25,1.50
2012.07.26 15:15:45.890,0.81264,0.81278,1.50,3.05
2012.07.26 15:15:46.011,0.81266,0.81278,1.50,1.55
2012.07.26 15:15:46.414,0.81264,0.81278,2.25,1.55
2012.07.26 15:15:48.268,0.81264,0.81278,2.25,1.55
2012.07.26 15:15:48.725,0.81262,0.81278,3.75,1.55
2012.07.26 15:15:49.454,0.81263,0.81276,1.50,1.50
2012.07.26 15:15:49.519,0.8126,0.81275,2.25,1.18
2012.07.26 15:15:50.037,0.81257,0.81275,3.75,1.93
2012.07.26 15:15:50.382,0.81257,0.81275,3.75,2.68
2012.07.26 15:15:50.900,0.81257,0.81274,3.75,1.18
2012.07.26 15:15:51.493,0.81257,0.81274,3.75,1.18
2012.07.26 15:15:51.782,0.81255,0.81271,3.00,1.50
2012.07.26 15:15:52.241,0.81253,0.8127,3.00,1.50
2012.07.26 15:15:52.303,0.81253,0.8127,3.00,3.75
2012.07.26 15:15:54.177,0.81252,0.81271,4.50,4.88
2012.07.26 15:15:54.352,0.81253,0.81271,1.50,4.88
2012.07.26 15:15:54.860,0.81252,0.81271,3.00,5.63
2012.07.26 15:15:56.175,0.81254,0.81269,1.50,1.50
2012.07.26 15:15:56.530,0.81259,0.8127,1.56,1.50
2012.07.26 15:15:56.824,0.81262,0.81274,1.50,1.50
2012.07.26 15:15:56.887,0.81262,0.81274,1.50,1.50
2012.07.26 15:15:57.007,0.81262,0.81277,1.50,1.50
2012.07.26 15:15:57.184,0.81266,0.81277,1.50,1.50
2012.07.26 15:15:57.760,0.81265,0.8128,1.50,1.13
2012.07.26 15:15:58.963,0.81263,0.81278,1.50,1.18
2012.07.26 15:15:59.370,0.81259,0.81277,1.50,4.13
2012.07.26 15:15:59.667,0.81259,0.81275,1.50,1.18
2012.07.26 15:15:59.729,0.81257,0.81275,2.25,1.18
2012.07.26 15:16:00.096,0.8126,0.81274,1.50,1.50
2012.07.26 15:16:00.620,0.81259,0.81274,1.50,1.50
2012.07.26 15:16:00.683,0.81259,0.81274,1.50,1.50
2012.07.26 15:16:01.200,0.8126,0.81274,2.25,1.50
2012.07.26 15:16:01.620,0.81264,0.81278,1.50,1.55
2012.07.26 15:16:02.084,0.81263,0.81278,2.25,1.13
2012.07.26 15:16:02.431,0.81266,0.81279,1.50,1.13
2012.07.26 15:16:03.959,0.81266,0.81279,1.50,1.13
2012.07.26 15:16:04.207,0.81263,0.81277,3.00,1.13
2012.07.26 15:16:04.727,0.81262,0.81277,2.25,1.13
2012.07.26 15:16:05.018,0.8126,0.81277,2.25,1.13
2012.07.26 15:16:07.061,0.8126,0.81275,1.50,2.25
2012.07.26 15:16:07.383,0.81258,0.81275,3.75,3.75
2012.07.26 15:16:07.901,0.81259,0.81274,1.50,1.50
2012.07.26 15:16:08.417,0.8126,0.81275,1.50,1.50
2012.07.26 15:16:08.706,0.81258,0.81275,2.25,3.75
2012.07.26 15:16:09.470,0.81258,0.81273,1.50,1.50
2012.07.26 15:16:09.702,0.8126,0.81275,1.50,2.25
2012.07.26 15:16:10.048,0.8126,0.81275,1.50,2.25
2012.07.26 15:16:10.423,0.81257,0.81274,3.00,1.50
2012.07.26 15:16:11.002,0.81257,0.81274,2.25,1.50
2012.07.26 15:16:11.560,0.81256,0.81272,4.50,1.18
2012.07.26 15:16:11.681,0.81254,0.8127,2.25,2.63
2012.07.26 15:16:12.199,0.81252,0.8127,2.25,2.63
2012.07.26 15:16:13.609,0.81252,0.81268,2.25,2.25
2012.07.26 15:16:14.977,0.8125,0.81266,3.00,1.50
2012.07.26 15:16:15.039,0.8125,0.81266,3.00,1.50
2012.07.26 15:16:15.331,0.81248,0.81263,1.50,2.25
2012.07.26 15:16:15.623,0.81247,0.81264,3.00,2.93
2012.07.26 15:16:15.836,0.81248,0.81266,1.50,3.75
2012.07.26 15:16:17.438,0.81248,0.81266,2.25,1.50
2012.07.26 15:16:18.021,0.81247,0.81264,3.75,2.25
2012.07.26 15:16:19.072,0.81246,0.81264,4.50,1.50
2012.07.26 15:16:23.500,0.81249,0.81263,1.35,1.18
2012.07.26 15:16:23.961,0.81251,0.81266,2.25,1.50
2012.07.26 15:16:24.137,0.81248,0.81265,3.00,2.25
2012.07.26 15:16:24.427,0.81247,0.81265,2.63,2.25
2012.07.26 15:16:24.548,0.81248,0.81265,1.50,2.25
2012.07.26 15:16:25.071,0.81251,0.81267,4.50,1.50
2012.07.26 15:16:26.236,0.81249,0.81265,2.25,1.50
2012.07.26 15:16:26.355,0.81249,0.81265,1.50,1.50
2012.07.26 15:16:26.868,0.81251,0.81265,1.50,2.25
2012.07.26 15:16:27.333,0.81249,0.81265,2.25,1.50
2012.07.26 15:16:27.807,0.8125,0.81265,1.50,1.50
2012.07.26 15:16:27.871,0.81252,0.81268,1.50,2.25
2012.07.26 15:16:28.275,0.81254,0.81268,1.50,1.50
2012.07.26 15:16:28.453,0.81251,0.81267,3.00,2.25
2012.07.26 15:16:29.058,0.81251,0.81267,2.25,2.25
2012.07.26 15:16:31.207,0.8125,0.81266,3.75,1.50
2012.07.26 15:16:31.444,0.81248,0.81265,3.00,3.75
2012.07.26 15:16:32.804,0.81253,0.81268,1.50,2.25
2012.07.26 15:16:33.339,0.81252,0.81268,1.50,2.25
2012.07.26 15:16:34.259,0.81252,0.81266,1.50,2.25
2012.07.26 15:16:34.726,0.8125,0.81266,1.50,3.75
2012.07.26 15:16:35.251,0.81249,0.81266,1.50,3.75
2012.07.26 15:16:35.767,0.81248,0.81263,1.50,2.25
2012.07.26 15:16:36.711,0.81247,0.81264,2.25,1.50
2012.07.26 15:16:36.830,0.81246,0.81264,3.75,2.25
2012.07.26 15:16:38.691,0.81246,0.81261,2.25,1.13
2012.07.26 15:16:38.810,0.81247,0.81263,1.50,2.25
2012.07.26 15:16:39.215,0.81247,0.81261,1.50,2.25
2012.07.26 15:16:39.281,0.81246,0.8126,1.50,1.50
2012.07.26 15:16:39.457,0.81244,0.81258,2.25,2.25
2012.07.26 15:16:39.575,0.81243,0.81258,1.50,2.25
2012.07.26 15:16:39.920,0.81243,0.8126,1.50,3.00
2012.07.26 15:16:40.326,0.81245,0.81261,2.25,3.00
2012.07.26 15:16:40.786,0.81245,0.81261,1.50,1.50
2012.07.26 15:16:41.134,0.81245,0.81259,1.50,3.68
2012.07.26 15:16:41.269,0.81243,0.81257,3.00,1.13
2012.07.26 15:16:41.977,0.81243,0.81257,2.25,1.13
2012.07.26 15:16:42.096,0.81243,0.81257,3.00,1.13
2012.07.26 15:16:42.338,0.81244,0.8126,3.00,1.50
2012.07.26 15:16:42.401,0.81247,0.8126,1.50,1.50
2012.07.26 15:16:42.857,0.81247,0.81262,1.50,1.50
2012.07.26 15:16:42.919,0.81248,0.81263,2.25,2.25
2012.07.26 15:16:43.452,0.81248,0.81261,2.25,1.50
2012.07.26 15:16:43.525,0.81247,0.81261,1.13,1.50
2012.07.26 15:16:43.662,0.81247,0.81261,1.13,2.25
2012.07.26 15:16:43.951,0.81245,0.81261,1.50,2.25
2012.07.26 15:16:44.301,0.81246,0.81262,1.56,1.50
2012.07.26 15:16:44.420,0.81246,0.81262,2.31,1.50
2012.07.26 15:16:44.997,0.81247,0.81261,1.88,1.50
2012.07.26 15:16:45.347,0.81246,0.81261,1.88,1.50
2012.07.26 15:16:45.637,0.81247,0.81261,1.88,1.50
2012.07.26 15:16:46.165,0.81248,0.81264,1.50,4.50
2012.07.26 15:16:46.996,0.81247,0.81263,1.50,1.50
2012.07.26 15:16:47.578,0.81248,0.81263,1.50,1.50
2012.07.26 15:16:49.094,0.8125,0.81262,1.50,1.50
2012.07.26 15:16:49.614,0.81247,0.81264,3.06,2.25
2012.07.26 15:16:49.902,0.81246,0.81262,1.50,1.50
2012.07.26 15:16:50.246,0.81245,0.8126,1.35,1.50
2012.07.26 15:16:51.306,0.81245,0.8126,2.10,1.50
2012.07.26 15:16:51.369,0.81245,0.8126,3.60,1.50
2012.07.26 15:16:51.547,0.81249,0.8126,1.50,1.50
2012.07.26 15:16:52.480,0.81247,0.81263,3.00,2.25
2012.07.26 15:16:53.975,0.81246,0.81262,2.25,2.25
2012.07.26 15:16:54.038,0.81244,0.81261,4.50,2.25
2012.07.26 15:16:55.408,0.81244,0.81257,2.25,2.25
2012.07.26 15:16:56.010,0.81245,0.81259,1.50,1.50
2012.07.26 15:16:56.074,0.81246,0.8126,1.50,2.25
2012.07.26 15:16:56.619,0.81246,0.8126,1.50,1.50
2012.07.26 15:16:57.142,0.81247,0.81262,1.50,3.00
2012.07.26 15:16:57.373,0.8125,0.81262,1.50,2.25
2012.07.26 15:16:57.616,0.81248,0.81262,1.50,2.25
2012.07.26 15:16:57.908,0.8125,0.81264,1.50,2.63
2012.07.26 15:16:58.143,0.8125,0.81268,4.50,1.88
2012.07.26 15:16:58.209,0.8125,0.81268,5.25,1.88
2012.07.26 15:16:58.555,0.81254,0.81269,1.50,2.63
2012.07.26 15:17:00.762,0.81254,0.81267,1.50,1.13
2012.07.26 15:17:03.102,0.8125,0.81266,3.00,2.25
2012.07.26 15:17:03.645,0.8125,0.81266,2.25,2.25
2012.07.26 15:17:04.049,0.81248,0.81264,1.50,2.25
2012.07.26 15:17:05.983,0.81249,0.81264,1.50,1.50
2012.07.26 15:17:06.453,0.81251,0.81267,2.25,2.25
2012.07.26 15:17:08.691,0.81249,0.81267,3.75,5.25
2012.07.26 15:17:08.930,0.81248,0.81265,2.25,3.00
2012.07.26 15:17:09.542,0.81249,0.81265,1.50,1.50
2012.07.26 15:17:10.079,0.81249,0.81266,3.00,1.50
2012.07.26 15:17:11.541,0.81253,0.81266,1.50,1.50
2012.07.26 15:17:12.421,0.8125,0.81267,2.25,3.75
2012.07.26 15:17:12.653,0.81249,0.81267,4.50,3.00
2012.07.26 15:17:13.003,0.81248,0.81264,3.75,2.25
2012.07.26 15:17:14.016,0.81249,0.8126,2.25,1.13
2012.07.26 15:17:14.321,0.81249,0.81263,2.25,1.13
2012.07.26 15:17:17.987,0.8125,0.81262,2.25,1.13
2012.07.26 15:17:18.049,0.81251,0.81266,1.50,3.00
2012.07.26 15:17:18.279,0.8125,0.81265,2.25,1.50
2012.07.26 15:17:18.989,0.81249,0.81264,2.25,2.93
2012.07.26 15:17:19.108,0.81248,0.81264,3.00,2.93
2012.07.26 15:17:19.956,0.81248,0.81263,3.00,1.13
2012.07.26 15:17:20.167,0.81248,0.81263,3.75,1.13
2012.07.26 15:17:22.034,0.81247,0.81265,6.00,3.38
2012.07.26 15:17:24.863,0.81248,0.81263,4.50,1.13
2012.07.26 15:17:24.927,0.8125,0.81264,1.50,1.13
2012.07.26 15:17:25.489,0.81249,0.81264,1.50,1.13
2012.07.26 15:17:25.839,0.81254,0.81265,1.50,1.50
2012.07.26 15:17:26.243,0.81254,0.81268,1.50,1.50
2012.07.26 15:17:26.305,0.81254,0.81268,1.50,1.50
2012.07.26 15:17:26.425,0.81254,0.81267,1.50,3.75
2012.07.26 15:17:26.488,0.81251,0.81267,1.50,4.50
2012.07.26 15:17:27.031,0.81252,0.81267,1.50,1.50
2012.07.26 15:17:27.266,0.81255,0.81269,1.50,2.25
2012.07.26 15:17:27.502,0.81255,0.8127,3.06,1.13
2012.07.26 15:17:27.622,0.81258,0.81272,1.50,1.13
2012.07.26 15:17:27.684,0.81258,0.81273,1.50,1.88
2012.07.26 15:17:27.919,0.81256,0.81273,3.06,1.88
2012.07.26 15:17:28.335,0.81259,0.81273,1.50,1.88
2012.07.26 15:17:28.510,0.81257,0.81273,1.50,1.88
2012.07.26 15:17:28.742,0.81255,0.81273,5.25,4.13
2012.07.26 15:17:29.168,0.81255,0.81273,3.75,3.75
2012.07.26 15:17:29.982,0.81255,0.8127,2.25,1.13
2012.07.26 15:17:31.566,0.81256,0.8127,1.35,1.13
2012.07.26 15:17:31.805,0.81261,0.81274,2.25,1.88
2012.07.26 15:17:34.071,0.81263,0.81276,1.50,1.13
2012.07.26 15:17:34.249,0.81265,0.81276,1.50,1.13
2012.07.26 15:17:34.822,0.81265,0.8128,2.25,1.13
2012.07.26 15:17:35.570,0.81265,0.81278,2.25,2.93
2012.07.26 15:17:35.811,0.81261,0.81277,1.50,2.25
2012.07.26 15:17:36.336,0.8126,0.81272,2.25,1.13
2012.07.26 15:17:36.850,0.8126,0.81272,2.25,1.13
2012.07.26 15:17:38.115,0.8126,0.81276,4.50,1.50
2012.07.26 15:17:38.296,0.81262,0.81276,1.50,1.50
2012.07.26 15:17:38.716,0.8126,0.81277,4.50,1.13
2012.07.26 15:17:39.609,0.8126,0.81277,2.25,1.88
2012.07.26 15:17:40.010,0.8126,0.81275,2.25,1.13
2012.07.26 15:17:41.683,0.81259,0.81275,2.25,1.13
2012.07.26 15:17:42.024,0.81259,0.81276,2.25,2.63
2012.07.26 15:17:42.576,0.81261,0.81276,1.50,1.13
2012.07.26 15:17:43.271,0.8126,0.81276,2.25,1.13
2012.07.26 15:17:43.650,0.8126,0.81276,2.25,1.13
2012.07.26 15:17:44.198,0.81259,0.81274,2.25,1.13
