2018.01.19 20:00:00.089,0.88479,0.88484,1.25,1.37
2018.01.19 20:00:00.293,0.88476,0.88483,2.06,4.12
2018.01.19 20:00:00.347,0.88476,0.88484,1.87,2.81
2018.01.19 20:00:00.419,0.88476,0.88483,1.37,1.12
2018.01.19 20:00:00.982,0.88475,0.88482,1.87,1.00
2018.01.19 20:00:01.035,0.88475,0.88483,1.75,3.37
2018.01.19 20:00:01.296,0.88477,0.88484,2.81,1.12
2018.01.19 20:00:01.401,0.88479,0.88487,3.00,2.44
2018.01.19 20:00:02.672,0.88481,0.88488,1.37,2.25
2018.01.19 20:00:03.243,0.88479,0.88487,4.31,1.12
2018.01.19 20:00:03.890,0.8848,0.88488,1.50,1.69
2018.01.19 20:00:04.674,0.88479,0.88487,4.31,1.50
2018.01.19 20:00:05.351,0.88483,0.88488,1.37,1.12
2018.01.19 20:00:05.405,0.88485,0.88491,1.00,2.44
2018.01.19 20:00:05.457,0.88484,0.88492,2.62,1.69
2018.01.19 20:00:05.838,0.88485,0.88492,1.12,1.37
2018.01.19 20:00:06.351,0.88484,0.88493,2.81,3.19
2018.01.19 20:00:06.456,0.88485,0.88493,1.69,2.25
2018.01.19 20:00:07.005,0.88484,0.88492,3.19,1.00
2018.01.19 20:00:07.541,0.88485,0.88493,1.62,1.87
2018.01.19 20:00:08.613,0.88486,0.88494,1.50,2.44
2018.01.19 20:00:10.111,0.88486,0.88493,2.06,1.50
2018.01.19 20:00:10.629,0.88485,0.88493,2.62,1.31
2018.01.19 20:00:10.787,0.88485,0.88493,2.81,1.50
2018.01.19 20:00:10.840,0.88485,0.88493,2.81,1.12
2018.01.19 20:00:11.223,0.88488,0.88495,1.87,1.00
2018.01.19 20:00:11.276,0.88489,0.88496,1.37,1.00
2018.01.19 20:00:11.379,0.88489,0.88496,1.87,1.00
2018.01.19 20:00:12.360,0.88489,0.88497,2.62,1.25
2018.01.19 20:00:14.088,0.88489,0.88496,2.25,1.12
2018.01.19 20:00:14.142,0.88487,0.88494,3.37,1.25
2018.01.19 20:00:16.266,0.88487,0.88494,1.37,1.19
2018.01.19 20:00:17.316,0.88487,0.88494,1.75,1.00
2018.01.19 20:00:17.368,0.88487,0.88494,1.37,1.25
2018.01.19 20:00:17.956,0.88486,0.88493,1.37,1.00
2018.01.19 20:00:18.620,0.88486,0.88494,1.50,1.31
2018.01.19 20:00:24.018,0.88486,0.88495,3.00,3.56
2018.01.19 20:00:24.070,0.88487,0.88495,1.87,2.25
2018.01.19 20:00:24.955,0.88487,0.88495,1.75,2.81
2018.01.19 20:00:26.506,0.88487,0.88495,3.00,2.25
2018.01.19 20:00:28.713,0.88488,0.88495,1.37,1.37
2018.01.19 20:00:28.765,0.88485,0.88493,5.25,1.87
2018.01.19 20:00:28.819,0.88485,0.88492,2.62,1.12
2018.01.19 20:00:29.594,0.88484,0.88491,1.50,1.50
2018.01.19 20:00:30.119,0.88485,0.88493,1.87,2.62
2018.01.19 20:00:30.628,0.88484,0.88491,2.25,1.12
2018.01.19 20:00:31.514,0.88482,0.88489,1.37,1.37
2018.01.19 20:00:31.714,0.88484,0.88491,1.37,1.50
2018.01.19 20:00:37.712,0.88484,0.88491,1.37,2.25
2018.01.19 20:00:37.764,0.88482,0.88489,1.87,1.50
2018.01.19 20:00:37.816,0.88481,0.88487,2.25,1.00
2018.01.19 20:00:38.138,0.88482,0.88489,1.50,2.25
2018.01.19 20:00:38.406,0.88482,0.88489,1.12,1.50
2018.01.19 20:00:38.459,0.88481,0.88488,1.31,1.50
2018.01.19 20:00:39.010,0.8848,0.88487,1.00,1.69
2018.01.19 20:00:39.873,0.88482,0.88489,1.87,1.00
2018.01.19 20:00:40.409,0.88483,0.88491,1.50,2.81
2018.01.19 20:00:40.854,0.88484,0.88492,2.44,1.12
2018.01.19 20:00:42.900,0.88485,0.88493,1.00,3.56
2018.01.19 20:00:43.424,0.88484,0.88493,2.44,3.56
2018.01.19 20:00:43.787,0.88484,0.88492,1.50,2.44
2018.01.19 20:00:44.453,0.88484,0.88492,2.06,2.25
2018.01.19 20:00:45.322,0.88484,0.88491,1.00,1.69
2018.01.19 20:00:45.952,0.88482,0.8849,3.94,1.00
2018.01.19 20:00:46.663,0.88483,0.8849,1.00,1.12
2018.01.19 20:00:48.217,0.88483,0.8849,1.00,2.06
2018.01.19 20:00:48.535,0.8848,0.88488,4.87,1.69
2018.01.19 20:00:48.588,0.8848,0.88486,1.00,1.50
2018.01.19 20:00:48.977,0.88479,0.88488,3.94,1.69
2018.01.19 20:00:49.183,0.8848,0.88487,1.00,1.50
2018.01.19 20:00:51.442,0.88481,0.88489,1.37,3.94
2018.01.19 20:00:53.696,0.8848,0.88488,2.81,1.12
2018.01.19 20:00:54.048,0.8848,0.88486,1.00,1.00
2018.01.19 20:01:03.756,0.8848,0.88487,1.00,2.44
2018.01.19 20:01:04.575,0.88478,0.88487,3.94,2.81
2018.01.19 20:01:04.992,0.8848,0.88489,2.62,3.94
2018.01.19 20:01:05.657,0.88481,0.88489,1.50,2.44
2018.01.19 20:01:06.068,0.88483,0.88491,1.87,3.56
2018.01.19 20:01:06.700,0.88484,0.88491,1.00,2.44
2018.01.19 20:01:07.967,0.88482,0.8849,3.00,1.62
2018.01.19 20:01:08.438,0.88484,0.88491,1.00,3.19
2018.01.19 20:01:08.490,0.88482,0.88489,2.44,1.00
2018.01.19 20:01:09.100,0.88483,0.88491,1.87,1.69
2018.01.19 20:01:09.704,0.88483,0.88489,1.37,1.00
2018.01.19 20:01:09.871,0.88479,0.88486,1.12,1.25
2018.01.19 20:01:10.526,0.88479,0.88487,2.62,1.69
2018.01.19 20:01:10.817,0.8848,0.88489,2.62,3.56
2018.01.19 20:01:11.386,0.8848,0.88487,1.87,1.12
2018.01.19 20:01:15.401,0.88482,0.88489,1.69,3.00
2018.01.19 20:01:15.505,0.88481,0.88489,2.44,1.87
2018.01.19 20:01:15.557,0.88481,0.88489,2.06,1.50
2018.01.19 20:01:15.868,0.88482,0.88489,2.06,1.12
2018.01.19 20:01:16.386,0.88482,0.8849,2.81,1.87
2018.01.19 20:01:16.795,0.88485,0.88493,1.12,3.19
2018.01.19 20:01:17.114,0.88484,0.8849,1.87,1.69
2018.01.19 20:01:17.166,0.88483,0.88491,1.50,3.19
2018.01.19 20:01:17.219,0.88484,0.88491,1.00,3.94
2018.01.19 20:01:17.666,0.88481,0.88489,3.56,1.50
2018.01.19 20:01:17.719,0.88481,0.88488,3.19,1.00
2018.01.19 20:01:18.321,0.88483,0.88488,1.00,1.50
2018.01.19 20:01:18.838,0.88482,0.8849,1.12,3.56
2018.01.19 20:01:20.404,0.88482,0.8849,1.69,1.50
2018.01.19 20:01:24.930,0.88484,0.8849,1.31,1.50
2018.01.19 20:01:25.516,0.88484,0.88491,1.12,1.75
2018.01.19 20:01:26.038,0.88483,0.8849,1.25,1.12
2018.01.19 20:01:27.217,0.88482,0.88488,1.87,1.00
2018.01.19 20:01:28.727,0.8848,0.88487,3.19,1.50
2018.01.19 20:01:29.042,0.88483,0.88491,1.50,3.19
2018.01.19 20:01:31.951,0.88484,0.88492,1.50,2.81
2018.01.19 20:01:32.485,0.88484,0.88492,1.50,2.06
2018.01.19 20:01:32.991,0.88485,0.88494,1.87,2.81
2018.01.19 20:01:34.324,0.88486,0.88493,1.00,1.31
2018.01.19 20:01:37.002,0.88483,0.88491,2.25,1.69
2018.01.19 20:01:37.312,0.88483,0.88492,2.25,2.44
2018.01.19 20:01:38.011,0.88483,0.88492,3.56,1.87
2018.01.19 20:01:38.541,0.88484,0.88493,1.87,3.00
2018.01.19 20:01:39.870,0.88485,0.88493,1.37,2.25
2018.01.19 20:01:44.229,0.88485,0.88493,1.12,2.62
2018.01.19 20:01:45.373,0.88484,0.88491,2.25,1.00
2018.01.19 20:01:47.131,0.88484,0.88491,2.25,1.00
2018.01.19 20:01:47.410,0.88485,0.88492,1.37,1.00
2018.01.19 20:01:50.305,0.88486,0.88493,1.37,1.12
2018.01.19 20:01:50.626,0.88488,0.88496,1.50,4.12
2018.01.19 20:01:51.478,0.88489,0.88495,1.37,1.12
2018.01.19 20:01:53.174,0.88489,0.88496,1.87,1.00
2018.01.19 20:01:54.252,0.88489,0.88497,1.87,1.00
2018.01.19 20:01:56.737,0.88489,0.88497,1.87,1.50
2018.01.19 20:01:57.455,0.88488,0.88496,2.25,1.87
2018.01.19 20:01:57.905,0.88486,0.88493,3.00,1.50
2018.01.19 20:01:58.071,0.8849,0.88495,1.00,1.00
2018.01.19 20:01:58.647,0.8849,0.88496,1.87,1.00
2018.01.19 20:01:58.962,0.88488,0.88494,3.19,1.00
2018.01.19 20:01:59.487,0.88487,0.88494,1.69,1.50
2018.01.19 20:02:00.415,0.88489,0.88496,1.25,2.62
2018.01.19 20:02:01.669,0.88489,0.88496,1.25,3.00
2018.01.19 20:02:02.813,0.88488,0.88496,1.31,3.37
2018.01.19 20:02:03.961,0.88488,0.88496,1.69,2.62
2018.01.19 20:02:04.513,0.88489,0.88496,1.25,1.12
2018.01.19 20:02:06.407,0.88489,0.88497,2.06,1.50
2018.01.19 20:02:07.332,0.88489,0.88497,1.69,1.50
2018.01.19 20:02:08.649,0.88489,0.88497,1.69,1.50
2018.01.19 20:02:11.030,0.88488,0.88496,3.94,1.12
2018.01.19 20:02:12.195,0.8849,0.88497,1.12,1.12
2018.01.19 20:02:13.501,0.88488,0.88496,3.56,1.00
2018.01.19 20:02:14.773,0.88489,0.88497,1.50,1.69
2018.01.19 20:02:19.024,0.8849,0.88497,1.00,1.69
2018.01.19 20:02:19.076,0.88488,0.88496,3.19,1.75
2018.01.19 20:02:19.230,0.88488,0.88495,1.87,1.12
2018.01.19 20:02:20.053,0.88489,0.88497,1.50,3.19
2018.01.19 20:02:21.904,0.88487,0.88496,3.94,2.81
2018.01.19 20:02:23.112,0.88487,0.88496,3.00,3.56
2018.01.19 20:02:23.370,0.88488,0.88495,1.00,1.69
2018.01.19 20:02:23.424,0.8849,0.88497,1.50,1.69
2018.01.19 20:02:23.527,0.8849,0.88497,1.87,1.25
2018.01.19 20:02:24.381,0.88487,0.88495,3.94,1.12
2018.01.19 20:02:24.894,0.88487,0.88494,1.12,1.50
2018.01.19 20:02:25.414,0.88486,0.88493,1.50,1.00
2018.01.19 20:02:36.998,0.88487,0.88493,1.00,1.00
2018.01.19 20:02:38.537,0.88486,0.88493,1.50,1.00
2018.01.19 20:02:42.369,0.88486,0.88493,1.37,1.69
2018.01.19 20:02:44.805,0.88487,0.88495,1.50,4.69
2018.01.19 20:02:45.827,0.88486,0.88493,1.87,1.25
2018.01.19 20:02:46.754,0.88486,0.88493,1.50,1.00
2018.01.19 20:03:04.712,0.88487,0.88495,1.62,3.75
2018.01.19 20:03:05.056,0.88485,0.88493,2.44,2.25
2018.01.19 20:03:10.171,0.88486,0.88493,1.69,1.37
2018.01.19 20:03:11.450,0.88488,0.88493,1.31,1.12
2018.01.19 20:03:11.502,0.88488,0.88495,1.00,2.25
2018.01.19 20:03:13.571,0.88487,0.88494,1.87,1.50
2018.01.19 20:03:13.623,0.8849,0.88498,1.50,2.44
2018.01.19 20:03:14.478,0.88489,0.88495,2.25,1.12
2018.01.19 20:03:15.089,0.88489,0.88495,1.87,1.12
2018.01.19 20:03:15.770,0.88489,0.88495,2.06,1.12
2018.01.19 20:03:18.655,0.88489,0.88495,1.25,1.12
2018.01.19 20:03:20.147,0.88488,0.88494,1.69,1.00
2018.01.19 20:03:21.110,0.88486,0.88493,2.81,1.50
2018.01.19 20:03:21.161,0.88486,0.88492,1.31,1.37
2018.01.19 20:03:23.778,0.88485,0.88491,1.31,1.12
2018.01.19 20:03:26.296,0.88485,0.88492,1.31,1.50
2018.01.19 20:03:26.505,0.88488,0.88494,1.31,1.87
2018.01.19 20:03:27.066,0.88487,0.88493,1.31,1.12
2018.01.19 20:03:29.118,0.88488,0.88494,1.69,1.00
2018.01.19 20:03:30.073,0.88488,0.88494,1.69,1.00
2018.01.19 20:03:35.626,0.88488,0.88494,1.69,1.00
2018.01.19 20:03:42.100,0.88488,0.88494,1.69,1.00
2018.01.19 20:03:42.627,0.88488,0.88495,1.69,1.12
2018.01.19 20:03:43.148,0.88488,0.88495,1.69,1.12
2018.01.19 20:03:43.397,0.88487,0.88493,1.31,1.50
2018.01.19 20:03:45.645,0.88487,0.88494,1.69,1.12
2018.01.19 20:03:47.218,0.88488,0.88495,1.37,1.00
2018.01.19 20:03:48.747,0.88487,0.88495,1.69,1.37
2018.01.19 20:04:03.823,0.8849,0.88496,1.12,1.31
2018.01.19 20:04:04.662,0.8849,0.88497,1.00,3.19
2018.01.19 20:04:05.366,0.88488,0.88496,1.87,2.81
2018.01.19 20:04:07.133,0.88488,0.88495,1.00,1.00
2018.01.19 20:04:11.237,0.88485,0.88491,3.56,1.00
2018.01.19 20:04:11.585,0.8849,0.88497,1.37,2.06
2018.01.19 20:04:11.921,0.88486,0.88493,3.56,1.50
2018.01.19 20:04:12.932,0.88486,0.88493,2.81,1.50
2018.01.19 20:04:13.591,0.88486,0.88494,4.69,1.50
2018.01.19 20:04:18.350,0.8849,0.88496,1.12,1.00
2018.01.19 20:04:19.323,0.88491,0.88498,1.00,2.81
2018.01.19 20:04:19.857,0.88492,0.88497,1.00,1.00
2018.01.19 20:04:20.798,0.88491,0.88497,1.00,1.00
2018.01.19 20:04:21.327,0.88491,0.88498,1.00,2.06
2018.01.19 20:04:22.231,0.88492,0.88498,1.00,2.06
2018.01.19 20:04:22.892,0.88492,0.88498,1.00,1.69
2018.01.19 20:04:23.807,0.88491,0.88498,1.12,1.69
2018.01.19 20:04:24.812,0.88492,0.88498,1.00,1.69
2018.01.19 20:04:25.537,0.88491,0.88498,1.12,1.69
2018.01.19 20:04:26.597,0.88492,0.88498,1.00,1.50
2018.01.19 20:04:33.842,0.88491,0.88499,1.31,2.62
2018.01.19 20:04:37.225,0.88492,0.88499,1.00,1.87
2018.01.19 20:04:37.865,0.88492,0.88499,1.00,1.87
2018.01.19 20:04:37.918,0.8849,0.88496,1.25,1.37
2018.01.19 20:04:38.021,0.88489,0.88496,1.50,1.12
2018.01.19 20:04:38.173,0.88489,0.88497,1.69,2.25
2018.01.19 20:04:38.226,0.88492,0.88499,1.50,2.06
2018.01.19 20:04:38.330,0.88492,0.88499,1.50,1.87
2018.01.19 20:04:38.484,0.8849,0.88498,3.19,1.50
2018.01.19 20:04:39.232,0.8849,0.88497,1.69,2.25
2018.01.19 20:04:40.316,0.88491,0.88498,1.50,1.50
2018.01.19 20:04:41.705,0.88491,0.88499,2.06,1.87
2018.01.19 20:04:44.478,0.88491,0.88499,2.44,1.87
2018.01.19 20:04:45.514,0.88492,0.885,2.81,1.87
2018.01.19 20:04:53.414,0.88493,0.88501,2.06,1.12
2018.01.19 20:05:00.137,0.88492,0.885,2.44,1.12
2018.01.19 20:05:04.460,0.88492,0.88499,1.69,1.00
2018.01.19 20:05:04.513,0.88492,0.88499,1.62,2.25
2018.01.19 20:05:04.567,0.88491,0.88499,1.69,2.25
2018.01.19 20:05:05.010,0.88492,0.885,1.69,2.62
2018.01.19 20:05:05.320,0.88492,0.88498,1.25,1.12
2018.01.19 20:05:05.430,0.88493,0.88499,1.50,1.37
2018.01.19 20:05:06.078,0.88492,0.88499,1.37,1.12
2018.01.19 20:05:06.580,0.88492,0.88498,1.37,1.12
2018.01.19 20:05:13.487,0.88494,0.88501,1.37,1.50
2018.01.19 20:05:14.007,0.88494,0.88502,1.50,3.19
2018.01.19 20:05:15.702,0.88493,0.88499,1.62,1.12
2018.01.19 20:05:16.652,0.88492,0.88499,1.56,2.25
2018.01.19 20:05:18.160,0.88495,0.88502,1.00,3.19
2018.01.19 20:05:22.067,0.88492,0.885,2.44,3.00
2018.01.19 20:05:23.706,0.88492,0.88499,1.62,2.25
2018.01.19 20:05:25.453,0.88492,0.88497,1.62,1.00
2018.01.19 20:05:26.010,0.88491,0.88498,1.56,1.00
2018.01.19 20:05:27.511,0.88491,0.88499,2.06,1.87
2018.01.19 20:05:29.314,0.88491,0.88498,1.56,1.00
2018.01.19 20:05:29.896,0.88491,0.88499,2.06,1.50
2018.01.19 20:05:38.460,0.88491,0.88498,2.06,1.00
2018.01.19 20:05:39.000,0.88491,0.88499,2.06,1.50
2018.01.19 20:05:39.943,0.88491,0.88498,1.56,1.00
2018.01.19 20:05:46.007,0.88491,0.88499,2.06,1.00
2018.01.19 20:05:46.352,0.88493,0.88501,3.19,1.00
2018.01.19 20:05:47.644,0.88492,0.885,2.81,3.37
2018.01.19 20:05:48.444,0.8849,0.88498,4.31,1.12
2018.01.19 20:06:02.534,0.88491,0.88499,3.19,1.12
2018.01.19 20:06:07.746,0.88493,0.885,1.31,1.50
2018.01.19 20:06:07.851,0.88494,0.88502,2.06,2.62
2018.01.19 20:06:08.116,0.88493,0.885,3.56,1.00
2018.01.19 20:06:08.170,0.88495,0.88502,1.62,1.87
2018.01.19 20:06:08.489,0.88494,0.885,1.69,1.00
2018.01.19 20:06:09.185,0.88493,0.88501,3.19,1.00
2018.01.19 20:06:13.479,0.88492,0.88499,1.56,1.12
2018.01.19 20:06:23.964,0.88492,0.88498,1.62,1.00
2018.01.19 20:06:24.017,0.88488,0.88494,1.69,2.25
2018.01.19 20:06:24.069,0.88487,0.88494,1.12,2.06
2018.01.19 20:06:24.613,0.88486,0.88491,1.50,1.00
2018.01.19 20:06:27.690,0.88485,0.88491,3.00,1.00
2018.01.19 20:06:29.432,0.88486,0.88492,1.00,1.50
2018.01.19 20:06:29.999,0.88485,0.88492,2.25,1.50
2018.01.19 20:06:31.854,0.88484,0.8849,1.50,2.00
2018.01.19 20:06:31.905,0.88482,0.8849,2.62,2.44
2018.01.19 20:06:32.059,0.88485,0.8849,1.00,1.37
2018.01.19 20:06:32.110,0.88485,0.88492,1.00,2.44
2018.01.19 20:06:32.675,0.88484,0.88492,1.12,3.94
2018.01.19 20:06:34.880,0.88481,0.88487,1.00,1.75
2018.01.19 20:06:35.103,0.88484,0.88491,1.12,2.06
2018.01.19 20:06:35.343,0.88481,0.88488,3.19,1.37
2018.01.19 20:06:35.859,0.88482,0.88489,1.50,1.37
2018.01.19 20:06:39.633,0.88482,0.88489,1.00,2.25
2018.01.19 20:06:40.175,0.88483,0.88489,1.00,1.69
2018.01.19 20:06:40.504,0.88481,0.88487,1.12,1.00
2018.01.19 20:06:41.011,0.88482,0.88489,1.12,2.81
2018.01.19 20:06:42.297,0.88482,0.88489,1.50,2.44
2018.01.19 20:06:42.555,0.88484,0.88491,1.37,1.69
2018.01.19 20:06:43.090,0.88484,0.88491,1.12,1.69
2018.01.19 20:06:44.071,0.88483,0.8849,2.62,1.00
2018.01.19 20:06:44.423,0.88485,0.8849,1.00,1.00
2018.01.19 20:06:49.939,0.88484,0.8849,1.00,1.00
2018.01.19 20:06:50.449,0.88485,0.88492,1.00,2.62
2018.01.19 20:06:52.332,0.88484,0.8849,2.62,1.00
2018.01.19 20:06:58.341,0.88484,0.88492,2.25,2.81
2018.01.19 20:06:58.779,0.88486,0.88492,1.37,1.50
2018.01.19 20:06:59.888,0.88485,0.8849,1.00,1.12
2018.01.19 20:07:00.098,0.88485,0.88491,1.37,1.00
2018.01.19 20:07:00.405,0.88484,0.8849,1.00,1.12
2018.01.19 20:07:00.917,0.88484,0.8849,1.37,1.00
2018.01.19 20:07:01.441,0.88484,0.8849,1.00,1.12
2018.01.19 20:07:05.091,0.88484,0.88492,1.87,2.62
2018.01.19 20:07:06.238,0.88484,0.88492,2.25,2.25
2018.01.19 20:07:06.769,0.88484,0.8849,1.00,1.12
2018.01.19 20:07:09.216,0.88483,0.8849,1.12,1.87
2018.01.19 20:07:12.367,0.88484,0.88491,1.12,1.12
2018.01.19 20:07:13.286,0.88485,0.88492,1.00,2.25
2018.01.19 20:07:14.492,0.88486,0.88492,1.00,1.37
2018.01.19 20:07:14.648,0.88486,0.88493,2.25,1.00
2018.01.19 20:07:16.943,0.88486,0.88493,2.25,1.37
2018.01.19 20:07:18.613,0.88486,0.88493,1.50,1.87
2018.01.19 20:07:21.054,0.88487,0.88494,1.50,1.50
2018.01.19 20:07:21.107,0.88488,0.88495,1.37,1.87
2018.01.19 20:07:21.650,0.88489,0.88496,1.50,1.12
2018.01.19 20:07:23.061,0.88487,0.88494,2.25,1.50
2018.01.19 20:07:23.741,0.88487,0.88494,2.25,1.87
2018.01.19 20:07:24.471,0.88487,0.88494,2.25,1.87
2018.01.19 20:07:25.607,0.88488,0.88495,1.50,1.50
2018.01.19 20:07:25.909,0.88488,0.88496,3.00,2.62
2018.01.19 20:07:28.336,0.88487,0.88494,1.87,2.25
2018.01.19 20:07:28.952,0.88487,0.88494,2.25,1.50
2018.01.19 20:07:31.846,0.88488,0.88496,1.87,2.25
2018.01.19 20:07:32.461,0.88488,0.88496,2.25,2.62
2018.01.19 20:07:35.702,0.88489,0.88496,1.00,1.12
2018.01.19 20:07:36.730,0.8849,0.88497,1.50,1.50
2018.01.19 20:07:37.993,0.8849,0.88497,1.37,1.50
2018.01.19 20:07:38.535,0.8849,0.88497,1.50,1.12
2018.01.19 20:07:38.885,0.8849,0.88499,1.87,3.56
2018.01.19 20:07:39.670,0.88491,0.88499,1.87,2.44
2018.01.19 20:07:40.251,0.88492,0.88497,1.37,1.00
2018.01.19 20:07:44.394,0.88491,0.88498,1.87,1.12
2018.01.19 20:07:46.590,0.88492,0.88499,1.37,1.12
2018.01.19 20:07:47.657,0.88492,0.88498,1.37,1.00
2018.01.19 20:07:56.262,0.88492,0.88497,1.50,1.00
2018.01.19 20:07:56.567,0.88491,0.88496,1.50,1.00
2018.01.19 20:07:56.706,0.8849,0.88495,1.37,1.00
2018.01.19 20:07:58.226,0.88487,0.88494,1.87,1.00
2018.01.19 20:07:59.001,0.88488,0.88495,1.37,1.12
2018.01.19 20:07:59.528,0.88487,0.88494,1.87,1.00
2018.01.19 20:08:00.117,0.88487,0.88493,1.87,1.12
2018.01.19 20:08:01.467,0.88491,0.88496,1.00,2.25
2018.01.19 20:08:01.572,0.88489,0.88497,2.62,2.25
2018.01.19 20:08:02.326,0.88489,0.88495,1.37,1.00
2018.01.19 20:08:04.289,0.88489,0.88496,1.37,1.00
2018.01.19 20:08:05.320,0.88489,0.88497,2.25,1.12
2018.01.19 20:08:12.629,0.88491,0.88498,1.12,1.87
2018.01.19 20:08:17.332,0.88492,0.885,1.37,2.62
2018.01.19 20:08:17.384,0.88492,0.885,1.87,2.25
2018.01.19 20:08:18.809,0.8849,0.88498,3.19,1.00
2018.01.19 20:08:23.101,0.88492,0.885,2.62,1.50
2018.01.19 20:08:23.644,0.88493,0.88501,1.50,1.12
2018.01.19 20:08:26.249,0.88494,0.88502,1.50,2.25
2018.01.19 20:08:29.848,0.88494,0.88502,1.50,2.62
2018.01.19 20:08:30.530,0.88493,0.88501,2.62,1.37
2018.01.19 20:08:30.582,0.88493,0.885,1.00,1.87
2018.01.19 20:08:31.122,0.88492,0.885,3.00,1.87
2018.01.19 20:08:31.442,0.88493,0.88501,2.62,1.50
2018.01.19 20:08:31.752,0.88494,0.88502,2.44,2.25
2018.01.19 20:08:39.906,0.88496,0.88502,1.00,1.00
2018.01.19 20:08:42.170,0.88496,0.88503,1.12,1.87
2018.01.19 20:08:42.679,0.88495,0.88502,1.12,1.00
2018.01.19 20:08:54.011,0.88496,0.88503,1.00,1.50
2018.01.19 20:08:54.764,0.88497,0.88503,1.00,1.37
2018.01.19 20:08:55.521,0.88496,0.88504,1.12,1.50
2018.01.19 20:08:55.729,0.88497,0.88504,1.12,1.50
2018.01.19 20:08:56.356,0.88497,0.88504,1.37,1.12
2018.01.19 20:08:56.915,0.88497,0.88504,1.12,1.50
2018.01.19 20:08:57.019,0.88497,0.88505,1.87,2.25
2018.01.19 20:08:57.286,0.88497,0.88504,1.12,1.50
2018.01.19 20:08:59.536,0.88497,0.88505,1.87,2.25
2018.01.19 20:09:00.293,0.88497,0.88505,2.44,1.87
2018.01.19 20:09:02.061,0.88499,0.88506,1.12,1.12
2018.01.19 20:09:05.618,0.88499,0.88505,1.12,1.12
2018.01.19 20:09:05.827,0.88497,0.88504,1.12,1.50
2018.01.19 20:09:05.982,0.88498,0.88505,1.37,2.25
2018.01.19 20:09:06.292,0.88497,0.88504,1.12,1.50
2018.01.19 20:09:10.986,0.88497,0.88504,1.00,1.50
2018.01.19 20:09:11.614,0.88496,0.88504,1.50,1.50
2018.01.19 20:09:12.264,0.88498,0.88505,1.37,1.12
2018.01.19 20:09:17.545,0.885,0.88507,1.12,1.50
2018.01.19 20:09:18.585,0.885,0.88508,2.62,1.50
2018.01.19 20:09:19.217,0.88501,0.88508,1.12,1.50
2018.01.19 20:09:20.175,0.88502,0.88509,1.37,1.50
2018.01.19 20:09:20.486,0.885,0.88508,1.69,1.50
2018.01.19 20:09:21.445,0.885,0.88507,1.69,1.12
2018.01.19 20:09:21.991,0.885,0.88507,1.62,1.50
2018.01.19 20:09:27.079,0.88502,0.88509,1.00,2.62
2018.01.19 20:09:27.537,0.88503,0.88508,1.00,1.00
2018.01.19 20:09:27.641,0.88504,0.8851,1.00,1.00
2018.01.19 20:09:40.769,0.88504,0.8851,1.37,1.00
2018.01.19 20:09:41.274,0.88504,0.88511,1.37,1.00
2018.01.19 20:09:42.923,0.88505,0.8851,1.12,1.00
2018.01.19 20:09:46.023,0.88504,0.88511,1.37,1.25
2018.01.19 20:09:47.090,0.88504,0.8851,1.37,1.00
2018.01.19 20:09:47.855,0.88504,0.88511,1.37,1.31
2018.01.19 20:09:48.451,0.88504,0.8851,1.37,1.00
2018.01.19 20:09:50.435,0.88504,0.88511,1.37,1.31
2018.01.19 20:09:51.497,0.88501,0.88508,1.31,1.87
2018.01.19 20:09:51.650,0.88499,0.88507,2.81,1.50
2018.01.19 20:09:51.702,0.88501,0.88507,1.12,1.00
2018.01.19 20:09:52.004,0.88501,0.88509,1.37,2.06
2018.01.19 20:09:52.362,0.885,0.88508,2.25,1.69
2018.01.19 20:09:52.465,0.88502,0.88509,1.37,2.06
2018.01.19 20:09:53.867,0.88501,0.88508,1.37,1.50
2018.01.19 20:09:54.125,0.88501,0.88509,1.50,1.31
2018.01.19 20:09:54.349,0.88501,0.88508,1.12,2.81
2018.01.19 20:09:55.524,0.885,0.88508,1.37,2.44
2018.01.19 20:09:58.541,0.885,0.88508,1.12,2.44
2018.01.19 20:09:59.074,0.885,0.88507,1.37,1.00
2018.01.19 20:09:59.694,0.88502,0.88509,1.37,1.25
2018.01.19 20:10:04.504,0.88503,0.8851,1.12,1.87
2018.01.19 20:10:05.546,0.88504,0.8851,1.00,1.87
2018.01.19 20:10:08.006,0.88503,0.8851,1.50,1.87
2018.01.19 20:10:11.310,0.88504,0.8851,1.00,1.12
2018.01.19 20:10:14.712,0.88506,0.88514,2.25,3.56
2018.01.19 20:10:18.280,0.88507,0.88514,1.12,1.87
2018.01.19 20:10:20.929,0.88507,0.88515,2.06,1.75
2018.01.19 20:10:22.596,0.88507,0.88515,3.19,1.50
2018.01.19 20:10:28.932,0.88508,0.88516,1.37,4.31
2018.01.19 20:10:30.486,0.88509,0.88516,1.31,2.62
2018.01.19 20:10:31.002,0.88509,0.88516,2.44,1.37
2018.01.19 20:10:31.205,0.8851,0.88517,1.69,1.87
2018.01.19 20:10:36.233,0.88511,0.88517,1.37,2.25
2018.01.19 20:10:42.344,0.88508,0.88515,2.81,1.12
2018.01.19 20:10:42.924,0.88508,0.88514,1.37,1.12
2018.01.19 20:10:43.519,0.88509,0.88515,1.50,1.12
2018.01.19 20:11:05.622,0.8851,0.88516,1.37,1.12
2018.01.19 20:11:06.578,0.8851,0.88515,1.37,1.00
2018.01.19 20:11:17.173,0.8851,0.88516,1.62,1.12
2018.01.19 20:11:18.368,0.88511,0.88517,1.37,2.25
2018.01.19 20:11:25.429,0.88511,0.88517,1.12,2.25
2018.01.19 20:11:26.907,0.88511,0.88516,1.12,1.50
2018.01.19 20:11:27.616,0.88508,0.88516,1.69,1.75
2018.01.19 20:11:28.345,0.88509,0.88516,1.50,1.50
2018.01.19 20:11:29.724,0.88514,0.8852,1.25,1.12
2018.01.19 20:11:29.882,0.88511,0.88517,1.31,1.00
2018.01.19 20:11:29.934,0.8851,0.88515,2.06,1.00
2018.01.19 20:11:30.978,0.8851,0.88516,2.06,1.00
2018.01.19 20:11:31.838,0.8851,0.88515,1.56,1.00
2018.01.19 20:11:32.431,0.8851,0.88515,1.31,1.50
2018.01.19 20:11:33.180,0.88508,0.88514,1.56,1.50
2018.01.19 20:11:33.933,0.88508,0.88515,1.56,1.12
2018.01.19 20:11:40.312,0.8851,0.88516,2.06,1.50
2018.01.19 20:11:40.836,0.88509,0.88516,2.44,2.25
2018.01.19 20:11:45.444,0.88509,0.88515,1.62,1.37
2018.01.19 20:11:46.019,0.88507,0.88513,2.06,1.12
2018.01.19 20:11:46.475,0.88508,0.88516,2.06,2.25
2018.01.19 20:11:46.978,0.8851,0.88517,1.69,1.50
2018.01.19 20:11:49.915,0.88509,0.88517,3.19,1.50
2018.01.19 20:11:57.809,0.88509,0.88515,1.69,1.12
2018.01.19 20:11:58.341,0.8851,0.88516,2.44,1.12
2018.01.19 20:12:09.144,0.88512,0.88519,1.37,2.25
2018.01.19 20:12:09.640,0.88514,0.8852,1.62,1.12
2018.01.19 20:12:09.990,0.88512,0.88519,3.19,1.50
2018.01.19 20:12:10.735,0.88513,0.8852,1.62,2.25
2018.01.19 20:12:11.118,0.88512,0.88519,2.06,1.75
2018.01.19 20:12:11.365,0.88512,0.88519,2.06,1.75
2018.01.19 20:12:12.146,0.88512,0.88518,1.12,1.75
2018.01.19 20:12:17.821,0.88511,0.88517,1.62,1.50
2018.01.19 20:12:19.071,0.88511,0.88517,1.62,1.50
2018.01.19 20:12:19.775,0.88511,0.88517,2.06,1.12
2018.01.19 20:12:28.969,0.88511,0.88518,1.62,2.25
2018.01.19 20:12:29.021,0.88509,0.88516,2.06,1.12
2018.01.19 20:12:29.616,0.88509,0.88516,1.56,1.50
2018.01.19 20:12:34.344,0.88507,0.88515,3.56,1.50
2018.01.19 20:12:35.341,0.88507,0.88515,3.56,2.25
2018.01.19 20:12:49.166,0.88507,0.88515,2.44,2.25
2018.01.19 20:12:49.474,0.88508,0.88514,1.25,1.00
2018.01.19 20:12:49.578,0.88508,0.88514,1.25,1.87
2018.01.19 20:13:05.233,0.88507,0.88514,2.06,1.87
2018.01.19 20:13:09.303,0.88505,0.88513,2.44,1.12
2018.01.19 20:13:10.266,0.88505,0.88513,2.06,1.50
2018.01.19 20:13:10.768,0.88505,0.88512,2.06,1.00
2018.01.19 20:13:11.836,0.88504,0.8851,1.25,1.37
2018.01.19 20:13:12.077,0.88501,0.88509,2.44,1.50
2018.01.19 20:13:19.692,0.88499,0.88505,1.69,1.00
2018.01.19 20:13:20.897,0.88499,0.88506,1.69,1.12
2018.01.19 20:13:22.152,0.88499,0.88505,1.69,1.00
2018.01.19 20:13:23.597,0.88498,0.88506,2.44,1.50
2018.01.19 20:13:24.391,0.88498,0.88505,2.44,1.37
2018.01.19 20:13:29.155,0.885,0.88506,1.00,1.00
2018.01.19 20:13:29.466,0.88503,0.8851,1.25,1.37
2018.01.19 20:13:30.653,0.88504,0.8851,1.00,1.37
2018.01.19 20:13:31.746,0.88504,0.88512,1.69,2.25
2018.01.19 20:13:46.997,0.88504,0.88512,2.06,2.62
2018.01.19 20:13:52.553,0.88503,0.8851,3.19,1.37
2018.01.19 20:13:54.125,0.88503,0.8851,3.19,1.12
2018.01.19 20:14:02.432,0.88505,0.88512,1.69,1.87
2018.01.19 20:14:06.262,0.88506,0.88512,1.25,1.00
2018.01.19 20:14:07.277,0.88505,0.88512,1.69,1.00
2018.01.19 20:14:07.961,0.88503,0.8851,3.56,1.00
2018.01.19 20:14:08.660,0.88503,0.8851,1.69,1.00
2018.01.19 20:14:09.723,0.88501,0.88508,3.19,1.00
2018.01.19 20:14:10.035,0.885,0.88509,3.19,2.62
2018.01.19 20:14:12.130,0.885,0.88508,1.31,2.62
2018.01.19 20:14:16.030,0.88498,0.88506,2.81,1.12
2018.01.19 20:14:16.920,0.88499,0.88506,1.31,1.00
2018.01.19 20:14:17.111,0.885,0.88508,1.69,2.25
2018.01.19 20:14:25.205,0.88499,0.88507,2.44,1.87
2018.01.19 20:14:25.715,0.885,0.88507,1.25,1.50
2018.01.19 20:14:26.296,0.88503,0.88509,1.00,1.87
2018.01.19 20:14:26.635,0.88506,0.88511,1.19,1.00
2018.01.19 20:14:29.339,0.88508,0.88513,1.19,1.00
2018.01.19 20:14:29.445,0.88508,0.88515,2.44,1.50
2018.01.19 20:14:29.498,0.88509,0.88516,1.31,1.12
2018.01.19 20:14:30.115,0.88507,0.88514,1.50,1.75
2018.01.19 20:14:30.268,0.88509,0.88515,1.12,1.00
2018.01.19 20:14:30.686,0.88508,0.88515,1.50,1.12
2018.01.19 20:14:31.204,0.88507,0.88514,1.69,1.37
2018.01.19 20:14:32.721,0.88506,0.88514,2.44,1.75
2018.01.19 20:14:33.899,0.88504,0.88512,2.44,1.50
2018.01.19 20:14:35.150,0.88504,0.88511,1.19,1.37
2018.01.19 20:14:35.656,0.88504,0.88511,2.44,1.00
2018.01.19 20:14:36.127,0.88503,0.88509,1.12,1.12
2018.01.19 20:14:36.607,0.88504,0.88511,2.81,1.00
2018.01.19 20:14:37.183,0.88504,0.88512,3.19,1.50
2018.01.19 20:14:37.236,0.88504,0.88512,3.19,1.50
2018.01.19 20:14:37.341,0.88504,0.88511,1.19,1.87
2018.01.19 20:14:37.916,0.88501,0.8851,3.94,1.50
2018.01.19 20:14:40.849,0.88503,0.88511,2.06,2.25
2018.01.19 20:14:41.326,0.88501,0.88508,1.69,1.50
2018.01.19 20:14:44.753,0.885,0.88508,1.56,2.25
2018.01.19 20:14:45.464,0.885,0.88508,3.19,1.50
2018.01.19 20:14:49.191,0.88503,0.8851,1.50,1.69
2018.01.19 20:14:49.297,0.88505,0.88511,1.12,1.25
2018.01.19 20:14:50.230,0.88506,0.88511,1.00,1.25
2018.01.19 20:14:59.326,0.88505,0.88511,1.12,1.25
2018.01.19 20:15:01.701,0.88505,0.88512,1.12,1.31
2018.01.19 20:15:01.753,0.88503,0.8851,2.62,1.12
2018.01.19 20:15:02.832,0.88504,0.88511,1.00,1.69
2018.01.19 20:15:03.735,0.88505,0.88512,1.50,1.37
2018.01.19 20:15:04.436,0.88505,0.88512,1.87,1.00
2018.01.19 20:15:06.186,0.88507,0.88512,1.00,1.00
2018.01.19 20:15:11.432,0.88506,0.88514,1.12,1.94
2018.01.19 20:15:12.981,0.88506,0.88513,1.00,1.12
2018.01.19 20:15:15.476,0.88503,0.88509,1.25,1.12
2018.01.19 20:15:16.239,0.88501,0.88509,2.44,1.12
2018.01.19 20:15:16.854,0.88503,0.8851,1.12,1.87
2018.01.19 20:15:18.899,0.88504,0.88511,1.31,1.87
2018.01.19 20:15:27.396,0.88505,0.88511,1.00,1.87
2018.01.19 20:15:27.945,0.88506,0.88512,1.12,1.37
2018.01.19 20:15:28.465,0.88506,0.88513,1.12,1.12
2018.01.19 20:15:33.674,0.88507,0.88513,1.00,1.12
2018.01.19 20:15:33.884,0.88507,0.88514,1.50,1.62
2018.01.19 20:15:42.513,0.88507,0.88514,1.12,1.12
2018.01.19 20:15:49.788,0.88507,0.88514,1.50,1.37
2018.01.19 20:15:53.850,0.88507,0.88514,1.50,1.12
2018.01.19 20:15:54.520,0.8851,0.88515,1.00,1.00
2018.01.19 20:15:55.040,0.88509,0.88517,1.12,2.06
2018.01.19 20:16:00.790,0.88508,0.88515,1.00,1.87
2018.01.19 20:16:01.262,0.88506,0.88514,1.37,2.00
2018.01.19 20:16:01.487,0.88504,0.88511,3.19,1.00
2018.01.19 20:16:01.863,0.88505,0.88513,2.44,1.87
2018.01.19 20:16:03.342,0.88506,0.88515,2.44,2.44
2018.01.19 20:16:03.885,0.88507,0.88515,1.37,2.06
2018.01.19 20:16:04.891,0.88506,0.88515,3.56,1.50
2018.01.19 20:16:07.225,0.88508,0.88515,1.25,1.87
2018.01.19 20:16:09.127,0.88509,0.88517,1.50,2.44
2018.01.19 20:16:09.433,0.88512,0.88518,1.37,1.69
2018.01.19 20:16:10.418,0.88513,0.88519,1.00,1.12
2018.01.19 20:16:10.789,0.88514,0.88521,1.37,2.06
2018.01.19 20:16:11.361,0.88513,0.88522,1.87,2.81
2018.01.19 20:16:11.903,0.88516,0.88523,1.50,1.19
2018.01.19 20:16:12.820,0.88515,0.88522,1.00,1.69
2018.01.19 20:16:13.326,0.88514,0.88522,1.00,1.69
2018.01.19 20:16:14.754,0.88515,0.88523,1.12,2.06
2018.01.19 20:16:15.295,0.88516,0.88524,1.12,3.19
2018.01.19 20:16:17.563,0.88516,0.88524,2.44,2.25
2018.01.19 20:16:17.616,0.88517,0.88525,1.12,1.69
2018.01.19 20:16:22.822,0.88516,0.88524,1.00,1.69
2018.01.19 20:16:34.541,0.88515,0.88524,2.44,2.06
2018.01.19 20:16:38.925,0.88515,0.88523,1.50,1.31
2018.01.19 20:16:39.987,0.88515,0.88523,1.50,2.06
2018.01.19 20:16:41.322,0.88514,0.88523,1.87,2.44
2018.01.19 20:16:49.341,0.88515,0.88523,1.00,2.06
2018.01.19 20:16:49.513,0.88516,0.88522,1.00,1.00
2018.01.19 20:16:49.720,0.88518,0.88526,1.37,1.62
2018.01.19 20:16:50.281,0.88517,0.88526,2.81,2.06
2018.01.19 20:16:50.949,0.88518,0.88524,1.00,1.00
2018.01.19 20:16:51.924,0.88517,0.88524,1.87,1.00
2018.01.19 20:16:56.862,0.88517,0.88524,1.50,1.37
2018.01.19 20:16:58.523,0.88517,0.88524,2.25,1.00
2018.01.19 20:17:18.985,0.88518,0.88526,2.44,1.37
2018.01.19 20:17:19.684,0.88519,0.88526,1.12,1.00
2018.01.19 20:17:20.401,0.8852,0.88526,1.00,1.00
2018.01.19 20:17:24.870,0.88521,0.88528,1.00,1.12
2018.01.19 20:17:27.829,0.88517,0.88523,2.44,1.37
2018.01.19 20:17:27.881,0.88516,0.88523,1.12,1.50
2018.01.19 20:17:28.036,0.88513,0.88519,2.81,1.00
2018.01.19 20:17:28.715,0.88513,0.88519,2.44,1.37
2018.01.19 20:17:29.464,0.88512,0.88519,2.06,1.00
2018.01.19 20:17:30.110,0.88512,0.88519,2.06,1.37
2018.01.19 20:17:30.959,0.88512,0.88519,1.31,1.37
2018.01.19 20:17:34.322,0.88512,0.88519,1.25,1.00
2018.01.19 20:17:35.858,0.88512,0.8852,1.31,1.37
2018.01.19 20:17:52.879,0.88513,0.8852,1.12,1.50
2018.01.19 20:17:57.104,0.88512,0.88519,1.69,1.37
2018.01.19 20:17:57.608,0.88511,0.88518,2.06,1.37
2018.01.19 20:18:00.523,0.88512,0.88521,1.50,3.79
2018.01.19 20:18:00.626,0.88512,0.88519,1.50,1.00
2018.01.19 20:18:00.678,0.88513,0.8852,1.50,1.69
2018.01.19 20:18:10.950,0.88514,0.88521,3.00,1.00
2018.01.19 20:18:13.488,0.88515,0.88521,1.00,1.00
2018.01.19 20:18:14.117,0.88516,0.88523,1.69,1.12
2018.01.19 20:18:17.254,0.88516,0.88522,1.69,1.00
2018.01.19 20:18:17.908,0.88516,0.88523,1.69,1.12
2018.01.19 20:18:23.776,0.88516,0.88523,1.25,1.12
2018.01.19 20:18:35.556,0.88517,0.88524,1.69,1.37
2018.01.19 20:18:37.274,0.88517,0.88524,2.25,1.37
2018.01.19 20:18:39.772,0.88517,0.88524,1.12,1.31
2018.01.19 20:18:40.826,0.88516,0.88524,2.25,1.31
2018.01.19 20:18:42.635,0.88516,0.88524,1.50,1.31
2018.01.19 20:18:57.040,0.88517,0.88524,1.00,1.31
2018.01.19 20:19:11.331,0.88517,0.88524,1.12,1.25
2018.01.19 20:19:28.588,0.88517,0.88525,1.12,2.06
2018.01.19 20:19:29.740,0.88517,0.88524,1.12,1.25
2018.01.19 20:19:36.149,0.88516,0.88525,2.62,2.81
2018.01.19 20:19:42.171,0.88518,0.88525,1.00,1.31
2018.01.19 20:19:42.225,0.88518,0.88527,2.25,1.31
2018.01.19 20:19:42.805,0.88519,0.88528,1.50,2.06
2018.01.19 20:19:44.007,0.88518,0.88525,1.50,1.25
2018.01.19 20:19:45.301,0.88518,0.88525,1.50,1.62
2018.01.19 20:19:54.289,0.88517,0.88524,2.62,1.25
2018.01.19 20:19:56.112,0.88517,0.88525,1.87,2.06
2018.01.19 20:19:59.225,0.88517,0.88525,2.62,1.94
2018.01.19 20:19:59.330,0.88517,0.88523,1.00,1.00
2018.01.19 20:19:59.944,0.88516,0.88523,2.25,1.00
2018.01.19 20:20:00.818,0.88517,0.88524,1.00,1.62
2018.01.19 20:20:02.427,0.88516,0.88524,3.00,1.69
2018.01.19 20:20:18.111,0.88516,0.88523,2.44,1.00
2018.01.19 20:20:23.268,0.88515,0.88523,3.94,1.87
2018.01.19 20:20:25.623,0.88515,0.88523,2.06,1.87
2018.01.19 20:20:27.541,0.88514,0.88521,2.06,1.50
2018.01.19 20:20:31.781,0.88515,0.88523,1.12,2.06
2018.01.19 20:20:33.905,0.88516,0.88523,1.00,1.12
2018.01.19 20:20:34.436,0.88517,0.88523,1.00,1.37
2018.01.19 20:20:34.961,0.88516,0.88523,2.06,1.37
2018.01.19 20:20:35.453,0.88518,0.88525,1.12,1.12
2018.01.19 20:20:36.517,0.88516,0.88524,4.31,1.00
2018.01.19 20:20:36.702,0.88515,0.88521,1.25,1.50
2018.01.19 20:20:42.803,0.88514,0.88521,1.00,1.50
2018.01.19 20:20:46.821,0.88514,0.88523,3.19,1.87
2018.01.19 20:20:55.914,0.88516,0.88523,1.00,1.87
2018.01.19 20:20:55.966,0.88516,0.88525,2.81,3.56
2018.01.19 20:20:56.242,0.8852,0.88527,1.12,1.69
2018.01.19 20:20:56.294,0.8852,0.88528,1.00,1.69
2018.01.19 20:20:56.345,0.88519,0.88527,2.62,1.31
2018.01.19 20:20:56.396,0.88519,0.88527,2.25,1.69
2018.01.19 20:20:56.447,0.88519,0.88527,2.62,1.25
2018.01.19 20:20:56.657,0.88519,0.88528,2.62,1.31
2018.01.19 20:20:56.978,0.88521,0.88527,1.69,1.12
2018.01.19 20:20:57.031,0.88522,0.88529,1.12,2.62
2018.01.19 20:20:57.585,0.88522,0.88529,1.12,1.50
2018.01.19 20:20:58.148,0.8852,0.88529,2.44,2.06
2018.01.19 20:20:59.664,0.88521,0.88529,1.00,2.06
2018.01.19 20:21:00.815,0.88519,0.88526,1.12,1.69
2018.01.19 20:21:01.358,0.88518,0.88525,3.00,1.37
2018.01.19 20:21:02.522,0.88518,0.88526,2.81,1.37
2018.01.19 20:21:03.963,0.88518,0.88525,3.19,1.00
2018.01.19 20:21:06.355,0.8852,0.88527,1.69,1.00
2018.01.19 20:21:06.665,0.88519,0.88527,1.12,1.69
2018.01.19 20:21:07.639,0.8852,0.88528,2.06,2.25
2018.01.19 20:21:07.692,0.88521,0.88529,1.12,2.44
2018.01.19 20:21:07.745,0.88522,0.88528,1.12,1.00
2018.01.19 20:21:07.798,0.88523,0.8853,1.00,2.25
2018.01.19 20:21:07.851,0.88523,0.8853,1.12,1.12
2018.01.19 20:21:08.301,0.88523,0.8853,2.44,1.00
2018.01.19 20:21:09.155,0.88524,0.88532,1.00,2.81
2018.01.19 20:21:09.206,0.88524,0.88532,1.00,3.19
2018.01.19 20:21:09.916,0.88523,0.88531,2.81,1.50
2018.01.19 20:21:10.019,0.88523,0.88531,1.62,1.87
2018.01.19 20:21:10.571,0.88522,0.8853,3.56,1.37
2018.01.19 20:21:11.107,0.88522,0.8853,3.94,1.12
2018.01.19 20:21:13.625,0.88524,0.88531,1.12,1.25
2018.01.19 20:21:14.230,0.88524,0.88532,1.00,3.56
2018.01.19 20:21:14.565,0.88522,0.88531,2.06,2.06
2018.01.19 20:21:17.709,0.88522,0.88529,1.12,1.00
2018.01.19 20:21:25.394,0.88524,0.88532,1.87,1.94
2018.01.19 20:21:26.580,0.88525,0.88533,1.37,3.19
2018.01.19 20:21:27.943,0.88523,0.88531,2.81,1.12
2018.01.19 20:21:29.061,0.88523,0.88531,1.00,1.69
2018.01.19 20:21:29.881,0.88522,0.88531,2.62,1.69
2018.01.19 20:21:30.192,0.88525,0.88533,1.00,2.81
2018.01.19 20:21:33.194,0.88524,0.88532,1.12,1.69
2018.01.19 20:21:35.093,0.88522,0.8853,1.25,1.50
2018.01.19 20:21:36.319,0.88521,0.88529,2.44,1.37
2018.01.19 20:21:37.573,0.8852,0.88527,1.31,1.00
2018.01.19 20:21:37.890,0.88517,0.88525,2.44,1.50
2018.01.19 20:21:38.920,0.88518,0.88525,1.00,1.69
2018.01.19 20:21:41.314,0.88517,0.88525,2.25,1.69
2018.01.19 20:21:42.726,0.88517,0.88525,2.25,2.06
2018.01.19 20:21:43.679,0.88517,0.88523,1.00,1.37
2018.01.19 20:21:44.443,0.88516,0.88523,2.06,1.37
2018.01.19 20:21:45.631,0.88517,0.88525,1.50,2.81
2018.01.19 20:21:54.133,0.88518,0.88526,1.00,2.81
2018.01.19 20:21:58.829,0.88517,0.88525,1.00,2.81
2018.01.19 20:21:59.467,0.88516,0.88523,1.31,1.00
2018.01.19 20:22:00.326,0.88515,0.88522,1.00,1.50
2018.01.19 20:22:01.441,0.88514,0.88522,1.25,1.50
2018.01.19 20:22:10.137,0.88515,0.88522,1.00,1.69
2018.01.19 20:22:10.894,0.88514,0.88522,1.50,2.06
2018.01.19 20:22:19.879,0.88513,0.88521,1.87,1.69
2018.01.19 20:22:20.495,0.88513,0.88521,1.37,2.62
2018.01.19 20:22:21.112,0.88513,0.88521,1.50,1.50
2018.01.19 20:22:21.676,0.88511,0.88519,1.56,2.25
2018.01.19 20:22:22.000,0.88512,0.8852,2.06,1.75
2018.01.19 20:22:22.052,0.88512,0.8852,2.44,1.12
2018.01.19 20:22:30.226,0.88516,0.88524,1.12,1.69
2018.01.19 20:22:30.331,0.88514,0.88522,1.69,1.50
2018.01.19 20:22:30.870,0.88513,0.8852,1.50,1.50
2018.01.19 20:22:32.330,0.88517,0.88521,1.00,1.25
2018.01.19 20:22:32.383,0.88519,0.88526,1.50,1.69
2018.01.19 20:22:32.966,0.88519,0.88527,1.50,1.62
2018.01.19 20:22:33.215,0.88519,0.88527,1.50,1.25
2018.01.19 20:22:33.917,0.88521,0.88528,1.00,1.12
2018.01.19 20:22:34.223,0.88519,0.88526,1.00,1.69
2018.01.19 20:22:34.879,0.88522,0.8853,2.25,1.62
2018.01.19 20:22:47.270,0.88523,0.8853,1.00,2.06
2018.01.19 20:22:47.324,0.88521,0.88528,1.19,1.50
2018.01.19 20:22:47.497,0.8852,0.88528,3.19,1.50
2018.01.19 20:22:55.768,0.88521,0.88529,2.62,1.69
2018.01.19 20:22:58.940,0.88523,0.8853,1.00,2.06
2018.01.19 20:22:59.465,0.88524,0.88531,1.12,1.31
2018.01.19 20:23:00.117,0.88522,0.8853,2.25,1.69
2018.01.19 20:23:02.211,0.8852,0.88528,2.25,2.44
2018.01.19 20:23:02.945,0.8852,0.88528,1.12,1.69
2018.01.19 20:23:03.463,0.88521,0.88529,1.00,2.06
2018.01.19 20:23:04.449,0.8852,0.88528,1.12,1.69
2018.01.19 20:23:07.398,0.88521,0.88528,1.00,1.31
2018.01.19 20:23:07.926,0.8852,0.88528,1.00,2.06
2018.01.19 20:23:09.227,0.8852,0.88528,1.37,2.06
2018.01.19 20:23:10.941,0.8852,0.88528,1.62,1.50
2018.01.19 20:23:13.197,0.8852,0.88525,2.44,1.00
2018.01.19 20:23:13.363,0.88518,0.88526,1.87,1.94
2018.01.19 20:23:13.468,0.88516,0.88523,1.87,1.31
2018.01.19 20:23:14.643,0.88515,0.88523,1.87,2.00
2018.01.19 20:23:19.265,0.88516,0.88524,1.69,1.12
2018.01.19 20:23:20.356,0.88515,0.88523,2.81,1.12
2018.01.19 20:23:20.882,0.88515,0.88523,2.81,1.50
2018.01.19 20:23:21.294,0.88517,0.88524,1.00,1.12
2018.01.19 20:23:23.118,0.88517,0.88525,1.12,1.69
2018.01.19 20:23:24.423,0.88517,0.88525,1.12,2.44
2018.01.19 20:23:25.891,0.88516,0.88523,1.50,1.00
2018.01.19 20:23:27.144,0.88516,0.88524,1.50,1.25
2018.01.19 20:23:29.251,0.88517,0.88525,1.12,2.81
2018.01.19 20:23:31.387,0.88516,0.88523,1.69,1.00
2018.01.19 20:23:31.897,0.88518,0.88525,1.00,1.50
2018.01.19 20:23:32.527,0.88518,0.88524,1.00,1.00
2018.01.19 20:23:36.101,0.88516,0.88523,2.06,1.00
2018.01.19 20:23:40.016,0.88516,0.88523,1.62,1.12
2018.01.19 20:23:40.337,0.88514,0.88522,1.50,2.44
2018.01.19 20:23:40.388,0.88515,0.88523,1.12,1.69
2018.01.19 20:23:41.014,0.88514,0.88521,1.50,1.37
2018.01.19 20:23:41.529,0.88514,0.88522,1.87,2.44
2018.01.19 20:23:44.447,0.88515,0.88523,2.25,1.69
2018.01.19 20:23:44.551,0.88513,0.88521,2.44,1.50
2018.01.19 20:23:45.560,0.88516,0.88524,1.12,3.56
2018.01.19 20:23:46.827,0.88517,0.88524,1.00,2.06
2018.01.19 20:23:47.864,0.88516,0.88524,1.87,2.81
2018.01.19 20:23:47.915,0.88516,0.88523,2.25,1.25
2018.01.19 20:23:48.186,0.88515,0.88523,1.50,1.69
2018.01.19 20:23:48.886,0.88514,0.88521,1.50,1.62
2018.01.19 20:23:53.380,0.88514,0.88521,1.50,1.25
2018.01.19 20:23:54.775,0.88512,0.8852,2.25,2.81
2018.01.19 20:24:01.652,0.88514,0.8852,1.50,1.12
2018.01.19 20:24:01.704,0.88515,0.88521,1.87,1.00
2018.01.19 20:24:02.922,0.88513,0.88521,2.25,1.69
2018.01.19 20:24:03.233,0.88514,0.88521,1.75,1.12
2018.01.19 20:24:07.555,0.88514,0.88522,3.00,1.31
2018.01.19 20:24:08.995,0.88516,0.88523,1.75,1.12
2018.01.19 20:24:10.066,0.88515,0.88523,2.81,1.50
2018.01.19 20:24:11.110,0.88514,0.88521,2.44,1.12
2018.01.19 20:24:12.783,0.88514,0.88521,1.37,1.50
2018.01.19 20:24:17.453,0.88514,0.88521,1.75,1.12
2018.01.19 20:24:18.574,0.88516,0.88524,1.69,1.00
2018.01.19 20:24:19.106,0.88517,0.88525,1.00,2.44
2018.01.19 20:24:20.212,0.88515,0.88521,1.25,1.12
2018.01.19 20:24:20.516,0.88515,0.88523,3.56,1.50
2018.01.19 20:24:22.209,0.8852,0.88525,1.00,1.25
2018.01.19 20:24:22.467,0.88521,0.88528,2.25,1.69
2018.01.19 20:24:22.984,0.88522,0.8853,1.00,2.81
2018.01.19 20:24:23.697,0.88521,0.88529,2.25,1.69
2018.01.19 20:24:25.811,0.88522,0.8853,1.00,2.81
2018.01.19 20:24:26.358,0.88521,0.88528,2.25,1.25
2018.01.19 20:24:29.316,0.8852,0.88528,3.00,1.69
2018.01.19 20:24:30.870,0.8852,0.88528,2.62,1.69
2018.01.19 20:24:37.776,0.88521,0.88528,1.25,2.25
2018.01.19 20:24:38.665,0.88521,0.88528,1.69,1.50
2018.01.19 20:24:39.184,0.88521,0.88528,1.69,1.12
2018.01.19 20:24:46.829,0.88522,0.88529,1.12,1.12
2018.01.19 20:24:47.407,0.88521,0.88529,1.75,1.69
2018.01.19 20:24:47.955,0.8852,0.88527,1.69,1.12
2018.01.19 20:24:48.171,0.88519,0.88527,1.69,1.37
2018.01.19 20:24:48.687,0.88519,0.88527,1.31,1.37
2018.01.19 20:24:50.023,0.88518,0.88525,1.50,1.50
2018.01.19 20:24:50.602,0.88518,0.88525,1.50,1.12
2018.01.19 20:24:50.950,0.88517,0.88525,1.69,1.50
2018.01.19 20:24:51.053,0.88516,0.88524,2.25,1.69
2018.01.19 20:24:53.031,0.88517,0.88525,1.00,2.81
2018.01.19 20:24:55.035,0.88518,0.88525,1.50,1.69
2018.01.19 20:24:55.420,0.88517,0.88524,1.12,1.37
2018.01.19 20:24:57.344,0.88516,0.88524,1.50,1.69
2018.01.19 20:25:02.397,0.88515,0.88522,1.69,1.37
2018.01.19 20:25:02.911,0.88514,0.88522,1.31,2.62
2018.01.19 20:25:05.500,0.88513,0.8852,2.06,1.50
2018.01.19 20:25:06.005,0.88513,0.8852,1.31,1.50
2018.01.19 20:25:06.326,0.88511,0.88519,2.06,2.62
2018.01.19 20:25:06.911,0.88511,0.88518,1.31,2.62
2018.01.19 20:25:07.438,0.8851,0.88518,1.31,2.62
2018.01.19 20:25:12.204,0.8851,0.88518,1.31,2.62
2018.01.19 20:25:13.222,0.88513,0.88519,1.31,1.12
2018.01.19 20:25:13.432,0.88513,0.88521,1.69,1.87
2018.01.19 20:25:16.690,0.88514,0.88522,1.69,1.87
2018.01.19 20:25:16.795,0.88516,0.88524,1.87,3.19
2018.01.19 20:25:16.899,0.88519,0.88526,1.50,1.37
2018.01.19 20:25:17.188,0.8852,0.88527,1.00,1.50
2018.01.19 20:25:17.240,0.88522,0.88529,1.00,1.50
2018.01.19 20:25:17.798,0.88525,0.88533,1.12,2.06
2018.01.19 20:25:19.373,0.88527,0.88534,1.37,2.06
2018.01.19 20:25:19.427,0.88526,0.88533,1.00,2.06
2018.01.19 20:25:19.923,0.88523,0.8853,2.25,1.69
2018.01.19 20:25:20.028,0.88521,0.88529,1.12,2.44
2018.01.19 20:25:20.572,0.88519,0.88526,1.37,1.25
2018.01.19 20:25:21.118,0.88518,0.88526,1.37,1.69
2018.01.19 20:25:24.110,0.88518,0.88526,1.37,2.44
2018.01.19 20:25:28.176,0.88519,0.88526,1.37,1.12
2018.01.19 20:25:29.278,0.88519,0.88527,1.37,2.44
2018.01.19 20:25:29.714,0.88521,0.88528,1.37,1.12
2018.01.19 20:25:31.121,0.88521,0.88529,1.00,2.81
2018.01.19 20:25:31.623,0.8852,0.88528,1.12,3.19
2018.01.19 20:25:32.085,0.8852,0.88528,1.00,2.06
2018.01.19 20:25:32.137,0.88519,0.88527,1.00,2.81
2018.01.19 20:25:33.593,0.88518,0.88526,2.06,1.50
2018.01.19 20:25:35.625,0.88518,0.88526,2.06,1.50
2018.01.19 20:25:36.363,0.88519,0.88527,1.12,3.19
2018.01.19 20:25:52.144,0.88518,0.88525,1.00,2.25
2018.01.19 20:25:57.115,0.88518,0.88525,2.06,1.00
2018.01.19 20:25:57.167,0.88519,0.88526,1.37,2.25
2018.01.19 20:25:57.439,0.88519,0.88527,1.37,3.56
2018.01.19 20:26:00.802,0.8852,0.88528,1.37,2.06
2018.01.19 20:26:01.920,0.8852,0.88528,1.87,1.31
2018.01.19 20:26:04.502,0.8852,0.88528,1.87,2.44
2018.01.19 20:26:05.042,0.8852,0.88527,1.37,1.00
2018.01.19 20:26:08.010,0.8852,0.88528,1.87,2.06
2018.01.19 20:26:10.931,0.8852,0.88527,1.37,1.00
2018.01.19 20:26:11.474,0.8852,0.88527,1.37,1.00
2018.01.19 20:26:11.989,0.8852,0.88528,2.85,2.44
2018.01.19 20:26:12.841,0.8852,0.88526,1.00,1.37
2018.01.19 20:26:22.726,0.8852,0.88527,1.50,1.50
2018.01.19 20:26:23.490,0.88522,0.88529,1.00,1.87
2018.01.19 20:26:23.629,0.88521,0.88528,2.06,1.00
2018.01.19 20:26:24.619,0.88521,0.88528,1.00,1.12
2018.01.19 20:26:28.689,0.8852,0.88528,3.19,1.50
2018.01.19 20:26:28.742,0.8852,0.88528,2.06,1.87
2018.01.19 20:26:33.628,0.88525,0.88533,2.62,1.00
2018.01.19 20:26:33.886,0.88524,0.88532,1.69,1.37
2018.01.19 20:26:33.995,0.88524,0.88532,1.69,1.87
2018.01.19 20:26:35.427,0.88524,0.88532,1.87,1.50
2018.01.19 20:26:35.683,0.88523,0.88531,2.25,1.50
2018.01.19 20:26:36.624,0.88523,0.88528,1.00,1.00
2018.01.19 20:26:37.274,0.88524,0.88531,1.00,1.50
2018.01.19 20:26:37.821,0.88522,0.8853,1.69,3.00
2018.01.19 20:26:38.063,0.88523,0.88529,1.12,1.00
2018.01.19 20:26:38.245,0.8852,0.88526,2.81,1.37
2018.01.19 20:26:38.298,0.88518,0.88525,1.25,1.50
2018.01.19 20:26:38.802,0.88517,0.88525,1.50,2.44
2018.01.19 20:26:40.035,0.88519,0.88526,1.00,2.44
2018.01.19 20:26:40.611,0.88518,0.88526,1.12,2.44
2018.01.19 20:26:41.123,0.88518,0.88526,1.12,2.06
2018.01.19 20:26:45.302,0.88518,0.88526,2.25,2.44
2018.01.19 20:26:47.047,0.88521,0.88527,1.00,1.31
2018.01.19 20:26:47.585,0.8852,0.88528,1.50,2.44
2018.01.19 20:26:51.301,0.88519,0.88527,1.12,2.06
2018.01.19 20:26:53.691,0.88518,0.88526,2.62,1.69
2018.01.19 20:26:55.586,0.88518,0.88525,1.50,1.56
2018.01.19 20:27:00.326,0.88518,0.88525,1.12,1.56
2018.01.19 20:27:01.155,0.88518,0.88526,2.25,1.69
2018.01.19 20:27:02.185,0.88518,0.88526,2.25,1.69
2018.01.19 20:27:03.071,0.88518,0.88526,1.87,1.69
2018.01.19 20:27:05.886,0.88517,0.88525,1.12,2.44
2018.01.19 20:27:06.774,0.88518,0.88526,1.00,2.81
2018.01.19 20:27:07.825,0.88517,0.88525,1.00,2.81
2018.01.19 20:27:09.396,0.88516,0.88523,2.25,1.00
2018.01.19 20:27:10.227,0.88515,0.88523,1.12,2.06
2018.01.19 20:27:11.040,0.88514,0.88522,1.50,1.69
2018.01.19 20:27:13.073,0.88515,0.88523,1.00,2.81
2018.01.19 20:27:22.300,0.88514,0.88522,2.25,1.69
2018.01.19 20:27:44.464,0.88514,0.88522,3.37,1.56
2018.01.19 20:27:45.263,0.88514,0.88522,3.00,1.56
2018.01.19 20:27:45.662,0.88513,0.88521,1.12,2.06
2018.01.19 20:27:46.201,0.88514,0.88521,1.00,1.31
2018.01.19 20:27:46.418,0.88512,0.8852,1.31,1.50
2018.01.19 20:27:47.916,0.8851,0.88516,1.12,1.00
2018.01.19 20:27:47.968,0.8851,0.88516,1.00,1.00
2018.01.19 20:27:50.049,0.88509,0.88516,1.37,1.69
2018.01.19 20:27:51.166,0.88511,0.88518,1.00,2.44
2018.01.19 20:27:51.218,0.88511,0.88519,1.00,2.44
2018.01.19 20:27:51.755,0.88511,0.88519,1.50,1.69
2018.01.19 20:27:52.312,0.8851,0.88518,2.44,1.50
2018.01.19 20:27:54.182,0.88511,0.88519,1.50,2.06
2018.01.19 20:27:55.892,0.88513,0.8852,1.00,2.44
2018.01.19 20:27:56.112,0.88514,0.8852,1.00,1.31
2018.01.19 20:28:00.000,0.88514,0.88521,1.12,1.56
2018.01.19 20:28:00.969,0.88514,0.88522,1.50,1.62
2018.01.19 20:28:04.173,0.88513,0.88522,2.44,2.06
2018.01.19 20:28:09.322,0.88513,0.88521,1.87,1.69
2018.01.19 20:28:14.061,0.88514,0.88522,1.00,1.69
2018.01.19 20:28:14.303,0.88515,0.88523,1.00,2.06
2018.01.19 20:28:14.406,0.88515,0.88523,1.50,1.69
2018.01.19 20:28:20.179,0.88518,0.88525,1.00,1.69
2018.01.19 20:28:20.810,0.88516,0.88525,2.62,1.56
2018.01.19 20:28:21.721,0.88516,0.88525,1.50,2.44
2018.01.19 20:28:29.070,0.88516,0.88524,1.50,1.19
2018.01.19 20:28:34.209,0.88516,0.88525,1.50,3.19
2018.01.19 20:28:37.244,0.88517,0.88525,1.00,1.69
2018.01.19 20:28:38.554,0.88516,0.88525,1.50,2.44
2018.01.19 20:28:41.217,0.88517,0.88525,1.00,2.44
2018.01.19 20:28:41.727,0.88517,0.88525,1.00,2.44
2018.01.19 20:28:42.762,0.88516,0.88524,1.50,1.69
2018.01.19 20:28:43.285,0.88516,0.88523,1.50,1.31
2018.01.19 20:28:45.342,0.88515,0.88523,1.87,1.56
2018.01.19 20:28:45.799,0.88515,0.88521,1.37,2.06
2018.01.19 20:28:45.902,0.88514,0.88523,1.50,1.69
2018.01.19 20:28:46.070,0.88514,0.88523,1.12,1.56
2018.01.19 20:28:46.134,0.88521,0.88529,1.80,2.06
2018.01.19 20:28:46.239,0.88519,0.88527,3.11,1.87
2018.01.19 20:28:46.446,0.88517,0.88524,1.42,1.19
2018.01.19 20:28:47.017,0.88517,0.88524,1.42,1.69
2018.01.19 20:28:47.668,0.88519,0.88527,1.50,3.19
2018.01.19 20:28:49.681,0.88518,0.88527,3.00,1.69
2018.01.19 20:28:50.123,0.8852,0.88529,1.50,2.81
2018.01.19 20:28:50.641,0.88521,0.88529,1.50,1.69
2018.01.19 20:28:51.317,0.88521,0.88529,1.50,1.69
2018.01.19 20:28:52.201,0.88521,0.88528,1.12,1.56
2018.01.19 20:28:52.668,0.88519,0.88527,2.25,2.44
2018.01.19 20:28:52.888,0.88519,0.88526,2.44,1.69
2018.01.19 20:28:52.940,0.88518,0.88525,1.56,1.00
2018.01.19 20:28:53.253,0.88519,0.88526,1.12,1.19
2018.01.19 20:28:59.517,0.88525,0.88528,1.50,1.00
2018.01.19 20:28:59.622,0.88527,0.88535,1.50,1.69
2018.01.19 20:29:00.180,0.88527,0.88536,1.50,3.56
2018.01.19 20:29:01.167,0.88527,0.88536,2.25,3.19
2018.01.19 20:29:04.587,0.88527,0.88535,1.50,1.56
2018.01.19 20:29:06.416,0.88527,0.88534,1.00,1.31
2018.01.19 20:29:21.812,0.88527,0.88534,1.37,1.69
2018.01.19 20:29:22.523,0.88527,0.88534,1.12,1.69
2018.01.19 20:29:26.119,0.88528,0.88534,1.87,1.31
2018.01.19 20:29:26.433,0.88532,0.88539,1.00,3.19
2018.01.19 20:29:26.486,0.88529,0.88536,1.50,1.69
2018.01.19 20:29:26.642,0.88531,0.8854,2.62,2.06
2018.01.19 20:29:27.198,0.88533,0.88541,1.75,1.62
2018.01.19 20:29:27.715,0.88532,0.88541,3.00,2.06
2018.01.19 20:29:28.335,0.88534,0.88543,1.50,3.56
2018.01.19 20:29:29.617,0.88533,0.88542,1.50,2.44
2018.01.19 20:29:30.249,0.88533,0.88542,1.12,3.19
2018.01.19 20:29:33.117,0.88534,0.88541,1.00,1.31
2018.01.19 20:29:36.215,0.88533,0.88542,1.87,2.81
2018.01.19 20:29:37.808,0.88534,0.88542,1.00,2.06
2018.01.19 20:29:38.327,0.88534,0.88542,1.50,1.31
2018.01.19 20:29:38.856,0.88534,0.88541,1.00,1.31
2018.01.19 20:29:41.366,0.88536,0.88543,1.12,2.06
2018.01.19 20:29:42.080,0.88537,0.88545,1.12,3.19
2018.01.19 20:29:42.883,0.88538,0.88545,1.50,1.69
2018.01.19 20:29:44.112,0.88538,0.88545,1.12,1.69
2018.01.19 20:29:52.320,0.88537,0.88545,1.12,2.06
2018.01.19 20:29:52.988,0.88535,0.88543,1.50,2.06
2018.01.19 20:29:53.531,0.88533,0.88541,1.50,2.44
2018.01.19 20:29:54.237,0.88536,0.88543,1.12,1.69
2018.01.19 20:29:57.092,0.88537,0.88544,1.00,2.06
2018.01.19 20:29:57.299,0.88535,0.88543,1.12,2.44
2018.01.19 20:29:58.350,0.88535,0.88543,1.12,2.44
2018.01.19 20:29:58.959,0.88536,0.88543,1.00,2.44
2018.01.19 20:29:59.275,0.88538,0.88545,1.12,2.06
2018.01.19 20:30:00.377,0.88538,0.88546,1.50,2.81
2018.01.19 20:30:01.055,0.88539,0.88546,1.69,1.12
2018.01.19 20:30:01.114,0.88538,0.88543,1.00,1.50
2018.01.19 20:30:01.279,0.88535,0.88543,1.12,2.06
2018.01.19 20:30:01.660,0.88536,0.88545,1.69,2.44
2018.01.19 20:30:01.867,0.88537,0.88545,1.00,1.69
2018.01.19 20:30:02.074,0.88538,0.88546,1.87,1.19
2018.01.19 20:30:02.420,0.88543,0.88551,1.50,2.44
2018.01.19 20:30:02.526,0.88542,0.8855,1.12,2.44
2018.01.19 20:30:02.631,0.88542,0.88551,2.25,3.19
2018.01.19 20:30:03.101,0.88542,0.88551,1.87,3.19
2018.01.19 20:30:03.964,0.88542,0.88549,1.00,1.12
2018.01.19 20:30:04.016,0.88545,0.88552,1.00,2.06
2018.01.19 20:30:07.089,0.88544,0.88552,1.12,2.44
2018.01.19 20:30:07.439,0.88547,0.88554,1.12,2.06
2018.01.19 20:30:07.647,0.88548,0.88554,1.50,1.56
2018.01.19 20:30:07.709,0.88545,0.88554,3.00,2.06
2018.01.19 20:30:07.876,0.88544,0.88552,1.12,2.06
2018.01.19 20:30:08.193,0.88548,0.88556,1.50,2.06
2018.01.19 20:30:08.718,0.88549,0.88556,1.00,2.81
2018.01.19 20:30:09.038,0.88547,0.88554,2.25,1.19
2018.01.19 20:30:09.975,0.88546,0.88553,1.50,1.56
2018.01.19 20:30:10.516,0.88546,0.88553,1.00,2.44
2018.01.19 20:30:11.638,0.88547,0.88554,1.87,1.12
2018.01.19 20:30:13.319,0.88545,0.88553,2.25,1.50
2018.01.19 20:30:14.411,0.88544,0.88553,1.50,2.25
2018.01.19 20:30:16.091,0.88545,0.88554,1.50,3.56
2018.01.19 20:30:18.523,0.88545,0.88553,1.00,1.87
2018.01.19 20:30:19.395,0.88544,0.88553,1.12,2.62
2018.01.19 20:30:37.266,0.88543,0.88552,2.25,2.81
2018.01.19 20:30:41.510,0.88544,0.88552,1.00,2.06
2018.01.19 20:30:47.805,0.88543,0.8855,1.00,1.00
2018.01.19 20:30:48.118,0.88541,0.88549,1.12,1.12
2018.01.19 20:30:48.569,0.88536,0.88544,3.37,1.25
2018.01.19 20:30:50.508,0.88536,0.88544,2.62,2.06
2018.01.19 20:30:50.611,0.88535,0.88543,1.37,1.19
2018.01.19 20:31:02.202,0.88533,0.88541,1.62,1.87
2018.01.19 20:31:02.715,0.88532,0.88541,1.87,3.19
2018.01.19 20:31:03.052,0.88534,0.88543,1.37,3.19
2018.01.19 20:31:03.591,0.88534,0.88542,1.12,1.69
2018.01.19 20:31:05.986,0.88532,0.8854,1.25,1.50
2018.01.19 20:31:06.620,0.88531,0.88539,1.00,2.81
2018.01.19 20:31:07.595,0.8853,0.88537,1.12,1.00
2018.01.19 20:31:24.173,0.8853,0.88538,1.00,2.81
2018.01.19 20:31:24.459,0.88525,0.88532,1.69,1.50
2018.01.19 20:31:24.562,0.88529,0.88535,1.00,1.31
2018.01.19 20:31:24.613,0.88529,0.88535,1.00,1.00
2018.01.19 20:31:25.168,0.8853,0.88535,1.00,1.00
2018.01.19 20:31:25.276,0.88526,0.88534,1.87,1.69
2018.01.19 20:31:25.590,0.88533,0.88537,1.00,1.00
2018.01.19 20:31:26.010,0.88531,0.88538,1.00,1.12
2018.01.19 20:31:26.062,0.8853,0.88537,1.00,2.81
2018.01.19 20:31:26.116,0.88528,0.88534,1.87,1.00
2018.01.19 20:31:26.168,0.88526,0.88534,1.50,1.50
2018.01.19 20:31:26.705,0.88525,0.88533,1.37,2.06
2018.01.19 20:31:27.667,0.88524,0.88533,2.62,2.81
2018.01.19 20:31:27.882,0.88522,0.88529,1.37,1.00
2018.01.19 20:31:27.994,0.88526,0.88533,1.00,3.56
2018.01.19 20:31:28.050,0.88522,0.88531,3.19,1.50
2018.01.19 20:31:28.580,0.88522,0.8853,1.87,1.69
2018.01.19 20:31:29.143,0.88523,0.88531,1.37,1.31
2018.01.19 20:31:29.680,0.88522,0.88529,1.37,1.12
2018.01.19 20:31:30.199,0.88521,0.88529,2.81,2.25
2018.01.19 20:31:31.201,0.88525,0.88529,1.00,1.12
2018.01.19 20:31:31.356,0.88527,0.88535,1.37,2.81
2018.01.19 20:31:31.534,0.88527,0.88535,1.00,2.81
2018.01.19 20:31:34.805,0.88526,0.88534,1.12,2.06
2018.01.19 20:31:35.343,0.8852,0.88527,1.12,1.19
2018.01.19 20:31:36.584,0.8852,0.88528,1.12,2.44
2018.01.19 20:31:38.337,0.8852,0.88528,1.87,1.69
2018.01.19 20:31:44.164,0.8852,0.88528,1.87,1.69
2018.01.19 20:31:44.576,0.88523,0.8853,1.50,1.69
2018.01.19 20:31:44.731,0.88526,0.88534,1.50,2.06
2018.01.19 20:31:45.936,0.88527,0.88535,1.50,2.00
2018.01.19 20:31:46.091,0.88527,0.88535,2.06,1.00
2018.01.19 20:31:46.624,0.88528,0.88536,1.50,2.44
2018.01.19 20:31:51.027,0.88529,0.88536,1.00,2.44
2018.01.19 20:31:51.111,0.88525,0.88532,1.50,1.12
2018.01.19 20:31:51.214,0.88525,0.88532,1.12,1.37
2018.01.19 20:31:51.523,0.88523,0.88531,1.87,1.69
2018.01.19 20:31:52.815,0.88522,0.88531,2.44,2.06
2018.01.19 20:31:53.547,0.88523,0.88531,1.12,2.06
2018.01.19 20:31:55.660,0.88523,0.88531,1.12,2.06
2018.01.19 20:31:56.246,0.88522,0.88531,2.81,2.06
2018.01.19 20:31:57.284,0.88522,0.88531,2.81,2.06
2018.01.19 20:31:58.145,0.88522,0.8853,2.44,1.12
2018.01.19 20:32:00.117,0.88522,0.88531,1.69,2.81
2018.01.19 20:32:01.503,0.88524,0.88532,1.69,1.87
2018.01.19 20:32:01.555,0.88525,0.88532,1.37,1.50
2018.01.19 20:32:02.150,0.88525,0.88534,2.44,2.06
2018.01.19 20:32:02.655,0.88526,0.88534,1.12,2.81
2018.01.19 20:32:03.595,0.88525,0.88534,3.00,2.06
2018.01.19 20:32:06.339,0.88526,0.88533,1.25,1.87
2018.01.19 20:32:06.644,0.88527,0.88535,1.50,2.06
2018.01.19 20:32:06.849,0.8853,0.88537,1.00,2.06
2018.01.19 20:32:06.952,0.88529,0.88537,1.00,2.81
2018.01.19 20:32:07.278,0.88527,0.88535,1.12,2.06
2018.01.19 20:32:08.016,0.88526,0.88534,2.06,1.50
2018.01.19 20:32:11.920,0.88525,0.88532,1.25,1.37
2018.01.19 20:32:12.311,0.88524,0.88532,2.25,1.87
2018.01.19 20:32:12.471,0.88526,0.88533,1.12,1.37
2018.01.19 20:32:12.524,0.88526,0.88535,3.00,2.06
2018.01.19 20:32:12.629,0.88527,0.88534,1.37,1.25
2018.01.19 20:32:12.784,0.88527,0.88534,1.12,1.62
2018.01.19 20:32:13.712,0.88526,0.88534,1.87,2.06
2018.01.19 20:32:14.538,0.88527,0.88534,2.62,1.25
2018.01.19 20:32:15.137,0.88527,0.88536,2.62,1.87
2018.01.19 20:32:16.216,0.88528,0.88536,3.75,1.37
2018.01.19 20:32:17.892,0.88528,0.88536,2.25,1.87
2018.01.19 20:32:18.046,0.88528,0.88536,1.75,1.37
2018.01.19 20:32:18.937,0.88528,0.88535,1.12,1.50
2018.01.19 20:32:18.989,0.88527,0.88535,1.12,1.69
2018.01.19 20:32:27.517,0.88525,0.88532,2.81,1.37
2018.01.19 20:32:27.718,0.88526,0.88535,3.56,2.06
2018.01.19 20:32:27.878,0.88528,0.88534,1.00,1.31
2018.01.19 20:32:28.088,0.88527,0.88534,1.12,1.25
2018.01.19 20:32:28.602,0.88528,0.88536,1.50,1.62
2018.01.19 20:32:28.706,0.88529,0.88538,1.50,2.81
2018.01.19 20:32:28.758,0.88529,0.88538,1.50,2.44
2018.01.19 20:32:29.169,0.88529,0.88537,1.50,1.69
2018.01.19 20:32:30.033,0.88529,0.88537,1.12,1.94
2018.01.19 20:32:30.137,0.88527,0.88536,1.50,3.56
2018.01.19 20:32:30.739,0.88526,0.88533,2.44,1.00
2018.01.19 20:32:31.266,0.88526,0.88535,1.69,2.81
2018.01.19 20:32:36.638,0.88526,0.88535,1.31,2.44
2018.01.19 20:32:37.937,0.88526,0.88535,1.69,2.81
2018.01.19 20:32:38.976,0.88525,0.88533,2.44,1.37
2018.01.19 20:32:39.904,0.88525,0.88533,1.50,2.00
2018.01.19 20:32:40.634,0.88524,0.88533,1.69,3.19
2018.01.19 20:32:41.160,0.88523,0.88533,2.44,3.19
2018.01.19 20:32:42.156,0.88525,0.88533,1.12,3.04
2018.01.19 20:32:42.561,0.88528,0.88535,1.50,1.69
2018.01.19 20:32:42.753,0.88528,0.88537,1.69,2.62
2018.01.19 20:32:43.260,0.88528,0.88538,2.44,4.31
2018.01.19 20:32:47.306,0.88527,0.88536,1.87,1.94
2018.01.19 20:32:48.434,0.88525,0.88532,2.81,1.00
2018.01.19 20:32:48.961,0.88525,0.88533,2.44,1.75
2018.01.19 20:32:49.257,0.88525,0.88534,2.06,3.00
2018.01.19 20:32:49.493,0.88522,0.88531,2.81,1.12
2018.01.19 20:32:49.809,0.88522,0.88531,2.06,1.31
2018.01.19 20:32:50.350,0.88523,0.88531,1.00,2.06
2018.01.19 20:32:50.889,0.88522,0.88531,1.12,2.81
2018.01.19 20:32:52.895,0.88522,0.88531,1.31,1.87
2018.01.19 20:32:53.422,0.88522,0.88532,2.44,3.19
2018.01.19 20:32:54.837,0.88522,0.88532,2.81,2.81
2018.01.19 20:32:55.624,0.88523,0.88531,1.00,1.31
2018.01.19 20:32:56.140,0.88523,0.88531,1.00,1.31
2018.01.19 20:32:58.089,0.88522,0.8853,2.06,1.50
2018.01.19 20:33:05.862,0.88521,0.8853,4.31,1.69
2018.01.19 20:33:07.198,0.88524,0.8853,1.50,1.00
2018.01.19 20:33:07.713,0.88523,0.88531,1.00,1.69
2018.01.19 20:33:08.035,0.88522,0.8853,1.12,2.06
2018.01.19 20:33:08.736,0.88523,0.88531,1.12,1.69
2018.01.19 20:33:09.434,0.88523,0.88531,2.25,1.56
2018.01.19 20:33:10.805,0.88524,0.88531,1.12,1.56
2018.01.19 20:33:11.339,0.88525,0.88533,1.12,2.44
2018.01.19 20:33:13.135,0.88525,0.88533,1.50,2.06
2018.01.19 20:33:15.003,0.88527,0.88531,1.00,1.12
2018.01.19 20:33:15.057,0.88527,0.88531,1.75,1.00
2018.01.19 20:33:15.583,0.8853,0.88537,1.00,1.12
2018.01.19 20:33:16.163,0.8853,0.88537,1.12,1.37
2018.01.19 20:33:17.821,0.8853,0.88538,1.50,2.44
2018.01.19 20:33:18.331,0.8853,0.88539,2.44,2.06
2018.01.19 20:33:18.383,0.8853,0.88539,1.87,2.44
2018.01.19 20:33:24.913,0.88533,0.88541,1.12,4.69
2018.01.19 20:33:25.150,0.88531,0.8854,2.25,1.56
2018.01.19 20:33:25.678,0.88534,0.88543,1.12,5.06
2018.01.19 20:33:25.987,0.88535,0.88543,1.50,2.81
2018.01.19 20:33:26.633,0.88535,0.88543,1.12,2.44
2018.01.19 20:33:27.342,0.88535,0.88544,1.12,3.19
2018.01.19 20:33:28.429,0.88533,0.88542,3.37,2.44
2018.01.19 20:33:28.481,0.88536,0.88543,1.50,1.69
2018.01.19 20:33:28.640,0.88534,0.88543,2.62,2.44
2018.01.19 20:33:28.799,0.88536,0.88543,1.50,1.31
2018.01.19 20:33:28.851,0.88536,0.88544,1.50,1.69
2018.01.19 20:33:31.116,0.88535,0.88544,3.00,2.06
2018.01.19 20:33:31.732,0.88534,0.88542,1.12,1.69
2018.01.19 20:33:31.836,0.88533,0.88541,1.50,2.44
2018.01.19 20:33:32.348,0.8853,0.88539,4.31,2.25
2018.01.19 20:33:33.402,0.88534,0.88541,1.12,2.06
2018.01.19 20:33:33.959,0.88533,0.8854,1.00,2.81
2018.01.19 20:33:35.792,0.88534,0.88542,2.25,1.69
2018.01.19 20:33:36.885,0.88534,0.88542,3.19,1.00
2018.01.19 20:33:38.797,0.88536,0.88544,1.31,1.87
2018.01.19 20:33:39.162,0.88538,0.88545,1.12,1.50
2018.01.19 20:33:39.318,0.88537,0.88545,2.06,2.25
2018.01.19 20:33:39.783,0.88535,0.8854,1.25,2.10
2018.01.19 20:33:39.890,0.88534,0.8854,1.25,1.87
2018.01.19 20:33:40.206,0.88533,0.88542,1.87,1.75
2018.01.19 20:33:40.990,0.88533,0.88542,1.87,2.25
2018.01.19 20:33:41.705,0.88533,0.88542,2.25,1.87
2018.01.19 20:33:42.232,0.88534,0.88542,1.37,1.50
2018.01.19 20:33:46.282,0.88534,0.88542,1.12,1.87
2018.01.19 20:33:48.878,0.88535,0.88542,1.00,1.87
2018.01.19 20:33:49.407,0.88533,0.88541,1.12,1.12
2018.01.19 20:33:49.760,0.88533,0.8854,1.00,1.12
2018.01.19 20:33:50.147,0.88533,0.88542,2.62,1.12
2018.01.19 20:33:50.690,0.88533,0.88541,2.62,1.00
2018.01.19 20:33:51.220,0.88533,0.88542,2.62,1.12
2018.01.19 20:33:52.353,0.88534,0.88543,1.50,2.25
2018.01.19 20:33:54.692,0.88534,0.88543,2.25,1.87
2018.01.19 20:33:56.941,0.88534,0.88542,1.12,1.50
2018.01.19 20:33:57.659,0.88535,0.88543,1.12,2.25
2018.01.19 20:33:58.165,0.88535,0.88543,1.37,1.50
2018.01.19 20:34:00.248,0.88534,0.88541,1.00,1.00
2018.01.19 20:34:00.894,0.88533,0.88541,2.25,1.00
2018.01.19 20:34:01.487,0.88533,0.88541,2.25,1.00
2018.01.19 20:34:02.737,0.88533,0.88541,2.25,1.50
2018.01.19 20:34:03.405,0.88535,0.88543,1.50,2.44
2018.01.19 20:34:03.922,0.88535,0.88543,2.25,1.00
2018.01.19 20:34:10.517,0.88535,0.88543,1.12,1.87
2018.01.19 20:34:11.036,0.88534,0.88541,1.00,1.00
2018.01.19 20:34:11.737,0.88533,0.88542,3.37,1.87
2018.01.19 20:34:14.049,0.88534,0.88541,1.00,1.00
2018.01.19 20:34:14.741,0.88536,0.88543,1.00,1.00
2018.01.19 20:34:18.037,0.88534,0.88541,1.00,1.50
2018.01.19 20:34:19.109,0.88535,0.88543,1.50,1.00
2018.01.19 20:34:22.380,0.88535,0.88542,2.25,1.37
2018.01.19 20:34:22.895,0.88534,0.88542,1.37,1.50
2018.01.19 20:34:23.437,0.88534,0.88542,1.00,1.50
2018.01.19 20:34:23.973,0.88533,0.88542,4.12,1.50
2018.01.19 20:34:29.952,0.88533,0.88541,1.00,1.50
2018.01.19 20:34:40.328,0.88532,0.88541,3.00,1.69
2018.01.19 20:34:55.265,0.88532,0.8854,1.37,1.50
2018.01.19 20:34:55.844,0.88532,0.8854,3.00,1.12
2018.01.19 20:34:58.194,0.88534,0.88542,1.50,2.00
2018.01.19 20:34:58.249,0.88534,0.88542,1.87,1.12
2018.01.19 20:35:03.661,0.88534,0.88542,1.50,1.69
2018.01.19 20:35:04.278,0.88534,0.88541,1.00,1.31
2018.01.19 20:35:08.340,0.88533,0.88541,1.50,2.81
2018.01.19 20:35:19.333,0.88533,0.8854,1.12,1.69
2018.01.19 20:35:19.392,0.8853,0.88537,2.62,1.00
2018.01.19 20:35:20.188,0.88529,0.88537,1.50,1.69
2018.01.19 20:35:20.739,0.88528,0.88537,3.37,2.06
2018.01.19 20:35:21.728,0.88528,0.88537,3.75,2.06
2018.01.19 20:35:22.653,0.88528,0.88536,3.00,1.69
2018.01.19 20:35:23.201,0.88528,0.88536,2.25,1.69
2018.01.19 20:35:25.189,0.88527,0.88535,2.25,2.81
2018.01.19 20:35:25.739,0.88527,0.88534,1.37,1.31
2018.01.19 20:35:26.286,0.88527,0.88534,1.12,1.69
2018.01.19 20:35:26.839,0.88526,0.88534,1.50,1.69
2018.01.19 20:35:27.388,0.88526,0.88534,1.50,1.69
2018.01.19 20:35:28.031,0.88526,0.88534,2.25,1.25
2018.01.19 20:35:28.587,0.88527,0.88535,1.37,1.69
2018.01.19 20:35:35.987,0.88528,0.88535,1.00,1.31
2018.01.19 20:35:39.076,0.88528,0.88535,1.00,1.69
2018.01.19 20:35:40.089,0.88527,0.88535,2.25,1.31
2018.01.19 20:35:40.243,0.88526,0.88533,1.00,1.25
2018.01.19 20:35:42.135,0.88525,0.88533,1.87,1.62
2018.01.19 20:35:45.020,0.88525,0.88533,1.00,2.06
2018.01.19 20:35:49.296,0.88525,0.88533,2.62,1.25
2018.01.19 20:35:55.789,0.88525,0.88533,1.00,1.69
2018.01.19 20:35:55.994,0.88525,0.88534,1.50,3.56
2018.01.19 20:35:56.531,0.88525,0.88534,2.62,2.06
2018.01.19 20:35:56.687,0.88525,0.88533,1.00,1.69
2018.01.19 20:35:59.088,0.88525,0.88533,1.50,1.25
2018.01.19 20:35:59.540,0.88525,0.88534,1.50,2.44
2018.01.19 20:36:00.638,0.88526,0.88533,1.00,1.25
2018.01.19 20:36:01.162,0.88524,0.88533,2.44,2.06
2018.01.19 20:36:01.738,0.88524,0.88532,2.44,1.00
2018.01.19 20:36:02.107,0.88524,0.88533,2.44,1.69
2018.01.19 20:36:02.681,0.88526,0.88534,1.69,1.87
2018.01.19 20:36:08.572,0.88527,0.88535,1.37,2.06
2018.01.19 20:36:09.400,0.88527,0.88535,1.50,1.62
2018.01.19 20:36:11.404,0.88527,0.88536,2.81,2.44
2018.01.19 20:36:11.510,0.88529,0.88538,3.19,2.44
2018.01.19 20:36:12.089,0.8853,0.88537,1.00,2.06
2018.01.19 20:36:12.609,0.88528,0.88536,3.56,1.00
2018.01.19 20:36:13.655,0.88528,0.88537,3.56,2.81
2018.01.19 20:36:14.403,0.88528,0.88537,3.37,2.81
2018.01.19 20:36:14.454,0.88528,0.88535,1.00,1.19
2018.01.19 20:36:14.761,0.88528,0.88537,3.00,2.44
2018.01.19 20:36:20.690,0.88528,0.88537,2.25,2.44
2018.01.19 20:36:27.483,0.88527,0.88535,1.50,2.06
2018.01.19 20:36:33.852,0.88527,0.88535,1.50,1.25
2018.01.19 20:36:33.955,0.88528,0.88537,1.87,3.56
2018.01.19 20:36:39.101,0.88528,0.88536,1.37,1.69
2018.01.19 20:36:40.061,0.88528,0.88536,1.00,1.69
2018.01.19 20:36:41.228,0.88528,0.88536,1.37,1.31
2018.01.19 20:36:41.537,0.88531,0.88537,2.25,1.25
2018.01.19 20:36:44.837,0.8853,0.88537,2.25,1.69
2018.01.19 20:36:44.942,0.88528,0.88537,3.00,2.44
2018.01.19 20:36:53.681,0.88529,0.88536,1.50,1.31
2018.01.19 20:36:53.788,0.88529,0.88537,1.87,1.69
2018.01.19 20:36:54.752,0.8853,0.88537,1.00,1.25
2018.01.19 20:36:54.804,0.88529,0.88537,1.00,2.44
2018.01.19 20:36:55.354,0.88529,0.88536,1.37,1.19
2018.01.19 20:37:06.859,0.88528,0.88535,1.87,1.31
2018.01.19 20:37:07.370,0.88528,0.88535,1.50,1.31
2018.01.19 20:37:07.941,0.88528,0.88534,1.50,1.19
2018.01.19 20:37:09.874,0.88527,0.88534,1.12,1.69
2018.01.19 20:37:13.224,0.88527,0.88535,1.50,2.81
2018.01.19 20:37:13.276,0.88525,0.88532,1.50,1.25
2018.01.19 20:37:19.030,0.88526,0.88532,1.12,1.00
2018.01.19 20:37:29.478,0.88525,0.88533,3.37,1.62
2018.01.19 20:37:35.486,0.88526,0.88534,1.87,3.19
2018.01.19 20:37:36.216,0.88526,0.88533,1.50,1.25
2018.01.19 20:37:40.437,0.88525,0.88533,2.62,2.06
2018.01.19 20:37:42.080,0.88525,0.88532,1.00,1.25
2018.01.19 20:37:44.864,0.88525,0.88532,2.62,1.25
2018.01.19 20:37:45.449,0.88525,0.88532,1.50,1.00
2018.01.19 20:37:48.387,0.88525,0.88533,2.25,1.62
2018.01.19 20:37:49.224,0.88526,0.88533,1.00,1.25
2018.01.19 20:37:53.183,0.88525,0.88533,1.37,2.06
2018.01.19 20:37:54.094,0.88525,0.88533,1.50,2.06
2018.01.19 20:37:54.414,0.88525,0.88533,1.50,1.69
2018.01.19 20:37:54.928,0.88528,0.88534,1.37,1.31
2018.01.19 20:38:00.235,0.88528,0.88533,1.50,1.25
2018.01.19 20:38:00.390,0.88526,0.88533,1.50,2.44
2018.01.19 20:38:00.920,0.88526,0.88533,1.00,2.81
2018.01.19 20:38:01.795,0.88526,0.88531,1.00,1.25
2018.01.19 20:38:02.800,0.88526,0.88531,1.00,1.19
2018.01.19 20:38:04.101,0.88524,0.88531,1.50,1.69
2018.01.19 20:38:04.630,0.88524,0.88531,3.00,1.69
2018.01.19 20:38:06.541,0.88524,0.88531,1.50,1.69
2018.01.19 20:38:09.571,0.88526,0.88532,1.00,1.94
2018.01.19 20:38:10.088,0.88525,0.88532,1.12,1.94
2018.01.19 20:38:11.563,0.88526,0.88532,1.37,1.69
2018.01.19 20:38:13.191,0.88525,0.88531,1.12,1.19
2018.01.19 20:38:13.243,0.88527,0.88531,1.75,1.00
2018.01.19 20:38:13.346,0.88527,0.88531,1.50,1.25
2018.01.19 20:38:13.398,0.88528,0.88535,1.75,1.37
2018.01.19 20:38:13.593,0.88528,0.88531,1.50,1.00
2018.01.19 20:38:14.239,0.88528,0.88531,1.12,1.19
2018.01.19 20:38:14.343,0.88527,0.88532,1.00,1.31
2018.01.19 20:38:14.884,0.88527,0.88533,1.50,1.31
2018.01.19 20:38:15.286,0.88528,0.88533,2.62,1.00
2018.01.19 20:38:15.690,0.88527,0.88533,1.00,1.19
2018.01.19 20:38:19.904,0.88527,0.88534,1.50,1.69
2018.01.19 20:38:20.871,0.88528,0.88534,1.87,1.19
2018.01.19 20:38:21.937,0.8853,0.88534,1.00,1.25
2018.01.19 20:38:22.144,0.88527,0.88534,3.00,1.19
2018.01.19 20:38:30.062,0.88529,0.88534,1.50,1.25
2018.01.19 20:38:30.114,0.88529,0.88536,3.00,1.19
2018.01.19 20:38:38.380,0.88528,0.88534,4.12,1.19
2018.01.19 20:38:38.898,0.88528,0.88534,1.50,1.56
2018.01.19 20:38:39.425,0.88528,0.88534,1.50,1.56
2018.01.19 20:38:40.534,0.88528,0.88534,1.12,1.56
2018.01.19 20:38:41.042,0.88529,0.88534,1.12,1.56
2018.01.19 20:38:42.505,0.88529,0.88535,1.12,1.69
2018.01.19 20:38:58.791,0.88528,0.88535,1.12,1.56
2018.01.19 20:38:59.305,0.88527,0.88534,1.12,1.69
2018.01.19 20:38:59.987,0.88527,0.88534,1.12,1.69
2018.01.19 20:39:00.730,0.88525,0.88534,3.00,2.44
2018.01.19 20:39:01.311,0.88525,0.88533,1.12,2.81
2018.01.19 20:39:02.322,0.88522,0.88531,1.87,3.19
2018.01.19 20:39:02.530,0.8852,0.88529,5.06,2.25
2018.01.19 20:39:04.437,0.88522,0.8853,2.06,2.62
2018.01.19 20:39:04.747,0.88522,0.88528,2.25,1.19
2018.01.19 20:39:06.863,0.88522,0.8853,2.25,1.31
2018.01.19 20:39:06.916,0.88523,0.8853,3.37,1.31
2018.01.19 20:39:23.622,0.88523,0.88528,1.00,1.31
2018.01.19 20:39:23.981,0.8852,0.88528,3.37,2.44
2018.01.19 20:39:27.107,0.88523,0.8853,1.00,2.81
2018.01.19 20:39:28.202,0.88522,0.8853,2.62,2.44
2018.01.19 20:39:30.635,0.88527,0.88533,1.12,1.56
2018.01.19 20:39:30.945,0.88529,0.88533,1.00,1.31
2018.01.19 20:39:31.448,0.88527,0.88533,1.50,1.56
2018.01.19 20:39:34.409,0.88525,0.88532,1.50,1.56
2018.01.19 20:39:35.409,0.88525,0.88531,1.12,1.56
2018.01.19 20:39:56.227,0.88521,0.88528,1.50,2.44
2018.01.19 20:39:56.434,0.8852,0.88527,1.00,1.19
2018.01.19 20:40:00.909,0.88519,0.88526,1.50,1.69
2018.01.19 20:40:10.601,0.88519,0.88527,3.00,2.81
2018.01.19 20:40:10.654,0.8852,0.88528,1.37,3.19
2018.01.19 20:40:20.723,0.88519,0.88527,4.12,1.69
2018.01.19 20:40:22.229,0.88519,0.88527,3.37,1.25
2018.01.19 20:40:28.461,0.88518,0.88526,3.37,1.00
2018.01.19 20:40:34.516,0.88518,0.88526,3.75,2.06
2018.01.19 20:40:34.731,0.88518,0.88526,1.87,3.19
2018.01.19 20:40:34.783,0.88518,0.88524,1.00,1.31
2018.01.19 20:40:46.252,0.88517,0.88523,1.50,1.19
2018.01.19 20:40:57.622,0.88517,0.88523,1.50,1.19
2018.01.19 20:41:03.928,0.88516,0.88522,1.00,2.81
2018.01.19 20:41:16.483,0.88517,0.88522,1.37,1.00
2018.01.19 20:41:20.977,0.88516,0.88522,2.25,1.31
2018.01.19 20:41:21.080,0.88515,0.8852,1.87,1.25
2018.01.19 20:41:24.140,0.88514,0.8852,2.62,1.19
2018.01.19 20:41:24.515,0.88518,0.88523,1.12,1.19
2018.01.19 20:41:25.062,0.88518,0.88524,1.50,1.31
2018.01.19 20:41:25.860,0.88518,0.88524,1.12,1.69
2018.01.19 20:41:25.915,0.88515,0.88522,1.50,1.25
2018.01.19 20:41:25.970,0.88517,0.88521,1.12,1.25
2018.01.19 20:41:26.282,0.88519,0.88524,1.00,1.19
2018.01.19 20:41:29.410,0.88516,0.88523,1.50,1.69
2018.01.19 20:41:29.926,0.88517,0.88523,1.12,1.31
2018.01.19 20:41:31.089,0.88517,0.88523,1.50,1.31
2018.01.19 20:41:36.423,0.88515,0.88522,2.62,1.31
2018.01.19 20:41:36.936,0.88515,0.88521,1.87,1.19
2018.01.19 20:41:37.765,0.88515,0.88521,1.50,1.19
2018.01.19 20:41:44.326,0.88515,0.88521,1.87,1.19
2018.01.19 20:41:48.230,0.88515,0.8852,1.87,1.25
2018.01.19 20:41:48.436,0.88515,0.88521,1.87,1.19
2018.01.19 20:41:49.362,0.88515,0.88521,1.00,1.19
2018.01.19 20:41:52.554,0.88516,0.88521,1.00,1.19
2018.01.19 20:41:55.598,0.88516,0.88522,1.00,1.31
2018.01.19 20:41:55.842,0.88517,0.88524,1.00,1.69
2018.01.19 20:42:00.195,0.88518,0.88524,1.12,1.69
2018.01.19 20:42:00.705,0.88518,0.88524,1.50,1.31
2018.01.19 20:42:03.149,0.88518,0.88524,1.50,1.31
2018.01.19 20:42:03.823,0.88519,0.88524,1.12,1.19
2018.01.19 20:42:04.890,0.88519,0.88525,1.00,1.19
2018.01.19 20:42:09.232,0.88517,0.88525,1.50,2.44
2018.01.19 20:42:09.957,0.88515,0.88524,2.62,3.19
2018.01.19 20:42:10.009,0.88515,0.88522,1.50,1.31
2018.01.19 20:42:16.552,0.88517,0.88523,1.37,1.19
2018.01.19 20:42:16.861,0.88516,0.88524,1.50,3.19
2018.01.19 20:42:17.270,0.88515,0.88522,1.00,1.00
2018.01.19 20:42:17.579,0.88517,0.88524,1.00,2.44
2018.01.19 20:42:18.094,0.88517,0.88524,1.87,1.56
2018.01.19 20:42:18.641,0.88518,0.88524,1.00,1.56
2018.01.19 20:42:19.736,0.88517,0.88524,1.50,1.31
2018.01.19 20:42:20.046,0.88516,0.88522,1.00,1.31
2018.01.19 20:42:20.200,0.88517,0.88524,1.00,2.44
2018.01.19 20:42:20.802,0.88518,0.88524,1.00,1.69
2018.01.19 20:42:22.578,0.88517,0.88522,1.50,1.19
2018.01.19 20:42:22.631,0.88515,0.88522,2.25,1.31
2018.01.19 20:42:23.173,0.88516,0.88522,1.00,1.31
2018.01.19 20:42:24.002,0.88515,0.88522,2.25,1.31
2018.01.19 20:42:25.172,0.88516,0.88523,1.00,2.44
2018.01.19 20:42:26.196,0.88517,0.88524,1.00,3.56
2018.01.19 20:42:26.863,0.88518,0.88524,1.00,1.31
2018.01.19 20:42:28.225,0.88517,0.88524,1.50,1.31
2018.01.19 20:42:28.278,0.88515,0.88522,2.25,1.31
2018.01.19 20:42:30.129,0.88515,0.88522,1.87,1.69
2018.01.19 20:42:30.674,0.88515,0.88522,1.50,1.31
2018.01.19 20:42:32.262,0.88516,0.88522,1.00,1.31
2018.01.19 20:42:32.872,0.88515,0.88522,2.25,1.31
2018.01.19 20:42:41.272,0.88516,0.88522,1.00,1.31
2018.01.19 20:42:41.805,0.88515,0.88522,1.12,1.31
2018.01.19 20:42:49.691,0.88518,0.88523,1.12,1.19
2018.01.19 20:42:50.224,0.88518,0.88524,1.37,1.19
2018.01.19 20:43:00.044,0.88518,0.88525,1.50,1.31
2018.01.19 20:43:00.557,0.88518,0.88524,1.50,1.19
2018.01.19 20:43:03.603,0.88516,0.88524,1.00,3.56
2018.01.19 20:43:04.190,0.88515,0.88522,1.12,2.81
2018.01.19 20:43:06.688,0.88515,0.88521,1.12,1.31
2018.01.19 20:43:41.892,0.88516,0.88521,1.37,1.31
2018.01.19 20:43:42.201,0.88517,0.88521,1.37,1.00
2018.01.19 20:43:44.346,0.88516,0.88524,2.25,1.69
2018.01.19 20:43:52.235,0.88517,0.88524,1.37,1.94
2018.01.19 20:43:58.772,0.88515,0.88524,1.87,3.56
2018.01.19 20:43:59.531,0.88515,0.88524,1.50,3.56
2018.01.19 20:44:02.307,0.88515,0.88523,1.50,1.69
2018.01.19 20:44:10.609,0.88515,0.88523,1.50,2.00
2018.01.19 20:44:11.993,0.88518,0.88524,1.12,1.00
2018.01.19 20:44:12.049,0.88518,0.88525,1.37,1.25
2018.01.19 20:44:12.102,0.88518,0.88526,1.37,2.06
2018.01.19 20:44:12.605,0.88517,0.88525,1.87,1.94
2018.01.19 20:44:13.355,0.88519,0.88526,1.50,2.06
2018.01.19 20:44:17.947,0.88519,0.88527,2.62,2.44
2018.01.19 20:44:18.308,0.88518,0.88526,1.50,1.69
2018.01.19 20:44:18.851,0.88517,0.88525,3.00,2.06
2018.01.19 20:44:19.374,0.88517,0.88525,3.00,2.81
2018.01.19 20:44:19.931,0.88517,0.88525,1.50,3.19
2018.01.19 20:44:21.815,0.88517,0.88525,2.25,1.69
2018.01.19 20:44:22.339,0.88517,0.88524,2.25,1.31
2018.01.19 20:44:35.192,0.88518,0.88525,1.50,1.19
2018.01.19 20:44:35.783,0.88517,0.88524,1.50,1.31
2018.01.19 20:44:41.765,0.88518,0.88526,2.62,1.31
2018.01.19 20:44:41.818,0.8852,0.88527,1.50,1.31
2018.01.19 20:44:41.871,0.88519,0.88526,1.50,1.31
2018.01.19 20:44:42.233,0.88518,0.88527,2.62,3.19
2018.01.19 20:44:42.774,0.88519,0.88525,1.00,1.25
2018.01.19 20:44:43.636,0.88519,0.88525,1.00,1.19
2018.01.19 20:44:44.470,0.88517,0.88524,1.50,1.19
2018.01.19 20:44:47.844,0.88517,0.88525,1.37,1.69
2018.01.19 20:44:49.988,0.88517,0.88524,1.37,1.31
2018.01.19 20:44:50.526,0.88519,0.88526,1.50,1.69
2018.01.19 20:44:51.035,0.8852,0.88527,1.00,2.44
2018.01.19 20:44:51.735,0.88519,0.88527,1.12,2.06
2018.01.19 20:44:53.990,0.88518,0.88526,1.50,2.06
2018.01.19 20:44:54.504,0.88518,0.88525,1.50,1.31
2018.01.19 20:44:55.179,0.88518,0.88525,1.50,1.31
2018.01.19 20:44:55.867,0.88518,0.88525,1.50,1.31
2018.01.19 20:44:56.695,0.88518,0.88523,1.12,1.19
2018.01.19 20:44:57.239,0.88517,0.88524,1.50,1.69
2018.01.19 20:44:57.755,0.88516,0.88523,4.12,1.31
2018.01.19 20:44:58.291,0.88516,0.88523,3.75,1.31
2018.01.19 20:45:00.808,0.88516,0.88523,1.50,1.25
2018.01.19 20:45:00.859,0.88518,0.88526,1.50,1.62
2018.01.19 20:45:01.166,0.88517,0.88524,1.37,2.00
2018.01.19 20:45:02.669,0.88515,0.88524,3.75,3.19
2018.01.19 20:45:04.433,0.88516,0.88524,1.37,1.94
2018.01.19 20:45:07.359,0.88516,0.88523,1.37,1.25
2018.01.19 20:45:08.236,0.88515,0.88523,1.50,2.44
2018.01.19 20:45:19.198,0.88515,0.88523,2.25,2.44
2018.01.19 20:45:22.951,0.88515,0.88523,2.25,2.44
2018.01.19 20:45:26.537,0.88516,0.88525,3.00,3.19
2018.01.19 20:45:27.537,0.88516,0.88524,3.00,1.62
2018.01.19 20:45:31.090,0.88515,0.88522,1.12,1.37
2018.01.19 20:45:32.338,0.88514,0.88522,1.69,1.37
2018.01.19 20:45:41.438,0.88513,0.88522,3.00,3.56
2018.01.19 20:45:48.718,0.88514,0.88522,1.37,2.06
2018.01.19 20:45:49.253,0.88514,0.88522,1.50,2.06
2018.01.19 20:45:51.723,0.88513,0.88522,1.69,2.81
2018.01.19 20:45:52.287,0.88513,0.88522,1.69,2.81
2018.01.19 20:45:53.770,0.88513,0.88521,1.69,1.12
2018.01.19 20:45:58.504,0.88514,0.88522,1.37,2.06
2018.01.19 20:46:03.310,0.88514,0.8852,1.00,1.12
2018.01.19 20:46:11.386,0.88513,0.88521,2.06,1.50
2018.01.19 20:46:12.853,0.88514,0.88521,1.00,2.25
2018.01.19 20:46:13.372,0.88513,0.88521,1.69,2.62
2018.01.19 20:46:18.518,0.88512,0.88519,1.69,1.37
2018.01.19 20:46:19.049,0.88512,0.88518,1.00,1.12
2018.01.19 20:46:19.441,0.88511,0.88518,2.25,1.50
2018.01.19 20:46:19.545,0.8851,0.88516,1.31,1.00
2018.01.19 20:46:20.813,0.88511,0.88518,1.12,1.87
2018.01.19 20:46:20.867,0.88512,0.88518,1.50,1.37
2018.01.19 20:46:21.946,0.88512,0.88518,1.12,1.50
2018.01.19 20:46:22.407,0.88509,0.88514,1.00,1.12
2018.01.19 20:46:22.722,0.88508,0.88515,1.62,1.50
2018.01.19 20:46:22.775,0.88513,0.88521,1.87,2.44
2018.01.19 20:46:24.455,0.88513,0.88521,2.62,1.69
2018.01.19 20:46:34.907,0.88515,0.88521,1.50,1.00
2018.01.19 20:46:38.314,0.88513,0.8852,1.87,1.00
2018.01.19 20:46:38.847,0.88513,0.88521,2.62,2.06
2018.01.19 20:46:39.596,0.88513,0.88521,2.62,2.06
2018.01.19 20:46:52.237,0.88514,0.88522,1.87,1.69
2018.01.19 20:46:59.856,0.88516,0.88523,1.50,1.31
2018.01.19 20:47:19.335,0.88515,0.88522,1.87,1.31
2018.01.19 20:47:20.769,0.88516,0.88522,1.00,1.31
2018.01.19 20:47:21.788,0.88515,0.88522,1.87,1.31
2018.01.19 20:47:26.955,0.88516,0.88522,1.00,1.31
2018.01.19 20:47:29.763,0.88515,0.88523,1.87,2.44
2018.01.19 20:47:29.869,0.88515,0.88523,1.87,2.44
2018.01.19 20:47:30.653,0.88516,0.88523,1.50,1.31
2018.01.19 20:47:38.114,0.88515,0.88523,2.62,1.69
2018.01.19 20:47:38.221,0.88517,0.88524,1.50,1.69
2018.01.19 20:47:40.029,0.88517,0.88525,1.12,1.50
2018.01.19 20:47:40.080,0.88516,0.88524,4.12,1.31
2018.01.19 20:47:41.191,0.88518,0.88525,1.50,1.25
2018.01.19 20:47:41.703,0.88518,0.88526,1.75,2.81
2018.01.19 20:47:45.182,0.88517,0.88525,3.37,1.69
2018.01.19 20:47:45.898,0.88517,0.88523,1.37,1.25
2018.01.19 20:47:52.958,0.88517,0.88523,1.37,1.19
2018.01.19 20:47:53.562,0.88517,0.88523,1.37,1.25
2018.01.19 20:47:54.307,0.88515,0.88522,1.87,1.25
2018.01.19 20:47:55.552,0.88516,0.88522,1.00,1.25
2018.01.19 20:47:57.849,0.88515,0.88523,2.62,1.31
2018.01.19 20:47:58.389,0.88516,0.88523,1.50,1.31
2018.01.19 20:47:59.158,0.88515,0.88522,1.87,1.25
2018.01.19 20:48:00.338,0.88515,0.88522,1.37,1.25
2018.01.19 20:48:02.624,0.88515,0.88522,1.37,1.25
2018.01.19 20:48:03.887,0.88515,0.88522,1.37,1.25
2018.01.19 20:48:08.788,0.88515,0.88522,1.37,1.31
2018.01.19 20:48:10.326,0.88516,0.88523,1.37,1.69
2018.01.19 20:48:11.581,0.88516,0.88523,1.50,1.69
2018.01.19 20:48:21.507,0.88515,0.88522,1.50,1.50
2018.01.19 20:48:22.497,0.88515,0.88523,3.00,1.31
2018.01.19 20:48:45.319,0.88515,0.88523,3.00,1.69
2018.01.19 20:48:46.535,0.88515,0.88523,2.25,1.31
2018.01.19 20:48:47.373,0.88515,0.88523,2.25,1.69
2018.01.19 20:48:50.525,0.88515,0.88522,1.50,2.81
2018.01.19 20:48:51.076,0.88514,0.88522,1.37,2.44
2018.01.19 20:48:51.591,0.88514,0.88522,2.62,1.25
2018.01.19 20:48:56.972,0.88516,0.88524,1.50,2.81
2018.01.19 20:48:59.267,0.88516,0.88524,2.25,1.69
2018.01.19 20:49:05.430,0.88516,0.88524,3.00,2.44
2018.01.19 20:49:06.790,0.88516,0.88522,1.37,1.12
2018.01.19 20:49:22.549,0.88516,0.88522,1.37,1.31
2018.01.19 20:49:23.148,0.88514,0.88522,2.25,1.69
2018.01.19 20:49:24.797,0.88515,0.88523,1.37,3.19
2018.01.19 20:49:25.331,0.88515,0.88523,1.50,2.81
2018.01.19 20:49:29.114,0.88516,0.88523,1.37,2.81
2018.01.19 20:49:41.998,0.88516,0.88523,2.25,1.31
2018.01.19 20:49:51.530,0.8852,0.88525,1.37,1.25
2018.01.19 20:49:51.581,0.8852,0.88527,1.50,1.19
2018.01.19 20:49:52.600,0.88521,0.88527,1.87,1.25
2018.01.19 20:49:52.703,0.8852,0.88527,3.00,1.31
2018.01.19 20:49:52.755,0.8852,0.88525,3.00,1.25
2018.01.19 20:49:52.807,0.8852,0.88526,2.25,1.25
2018.01.19 20:49:53.357,0.8852,0.88527,1.50,1.25
2018.01.19 20:49:53.862,0.8852,0.88527,1.12,2.06
2018.01.19 20:49:54.345,0.88519,0.88525,1.50,2.06
2018.01.19 20:49:54.399,0.88518,0.88526,2.25,1.69
2018.01.19 20:49:55.161,0.88518,0.88525,1.50,2.06
2018.01.19 20:49:57.981,0.88518,0.88525,1.12,1.00
2018.01.19 20:49:58.619,0.88518,0.88527,3.56,2.81
2018.01.19 20:49:59.148,0.8852,0.88528,1.69,1.50
2018.01.19 20:50:00.153,0.88523,0.8853,1.00,1.31
2018.01.19 20:50:00.477,0.88534,0.8854,1.50,1.50
2018.01.19 20:50:00.530,0.88534,0.88542,1.69,1.00
2018.01.19 20:50:00.705,0.88535,0.88543,2.06,1.50
2018.01.19 20:50:00.936,0.88536,0.88542,1.19,1.00
2018.01.19 20:50:01.356,0.88536,0.88544,1.19,1.87
2018.01.19 20:50:01.876,0.88536,0.88543,1.31,1.00
2018.01.19 20:50:01.974,0.88536,0.88543,1.69,1.00
2018.01.19 20:50:02.299,0.88537,0.88545,1.69,2.62
2018.01.19 20:50:02.612,0.88541,0.88547,1.00,1.50
2018.01.19 20:50:03.439,0.88541,0.88548,2.06,1.00
2018.01.19 20:50:03.985,0.88543,0.8855,1.62,1.12
2018.01.19 20:50:04.446,0.88544,0.88552,1.56,2.62
2018.01.19 20:50:04.884,0.88544,0.88551,2.44,1.87
2018.01.19 20:50:04.936,0.88544,0.88551,1.69,2.25
2018.01.19 20:50:04.988,0.88544,0.8855,1.12,1.75
2018.01.19 20:50:05.394,0.88546,0.88551,1.19,1.12
2018.01.19 20:50:05.501,0.88544,0.88552,2.06,3.00
2018.01.19 20:50:06.326,0.88541,0.88547,3.00,1.00
2018.01.19 20:50:06.534,0.88541,0.88549,1.12,1.69
2018.01.19 20:50:11.555,0.88539,0.88548,3.56,2.25
2018.01.19 20:50:11.733,0.88541,0.88548,1.31,1.00
2018.01.19 20:50:12.276,0.88541,0.88548,1.31,1.37
2018.01.19 20:50:12.653,0.88542,0.88549,2.06,1.50
2018.01.19 20:50:14.437,0.88542,0.8855,1.56,1.87
2018.01.19 20:50:16.544,0.88541,0.88549,2.81,1.37
2018.01.19 20:50:17.366,0.88541,0.88549,2.06,2.25
2018.01.19 20:50:19.389,0.8854,0.88548,1.69,2.25
2018.01.19 20:50:20.010,0.8854,0.88548,1.69,1.50
2018.01.19 20:50:21.105,0.88539,0.88545,1.31,1.12
2018.01.19 20:50:21.751,0.88537,0.88545,1.56,1.12
2018.01.19 20:50:23.216,0.88535,0.88543,2.44,1.12
2018.01.19 20:50:23.728,0.88535,0.88542,2.44,1.00
2018.01.19 20:50:24.257,0.88535,0.88542,1.31,1.50
2018.01.19 20:50:24.806,0.88534,0.88541,2.44,1.00
2018.01.19 20:50:25.312,0.88535,0.88542,1.31,1.12
2018.01.19 20:50:28.664,0.88536,0.88544,1.25,2.62
2018.01.19 20:50:29.210,0.88536,0.88543,1.31,1.00
2018.01.19 20:50:29.476,0.88537,0.88546,3.19,2.25
2018.01.19 20:50:30.253,0.88537,0.88546,3.56,2.25
2018.01.19 20:50:36.806,0.8854,0.88547,1.25,1.50
2018.01.19 20:50:37.811,0.88541,0.88549,2.44,1.00
2018.01.19 20:50:38.313,0.88541,0.8855,3.19,2.25
2018.01.19 20:50:41.238,0.88542,0.88549,1.62,1.00
2018.01.19 20:50:42.287,0.8854,0.88546,1.69,1.12
2018.01.19 20:50:42.338,0.88539,0.88546,2.06,1.12
2018.01.19 20:50:44.450,0.88538,0.88545,1.62,1.00
2018.01.19 20:50:46.108,0.88537,0.88544,3.19,1.00
2018.01.19 20:50:46.959,0.88537,0.88545,3.19,1.50
2018.01.19 20:50:48.915,0.88537,0.88545,3.19,1.87
2018.01.19 20:50:54.930,0.8854,0.88545,1.00,2.25
2018.01.19 20:51:01.866,0.8854,0.88546,1.00,1.87
2018.01.19 20:51:05.607,0.8854,0.88546,1.00,1.50
2018.01.19 20:51:10.231,0.8854,0.88545,1.00,1.00
2018.01.19 20:51:11.596,0.8854,0.88546,1.00,1.50
2018.01.19 20:51:12.467,0.8854,0.88546,1.00,1.50
2018.01.19 20:51:18.363,0.88541,0.88546,1.00,1.87
2018.01.19 20:51:20.194,0.88541,0.88546,1.00,1.50
2018.01.19 20:51:24.140,0.88542,0.88547,1.12,2.25
2018.01.19 20:51:24.571,0.88541,0.88548,1.69,1.00
2018.01.19 20:51:26.105,0.88542,0.8855,1.69,2.62
2018.01.19 20:51:26.756,0.88543,0.88552,2.06,2.62
2018.01.19 20:51:27.307,0.88545,0.88552,2.44,1.12
2018.01.19 20:51:27.410,0.88547,0.88554,1.69,1.12
2018.01.19 20:51:27.726,0.88548,0.88556,2.06,3.00
2018.01.19 20:51:28.394,0.88548,0.88556,1.69,2.25
2018.01.19 20:51:28.497,0.88547,0.88555,3.56,1.12
2018.01.19 20:51:29.057,0.88547,0.88554,2.44,1.12
2018.01.19 20:51:29.732,0.88547,0.88554,1.25,1.12
2018.01.19 20:51:29.990,0.88546,0.88552,1.69,1.00
2018.01.19 20:51:30.043,0.88544,0.88551,1.56,1.12
2018.01.19 20:51:32.127,0.88545,0.88553,1.69,1.75
2018.01.19 20:51:32.679,0.88545,0.88553,2.44,1.50
2018.01.19 20:51:34.147,0.88546,0.88554,2.06,2.62
2018.01.19 20:51:35.322,0.88549,0.88555,1.37,1.50
2018.01.19 20:51:35.374,0.8855,0.88556,1.00,1.00
2018.01.19 20:51:35.948,0.88549,0.88556,1.31,1.87
2018.01.19 20:51:36.449,0.88548,0.88556,2.06,1.87
2018.01.19 20:51:38.657,0.88547,0.88555,1.31,1.50
2018.01.19 20:51:44.062,0.88547,0.88554,1.25,1.50
2018.01.19 20:51:44.816,0.88546,0.88554,1.69,1.50
2018.01.19 20:51:45.358,0.88545,0.88554,3.56,1.50
2018.01.19 20:51:51.160,0.88545,0.88554,3.56,1.50
2018.01.19 20:51:51.262,0.88545,0.88554,3.56,1.50
2018.01.19 20:51:57.242,0.88545,0.88551,2.44,1.00
2018.01.19 20:51:57.452,0.88541,0.88549,2.81,1.50
2018.01.19 20:52:01.164,0.88541,0.88549,2.44,1.12
2018.01.19 20:52:01.266,0.88544,0.88551,1.69,1.12
2018.01.19 20:52:01.522,0.88545,0.88553,2.44,1.50
2018.01.19 20:52:02.252,0.88546,0.88554,1.56,3.37
2018.01.19 20:52:02.796,0.88547,0.88554,1.31,1.50
2018.01.19 20:52:03.513,0.88547,0.88553,1.31,1.00
2018.01.19 20:52:04.025,0.88547,0.88554,1.19,1.50
2018.01.19 20:52:07.032,0.88547,0.88554,1.00,1.87
2018.01.19 20:52:07.135,0.88541,0.8855,2.25,3.94
2018.01.19 20:52:07.187,0.8854,0.88546,4.12,1.37
2018.01.19 20:52:07.641,0.88539,0.88546,1.31,1.12
2018.01.19 20:52:08.766,0.88537,0.88545,1.31,1.50
2018.01.19 20:52:18.800,0.88537,0.88544,1.31,1.12
2018.01.19 20:52:20.433,0.88538,0.88545,1.31,1.00
2018.01.19 20:52:20.974,0.88539,0.88545,1.19,1.00
2018.01.19 20:52:24.862,0.8854,0.88545,1.19,1.00
2018.01.19 20:52:25.220,0.88541,0.88547,1.69,1.37
2018.01.19 20:52:25.272,0.88542,0.88548,1.19,1.12
2018.01.19 20:52:25.546,0.88544,0.8855,1.19,1.87
2018.01.19 20:52:26.449,0.88544,0.8855,1.19,2.25
2018.01.19 20:52:26.666,0.88542,0.88549,1.31,2.25
2018.01.19 20:52:27.180,0.88542,0.88548,1.31,1.12
2018.01.19 20:52:28.237,0.88541,0.88548,1.56,1.12
2018.01.19 20:52:28.740,0.88542,0.88548,1.31,1.12
2018.01.19 20:52:29.383,0.88542,0.88548,1.31,1.12
2018.01.19 20:52:30.358,0.88542,0.88548,1.31,1.12
2018.01.19 20:52:32.116,0.88542,0.88549,1.69,1.00
2018.01.19 20:52:36.416,0.88542,0.88549,1.31,1.87
2018.01.19 20:52:37.532,0.88542,0.88546,1.31,1.00
2018.01.19 20:52:37.847,0.88536,0.88542,1.19,1.50
2018.01.19 20:52:39.415,0.88537,0.88544,2.44,1.87
2018.01.19 20:52:39.467,0.88539,0.88544,1.31,1.12
2018.01.19 20:52:39.997,0.88538,0.88544,1.19,1.00
2018.01.19 20:52:42.411,0.88537,0.88545,2.44,1.87
2018.01.19 20:52:43.222,0.88536,0.88544,1.31,1.87
2018.01.19 20:52:43.919,0.88536,0.88544,1.31,2.25
2018.01.19 20:52:43.972,0.88536,0.88543,2.44,1.00
2018.01.19 20:52:44.182,0.88539,0.88546,1.69,1.87
2018.01.19 20:52:46.050,0.8854,0.88548,1.69,1.75
2018.01.19 20:52:46.152,0.88543,0.88549,1.00,1.12
2018.01.19 20:52:47.533,0.88541,0.88548,2.06,1.00
2018.01.19 20:52:48.445,0.88539,0.88546,2.81,1.00
2018.01.19 20:52:50.552,0.8854,0.88548,3.19,1.75
2018.01.19 20:52:51.587,0.8854,0.88547,1.69,1.12
2018.01.19 20:52:52.125,0.88539,0.88547,4.69,1.50
2018.01.19 20:52:52.692,0.88544,0.8855,1.25,1.00
2018.01.19 20:52:52.748,0.88543,0.8855,1.31,1.12
2018.01.19 20:52:52.853,0.88545,0.88553,2.44,1.87
2018.01.19 20:52:53.796,0.88545,0.88554,3.56,1.50
2018.01.19 20:52:54.440,0.88546,0.88554,1.25,1.50
2018.01.19 20:52:55.427,0.88546,0.88554,1.69,1.12
2018.01.19 20:52:56.534,0.88547,0.88555,1.69,1.87
2018.01.19 20:53:01.186,0.88547,0.88553,1.25,1.00
2018.01.19 20:53:05.030,0.88545,0.88548,1.00,1.12
2018.01.19 20:53:05.082,0.88541,0.88547,2.44,1.50
2018.01.19 20:53:05.135,0.88539,0.88545,2.06,1.00
2018.01.19 20:53:06.519,0.88539,0.88545,1.12,1.12
2018.01.19 20:53:07.051,0.88542,0.88549,1.31,1.12
2018.01.19 20:53:08.304,0.88542,0.8855,1.69,2.25
2018.01.19 20:53:09.433,0.8854,0.88546,1.25,1.37
2018.01.19 20:53:10.152,0.88537,0.88543,1.31,1.37
2018.01.19 20:53:10.572,0.88534,0.88541,2.06,1.12
2018.01.19 20:53:11.115,0.88534,0.88541,1.56,1.50
2018.01.19 20:53:12.469,0.88534,0.88541,1.56,1.12
2018.01.19 20:53:14.677,0.88536,0.88544,1.69,1.12
2018.01.19 20:53:17.205,0.88537,0.88543,1.31,1.75
2018.01.19 20:53:17.257,0.88535,0.88542,1.56,1.75
2018.01.19 20:53:19.341,0.88533,0.8854,3.19,1.12
2018.01.19 20:53:26.305,0.88533,0.88538,1.62,1.12
2018.01.19 20:53:26.823,0.88532,0.8854,1.69,1.75
2018.01.19 20:53:27.514,0.88533,0.88539,1.19,1.37
2018.01.19 20:53:27.565,0.88532,0.88539,1.31,1.37
2018.01.19 20:53:37.965,0.88532,0.8854,3.19,1.50
2018.01.19 20:53:41.369,0.88532,0.8854,3.19,1.75
2018.01.19 20:53:43.525,0.88532,0.88539,1.69,1.50
2018.01.19 20:53:44.066,0.8853,0.88537,2.44,1.12
2018.01.19 20:53:45.099,0.88531,0.88538,2.06,1.12
2018.01.19 20:53:45.752,0.8853,0.88538,3.19,1.50
2018.01.19 20:53:48.030,0.8853,0.88538,3.19,1.87
2018.01.19 20:53:49.478,0.88533,0.8854,1.25,2.25
2018.01.19 20:53:49.789,0.88535,0.88543,1.56,1.50
2018.01.19 20:53:49.945,0.88539,0.88546,1.00,2.62
2018.01.19 20:53:49.996,0.88537,0.88542,1.19,1.50
2018.01.19 20:53:50.048,0.88535,0.88542,1.25,1.50
2018.01.19 20:53:50.199,0.88537,0.88544,1.87,1.87
2018.01.19 20:53:50.510,0.88532,0.88538,1.19,1.12
2018.01.19 20:53:50.613,0.8853,0.88537,1.56,1.00
2018.01.19 20:53:51.131,0.8853,0.88536,1.56,1.00
2018.01.19 20:53:52.404,0.8853,0.88538,1.56,2.25
2018.01.19 20:53:53.905,0.8853,0.88536,1.56,1.00
2018.01.19 20:53:55.385,0.8853,0.88537,1.56,1.00
2018.01.19 20:53:56.294,0.88529,0.88536,2.44,1.00
2018.01.19 20:53:56.606,0.88531,0.88537,1.56,1.00
2018.01.19 20:53:57.532,0.88531,0.88537,1.56,1.00
2018.01.19 20:53:59.163,0.88531,0.88538,1.56,1.87
2018.01.19 20:53:59.921,0.88531,0.88537,1.56,1.00
2018.01.19 20:54:00.424,0.8853,0.88536,2.06,1.00
2018.01.19 20:54:00.934,0.88529,0.88537,3.19,1.12
2018.01.19 20:54:01.437,0.88529,0.88536,2.06,1.12
2018.01.19 20:54:08.404,0.88529,0.88535,1.56,1.00
2018.01.19 20:54:09.727,0.88529,0.88535,1.56,1.50
2018.01.19 20:54:10.771,0.88531,0.88538,1.69,1.00
2018.01.19 20:54:11.370,0.88531,0.88538,1.69,1.00
2018.01.19 20:54:12.178,0.88529,0.88537,2.44,1.12
2018.01.19 20:54:12.831,0.88529,0.88537,2.44,1.50
2018.01.19 20:54:13.141,0.88528,0.88534,1.31,1.00
2018.01.19 20:54:13.705,0.88528,0.88536,1.69,2.62
2018.01.19 20:54:14.580,0.88529,0.88535,1.56,1.12
2018.01.19 20:54:21.222,0.88531,0.88538,1.56,3.00
2018.01.19 20:54:32.082,0.88533,0.8854,1.31,2.62
2018.01.19 20:54:32.133,0.88534,0.8854,1.19,1.00
2018.01.19 20:54:32.634,0.88534,0.88539,1.19,1.12
2018.01.19 20:54:32.950,0.88531,0.88537,1.69,1.00
2018.01.19 20:54:34.097,0.88531,0.88538,1.69,1.00
2018.01.19 20:54:36.170,0.88531,0.88539,3.19,1.12
2018.01.19 20:54:39.827,0.88531,0.88539,1.94,1.37
2018.01.19 20:54:42.605,0.88531,0.88537,2.06,1.00
2018.01.19 20:54:42.812,0.8853,0.88537,1.69,1.12
2018.01.19 20:54:43.595,0.88529,0.88536,3.56,1.00
2018.01.19 20:54:46.784,0.88528,0.88537,4.31,2.25
2018.01.19 20:54:50.088,0.88528,0.88536,3.56,1.12
2018.01.19 20:54:52.875,0.88529,0.88536,1.69,1.50
2018.01.19 20:54:55.423,0.88529,0.88536,1.56,1.12
2018.01.19 20:55:01.198,0.88529,0.88536,1.62,2.25
2018.01.19 20:55:01.507,0.88533,0.88539,2.06,1.12
2018.01.19 20:55:03.225,0.88529,0.88537,2.44,1.50
2018.01.19 20:55:06.166,0.88526,0.88532,1.69,1.12
2018.01.19 20:55:06.678,0.88525,0.88532,1.56,1.50
2018.01.19 20:55:29.260,0.88523,0.88531,3.19,1.50
2018.01.19 20:55:30.329,0.88526,0.88533,1.56,2.62
2018.01.19 20:55:30.381,0.88527,0.88534,1.69,3.94
2018.01.19 20:55:30.433,0.88527,0.88535,2.44,2.25
2018.01.19 20:55:30.485,0.88527,0.88533,1.69,1.12
2018.01.19 20:55:31.160,0.88526,0.88533,2.44,1.50
2018.01.19 20:55:31.696,0.88527,0.88534,1.69,1.50
2018.01.19 20:55:34.134,0.88527,0.88534,2.44,1.50
2018.01.19 20:55:35.338,0.88527,0.88534,2.44,1.50
2018.01.19 20:55:36.442,0.88528,0.88535,1.56,2.25
2018.01.19 20:55:39.763,0.88528,0.88535,1.56,2.25
2018.01.19 20:55:40.126,0.88527,0.88532,1.31,1.12
2018.01.19 20:55:40.672,0.88525,0.88533,2.44,2.25
2018.01.19 20:55:41.249,0.88527,0.88533,1.31,2.25
2018.01.19 20:55:41.808,0.88527,0.88533,1.56,1.37
2018.01.19 20:55:42.310,0.88527,0.88534,2.06,2.25
2018.01.19 20:55:43.533,0.88527,0.88534,2.81,1.50
2018.01.19 20:55:48.105,0.88528,0.88533,1.31,1.50
2018.01.19 20:55:48.887,0.88528,0.88533,1.56,1.12
2018.01.19 20:55:49.587,0.88528,0.88533,1.56,1.12
2018.01.19 20:55:50.530,0.88526,0.88533,3.56,1.50
2018.01.19 20:55:51.138,0.88526,0.88532,2.06,1.12
2018.01.19 20:55:53.440,0.88527,0.88532,1.62,1.12
2018.01.19 20:55:54.753,0.88528,0.88533,2.06,1.12
2018.01.19 20:55:57.397,0.88528,0.88533,1.31,1.12
2018.01.19 20:56:01.797,0.88528,0.88535,2.06,2.25
2018.01.19 20:56:02.521,0.88528,0.88535,1.31,2.25
2018.01.19 20:56:03.035,0.88528,0.88534,1.31,1.00
2018.01.19 20:56:03.607,0.88528,0.88534,2.06,1.00
2018.01.19 20:56:04.691,0.88529,0.88536,2.06,1.50
2018.01.19 20:56:04.744,0.88529,0.88535,2.06,1.12
2018.01.19 20:56:05.133,0.88529,0.88533,1.31,1.00
2018.01.19 20:56:09.187,0.88528,0.88532,1.31,1.00
2018.01.19 20:56:10.753,0.88529,0.88534,1.31,1.00
2018.01.19 20:56:11.284,0.88528,0.88533,1.56,1.00
2018.01.19 20:56:11.817,0.88529,0.88534,1.31,1.00
2018.01.19 20:56:17.117,0.88529,0.88533,1.31,1.00
2018.01.19 20:56:18.431,0.88529,0.88532,1.12,1.00
2018.01.19 20:56:21.321,0.88528,0.88533,1.56,1.12
2018.01.19 20:56:21.944,0.88528,0.88534,1.56,1.50
2018.01.19 20:56:22.478,0.88528,0.88533,1.56,1.50
2018.01.19 20:56:23.473,0.88529,0.88534,1.31,1.75
2018.01.19 20:56:26.215,0.88528,0.88533,1.56,1.50
2018.01.19 20:56:26.815,0.88526,0.88531,1.31,1.00
2018.01.19 20:56:31.121,0.88526,0.8853,1.31,1.00
2018.01.19 20:56:31.428,0.88523,0.88527,1.31,1.00
2018.01.19 20:56:31.943,0.88522,0.88526,1.31,1.00
2018.01.19 20:56:53.625,0.88522,0.88527,1.50,1.00
2018.01.19 20:57:00.389,0.88521,0.88526,2.44,1.00
2018.01.19 20:57:21.707,0.88523,0.88527,1.00,1.00
2018.01.19 20:57:22.411,0.88523,0.88528,1.50,1.00
2018.01.19 20:57:23.433,0.88523,0.88529,2.25,1.00
2018.01.19 20:57:23.741,0.88525,0.88532,1.50,2.44
2018.01.19 20:57:24.709,0.88525,0.8853,1.50,1.00
2018.01.19 20:57:26.509,0.88526,0.88531,1.50,1.00
2018.01.19 20:57:30.147,0.88526,0.88533,1.69,1.00
2018.01.19 20:57:33.348,0.88527,0.88534,2.06,1.00
2018.01.19 20:57:33.858,0.88527,0.88533,2.06,1.00
2018.01.19 20:57:34.374,0.88528,0.88532,1.00,1.00
2018.01.19 20:57:34.880,0.88527,0.88532,1.69,1.00
2018.01.19 20:57:35.385,0.88527,0.88532,2.44,1.00
2018.01.19 20:57:35.650,0.88529,0.88535,1.12,1.00
2018.01.19 20:57:35.701,0.88528,0.88534,1.12,1.00
2018.01.19 20:57:36.112,0.88529,0.88533,1.00,1.00
2018.01.19 20:57:36.214,0.8853,0.88535,1.00,1.00
2018.01.19 20:57:36.265,0.88527,0.88533,2.06,1.00
2018.01.19 20:57:36.586,0.88529,0.88536,1.87,1.31
2018.01.19 20:57:36.638,0.88529,0.88535,2.25,1.00
2018.01.19 20:57:37.144,0.88529,0.88534,1.69,1.00
2018.01.19 20:57:37.886,0.88529,0.88535,1.69,1.00
2018.01.19 20:57:38.220,0.88528,0.88534,1.69,1.00
2018.01.19 20:57:38.629,0.88527,0.88532,1.69,1.00
2018.01.19 20:57:39.143,0.88527,0.88533,1.69,1.00
2018.01.19 20:57:39.653,0.88528,0.88534,1.37,1.00
2018.01.19 20:57:40.657,0.88528,0.88534,1.37,1.00
2018.01.19 20:57:43.141,0.88528,0.88535,1.56,1.00
2018.01.19 20:57:43.556,0.88533,0.88537,1.12,1.00
2018.01.19 20:57:43.921,0.8853,0.88534,1.12,1.00
2018.01.19 20:57:44.027,0.88529,0.88535,1.50,1.12
2018.01.19 20:57:44.081,0.88526,0.88532,2.06,1.00
2018.01.19 20:57:44.134,0.88526,0.88531,1.69,1.00
2018.01.19 20:57:44.645,0.88526,0.88531,1.50,1.00
2018.01.19 20:57:44.700,0.88527,0.88531,1.00,1.00
2018.01.19 20:57:44.908,0.88522,0.88529,4.31,1.00
2018.01.19 20:57:45.214,0.88522,0.88528,2.25,1.00
2018.01.19 20:57:47.597,0.88528,0.88532,1.37,1.31
2018.01.19 20:57:48.108,0.88527,0.88531,1.50,1.00
2018.01.19 20:57:48.537,0.88526,0.8853,1.25,1.00
2018.01.19 20:57:48.592,0.88522,0.88528,1.56,1.00
2018.01.19 20:57:49.258,0.88522,0.88529,2.06,1.12
2018.01.19 20:57:50.006,0.88522,0.8853,2.06,2.25
2018.01.19 20:57:50.175,0.88523,0.88528,1.69,1.00
2018.01.19 20:57:50.325,0.88523,0.88529,2.44,1.12
2018.01.19 20:57:53.150,0.88523,0.88531,2.25,1.69
2018.01.19 20:57:53.502,0.88521,0.88527,2.62,1.00
2018.01.19 20:57:55.090,0.88521,0.88529,2.62,1.50
2018.01.19 20:57:55.631,0.88521,0.88528,1.50,1.50
2018.01.19 20:57:56.198,0.88521,0.88526,1.50,1.00
2018.01.19 20:57:56.301,0.88522,0.88526,1.00,1.00
2018.01.19 20:57:57.128,0.88521,0.88527,3.00,1.00
2018.01.19 20:57:57.723,0.88522,0.88529,1.37,1.00
2018.01.19 20:57:58.212,0.88524,0.88529,1.37,1.00
2018.01.19 20:57:58.738,0.88524,0.8853,1.87,1.00
2018.01.19 20:57:59.117,0.88533,0.88537,1.12,1.25
2018.01.19 20:57:59.271,0.88534,0.88538,1.00,1.00
2018.01.19 20:57:59.323,0.88534,0.88541,2.25,1.00
2018.01.19 20:57:59.670,0.88535,0.88543,2.25,1.25
2018.01.19 20:57:59.723,0.88537,0.88542,1.87,1.00
2018.01.19 20:57:59.774,0.88538,0.88543,1.87,1.00
2018.01.19 20:57:59.931,0.8854,0.88545,1.37,1.00
2018.01.19 20:58:00.086,0.8854,0.88547,1.50,1.00
2018.01.19 20:58:00.197,0.88544,0.88548,1.00,1.00
2018.01.19 20:58:00.748,0.88544,0.88549,1.37,1.00
2018.01.19 20:58:00.824,0.88544,0.88552,1.37,2.44
2018.01.19 20:58:01.030,0.88542,0.8855,1.50,1.00
2018.01.19 20:58:01.082,0.8854,0.88548,2.25,1.00
2018.01.19 20:58:01.390,0.88541,0.8855,1.75,1.00
2018.01.19 20:58:01.845,0.88543,0.88551,2.25,1.69
2018.01.19 20:58:02.583,0.88543,0.8855,1.75,1.00
2018.01.19 20:58:03.335,0.88543,0.88549,1.37,1.00
2018.01.19 20:58:03.932,0.88543,0.88552,1.37,1.25
2018.01.19 20:58:04.088,0.88544,0.88552,2.62,1.00
2018.01.19 20:58:04.401,0.88546,0.88554,1.87,1.00
2018.01.19 20:58:04.948,0.88546,0.88553,1.37,1.00
2018.01.19 20:58:10.832,0.88549,0.88557,1.37,2.44
2018.01.19 20:58:11.786,0.88551,0.88559,1.75,1.25
2018.01.19 20:58:11.839,0.88554,0.8856,1.12,1.00
2018.01.19 20:58:11.995,0.88554,0.88562,1.50,1.00
2018.01.19 20:58:12.191,0.88556,0.88564,1.37,1.69
2018.01.19 20:58:12.501,0.88558,0.88566,1.37,1.25
2018.01.19 20:58:12.809,0.88558,0.88566,1.37,3.19
2018.01.19 20:58:13.132,0.88556,0.88563,1.50,1.19
2018.01.19 20:58:13.288,0.88555,0.88563,1.37,1.69
2018.01.19 20:58:13.796,0.88554,0.88562,1.37,1.25
2018.01.19 20:58:14.226,0.88553,0.88559,1.37,1.19
2018.01.19 20:58:14.434,0.88554,0.88562,1.37,1.69
2018.01.19 20:58:15.110,0.88554,0.88561,1.37,1.19
2018.01.19 20:58:15.213,0.88552,0.8856,1.87,1.69
2018.01.19 20:58:15.317,0.88554,0.88561,1.37,1.00
2018.01.19 20:58:15.369,0.88554,0.88562,1.37,1.69
2018.01.19 20:58:15.916,0.88554,0.88562,1.37,1.69
2018.01.19 20:58:16.427,0.88555,0.88563,1.37,1.25
2018.01.19 20:58:17.005,0.88555,0.88563,1.37,1.69
2018.01.19 20:58:17.527,0.88555,0.88563,1.37,2.06
2018.01.19 20:58:19.132,0.88554,0.88562,1.37,2.00
2018.01.19 20:58:19.850,0.88554,0.88562,1.37,1.31
2018.01.19 20:58:20.124,0.88555,0.88563,1.50,1.69
2018.01.19 20:58:20.434,0.88552,0.8856,1.91,1.12
2018.01.19 20:58:20.967,0.88551,0.88559,1.69,1.00
2018.01.19 20:58:21.416,0.88553,0.88561,1.50,2.06
2018.01.19 20:58:21.569,0.88556,0.88563,1.37,1.12
2018.01.19 20:58:22.114,0.88554,0.88562,1.37,2.06
2018.01.19 20:58:22.491,0.88553,0.88561,1.37,2.06
2018.01.19 20:58:23.145,0.88554,0.88561,1.37,1.31
2018.01.19 20:58:23.197,0.88552,0.88559,1.87,1.25
2018.01.19 20:58:23.558,0.88551,0.88559,1.50,2.06
2018.01.19 20:58:23.817,0.88552,0.88559,1.37,1.31
2018.01.19 20:58:23.920,0.88552,0.88559,1.12,2.44
2018.01.19 20:58:24.363,0.8855,0.88558,1.50,1.31
2018.01.19 20:58:24.467,0.88551,0.88558,1.37,1.31
2018.01.19 20:58:24.906,0.8855,0.88558,1.00,2.06
2018.01.19 20:58:25.351,0.88548,0.88556,1.31,1.87
2018.01.19 20:58:26.391,0.88548,0.88555,1.37,1.00
2018.01.19 20:58:26.895,0.88548,0.88556,1.37,2.44
2018.01.19 20:58:27.113,0.88548,0.88556,1.12,2.81
2018.01.19 20:58:27.165,0.88548,0.88556,1.62,1.87
2018.01.19 20:58:27.918,0.88548,0.88555,1.62,1.00
2018.01.19 20:58:28.502,0.88548,0.88556,1.62,1.12
2018.01.19 20:58:29.088,0.88548,0.88555,1.62,1.00
2018.01.19 20:58:32.449,0.88548,0.88556,1.69,1.12
2018.01.19 20:58:33.365,0.88549,0.88557,1.37,3.56
2018.01.19 20:58:33.903,0.88548,0.88556,1.62,1.75
2018.01.19 20:58:34.598,0.88549,0.88556,1.37,1.50
2018.01.19 20:58:35.539,0.88549,0.88556,1.37,1.00
2018.01.19 20:58:35.844,0.8855,0.88558,1.69,3.00
2018.01.19 20:58:36.524,0.8855,0.88558,1.69,2.25
2018.01.19 20:58:37.371,0.8855,0.88558,1.62,2.25
2018.01.19 20:58:40.809,0.8855,0.88558,1.62,2.25
2018.01.19 20:58:43.636,0.8855,0.88558,1.62,2.25
2018.01.19 20:58:45.139,0.88552,0.88558,1.00,1.12
2018.01.19 20:58:45.495,0.88554,0.8856,1.37,1.12
2018.01.19 20:58:45.546,0.88553,0.88561,1.50,2.44
2018.01.19 20:58:47.169,0.88555,0.88561,1.37,1.00
2018.01.19 20:58:47.405,0.8855,0.8856,1.50,3.56
2018.01.19 20:58:48.435,0.88551,0.88558,1.00,2.06
2018.01.19 20:58:48.948,0.8855,0.88558,1.12,3.56
2018.01.19 20:58:49.472,0.88548,0.88556,1.69,1.00
2018.01.19 20:58:50.023,0.88549,0.88557,1.37,2.44
2018.01.19 20:58:50.632,0.88548,0.88556,1.69,1.00
2018.01.19 20:58:51.296,0.88549,0.88557,1.37,2.44
2018.01.19 20:58:55.954,0.8855,0.88557,1.12,2.81
2018.01.19 20:58:56.113,0.88545,0.88555,2.06,1.69
2018.01.19 20:58:57.196,0.88547,0.88554,1.37,1.31
2018.01.19 20:58:57.740,0.88547,0.88555,1.37,3.94
2018.01.19 20:58:58.054,0.88551,0.88557,1.00,1.25
2018.01.19 20:58:58.467,0.88549,0.88556,1.00,1.37
2018.01.19 20:58:58.633,0.88543,0.88551,1.37,1.31
2018.01.19 20:58:58.687,0.88542,0.8855,1.37,1.69
2018.01.19 20:58:59.293,0.88542,0.8855,1.37,2.06
2018.01.19 20:58:59.655,0.88541,0.88549,1.37,3.19
2018.01.19 20:59:00.109,0.88538,0.88546,1.62,1.50
2018.01.19 20:59:00.654,0.88537,0.88545,1.50,1.69
2018.01.19 20:59:01.157,0.88538,0.88546,1.50,1.69
2018.01.19 20:59:02.595,0.8854,0.88545,0.37,0.19
