2017.11.20 18:00:00.116,0.85016,0.85021,1.31,1.00
2017.11.20 18:00:00.717,0.85015,0.8502,3.94,1.00
2017.11.20 18:00:03.191,0.85016,0.85022,2.00,1.00
2017.11.20 18:00:03.834,0.85017,0.85021,1.00,1.00
2017.11.20 18:00:04.650,0.85016,0.85022,2.00,1.00
2017.11.20 18:00:06.033,0.85017,0.85021,1.25,1.00
2017.11.20 18:00:06.531,0.85015,0.85021,1.75,1.00
2017.11.20 18:00:06.635,0.85014,0.85019,1.50,1.00
2017.11.20 18:00:07.152,0.85014,0.85018,1.50,1.00
2017.11.20 18:00:09.785,0.85012,0.85018,4.31,1.00
2017.11.20 18:00:10.162,0.85012,0.85016,2.25,1.00
2017.11.20 18:00:10.688,0.85011,0.85016,1.50,1.12
2017.11.20 18:00:12.524,0.85011,0.85015,1.87,1.00
2017.11.20 18:00:12.835,0.85015,0.85019,1.31,1.00
2017.11.20 18:00:13.409,0.85015,0.8502,1.69,1.00
2017.11.20 18:00:14.154,0.85015,0.85021,2.00,1.00
2017.11.20 18:00:19.923,0.85013,0.85019,2.44,1.12
2017.11.20 18:00:20.227,0.85013,0.85018,1.50,1.00
2017.11.20 18:00:28.056,0.85012,0.85017,1.50,1.00
2017.11.20 18:00:34.235,0.85011,0.85018,2.25,1.31
2017.11.20 18:00:34.287,0.85014,0.85019,1.87,1.00
2017.11.20 18:00:34.390,0.85015,0.85019,1.50,1.00
2017.11.20 18:00:35.009,0.85015,0.85021,1.75,1.00
2017.11.20 18:00:38.643,0.85015,0.8502,1.50,1.00
2017.11.20 18:00:38.937,0.85013,0.85018,1.50,1.12
2017.11.20 18:00:39.470,0.85012,0.85017,1.50,1.00
2017.11.20 18:00:40.189,0.85011,0.85015,2.25,1.00
2017.11.20 18:00:44.554,0.8501,0.85016,2.00,1.00
2017.11.20 18:00:51.121,0.85009,0.85014,1.00,1.12
2017.11.20 18:00:51.173,0.85007,0.85011,1.12,1.12
2017.11.20 18:00:51.483,0.85003,0.85008,2.25,1.12
2017.11.20 18:00:52.287,0.85002,0.85006,2.62,1.00
2017.11.20 18:00:52.812,0.85002,0.85006,1.87,1.00
2017.11.20 18:00:54.778,0.85003,0.85009,1.00,1.69
2017.11.20 18:00:55.281,0.85002,0.85008,1.50,1.00
2017.11.20 18:00:56.252,0.85005,0.8501,1.00,2.44
2017.11.20 18:00:57.118,0.85005,0.85009,1.00,1.25
2017.11.20 18:00:57.658,0.85007,0.85011,1.00,2.81
2017.11.20 18:00:58.336,0.85005,0.85011,1.00,3.56
2017.11.20 18:01:00.907,0.85007,0.85011,1.00,1.50
2017.11.20 18:01:03.238,0.85008,0.85012,1.00,2.44
2017.11.20 18:01:04.813,0.85007,0.85011,1.00,1.12
2017.11.20 18:01:05.017,0.85009,0.85014,1.00,1.31
2017.11.20 18:01:05.222,0.8501,0.85014,1.00,1.12
2017.11.20 18:01:05.762,0.85011,0.85015,1.00,2.06
2017.11.20 18:01:07.238,0.85009,0.85014,1.00,2.06
2017.11.20 18:01:07.289,0.85008,0.85013,1.00,1.69
2017.11.20 18:01:11.065,0.85004,0.85008,1.00,1.00
2017.11.20 18:01:11.269,0.85005,0.85009,1.00,2.44
2017.11.20 18:01:13.205,0.85004,0.85008,1.00,1.25
2017.11.20 18:01:13.710,0.85004,0.85008,1.00,1.25
2017.11.20 18:01:13.946,0.85007,0.85011,1.00,1.50
2017.11.20 18:01:14.645,0.85005,0.8501,1.00,2.44
2017.11.20 18:01:20.013,0.85006,0.8501,1.00,1.00
2017.11.20 18:01:20.421,0.85009,0.85012,1.00,1.00
2017.11.20 18:01:21.914,0.85003,0.8501,4.31,1.37
2017.11.20 18:01:21.966,0.85005,0.85011,1.00,2.06
2017.11.20 18:01:34.456,0.85006,0.8501,1.00,2.44
2017.11.20 18:01:35.516,0.85003,0.8501,1.12,2.44
2017.11.20 18:01:36.087,0.85004,0.85008,1.00,1.12
2017.11.20 18:01:42.260,0.85003,0.85008,1.00,1.50
2017.11.20 18:01:44.447,0.85001,0.85006,1.31,1.00
2017.11.20 18:01:54.758,0.85001,0.85007,1.12,1.69
2017.11.20 18:01:56.065,0.85001,0.85007,1.37,1.12
2017.11.20 18:02:00.938,0.85003,0.85008,1.00,1.69
2017.11.20 18:02:07.377,0.85002,0.85008,1.12,1.69
2017.11.20 18:02:19.187,0.85001,0.85007,1.12,2.25
2017.11.20 18:02:20.292,0.84999,0.85006,4.31,1.00
2017.11.20 18:02:21.905,0.84999,0.85005,3.56,1.00
2017.11.20 18:02:22.990,0.85,0.85007,1.69,1.50
2017.11.20 18:02:24.251,0.85,0.85006,1.69,1.00
2017.11.20 18:02:24.799,0.85,0.85007,1.69,1.50
2017.11.20 18:02:26.195,0.85,0.85006,1.69,1.00
2017.11.20 18:02:27.216,0.85,0.85006,1.12,1.00
2017.11.20 18:02:35.114,0.84999,0.85006,2.44,1.37
2017.11.20 18:02:35.949,0.84999,0.85004,1.12,1.00
2017.11.20 18:02:40.106,0.84999,0.85005,1.50,1.00
2017.11.20 18:02:43.873,0.84999,0.85005,1.87,1.31
2017.11.20 18:02:48.258,0.85,0.85006,1.00,3.19
2017.11.20 18:02:50.246,0.85002,0.85006,1.00,3.19
2017.11.20 18:02:53.657,0.85002,0.85006,1.00,1.31
2017.11.20 18:02:54.860,0.85001,0.85006,1.00,1.69
2017.11.20 18:02:54.912,0.85,0.85006,1.00,1.69
2017.11.20 18:02:55.453,0.85001,0.85006,1.00,1.62
2017.11.20 18:02:58.726,0.85,0.85005,1.00,1.12
2017.11.20 18:02:59.010,0.84999,0.85004,1.00,1.62
2017.11.20 18:02:59.451,0.84997,0.85003,1.12,1.12
2017.11.20 18:03:00.286,0.84994,0.85,1.87,1.37
2017.11.20 18:03:01.421,0.84993,0.84999,1.00,1.25
2017.11.20 18:03:01.729,0.85,0.85004,1.00,1.00
2017.11.20 18:03:04.480,0.84999,0.85006,1.87,1.31
2017.11.20 18:03:05.021,0.85001,0.85005,1.00,1.00
2017.11.20 18:03:06.382,0.85,0.85005,2.25,1.12
2017.11.20 18:03:06.960,0.85,0.85004,1.12,1.19
2017.11.20 18:03:07.335,0.84998,0.85003,1.50,1.12
2017.11.20 18:03:14.392,0.84999,0.85003,1.12,1.00
2017.11.20 18:03:15.405,0.84999,0.85005,1.37,1.25
2017.11.20 18:03:17.676,0.84999,0.85004,1.00,1.37
2017.11.20 18:03:17.857,0.84996,0.85,1.87,1.00
2017.11.20 18:03:18.114,0.84998,0.85002,1.00,1.25
2017.11.20 18:03:19.753,0.84998,0.85003,1.50,1.12
2017.11.20 18:03:21.286,0.84996,0.85002,3.19,1.00
2017.11.20 18:03:21.337,0.84998,0.85003,1.31,1.12
2017.11.20 18:03:21.495,0.85002,0.85006,1.50,1.00
2017.11.20 18:03:21.549,0.85003,0.85007,1.25,1.00
2017.11.20 18:03:21.975,0.85004,0.8501,2.44,1.50
2017.11.20 18:03:22.489,0.85004,0.85009,2.06,1.00
2017.11.20 18:03:23.508,0.85004,0.8501,2.00,1.00
2017.11.20 18:03:24.001,0.85003,0.85009,2.81,1.00
2017.11.20 18:03:24.053,0.85001,0.85006,2.44,1.37
2017.11.20 18:03:24.206,0.84999,0.85005,1.87,1.56
2017.11.20 18:03:24.736,0.84998,0.85004,1.00,1.62
2017.11.20 18:03:25.277,0.84997,0.85004,2.62,1.62
2017.11.20 18:03:25.714,0.84997,0.85001,1.87,1.00
2017.11.20 18:03:26.165,0.84999,0.85003,1.00,1.69
2017.11.20 18:03:26.217,0.85,0.85005,1.62,1.50
2017.11.20 18:03:26.269,0.85,0.85005,1.12,1.25
2017.11.20 18:03:26.474,0.84999,0.85003,1.25,1.00
2017.11.20 18:03:26.809,0.84997,0.85001,1.50,1.00
2017.11.20 18:03:26.860,0.85,0.85004,1.12,1.00
2017.11.20 18:03:27.391,0.85,0.85004,2.25,1.00
2017.11.20 18:03:27.933,0.84999,0.85003,1.12,1.00
2017.11.20 18:03:29.130,0.84999,0.85003,1.12,1.12
2017.11.20 18:03:29.641,0.84998,0.85002,1.87,1.00
2017.11.20 18:03:30.806,0.84996,0.85002,3.37,1.62
2017.11.20 18:03:33.403,0.84998,0.85003,1.50,2.06
2017.11.20 18:03:36.448,0.84996,0.85003,2.62,3.19
2017.11.20 18:03:37.076,0.84996,0.85003,3.37,2.06
2017.11.20 18:03:37.617,0.84996,0.85003,3.37,2.06
2017.11.20 18:03:38.387,0.84997,0.85003,1.00,2.06
2017.11.20 18:03:38.928,0.84996,0.85002,2.62,1.56
2017.11.20 18:03:39.913,0.84995,0.85002,1.50,2.81
2017.11.20 18:03:40.539,0.84995,0.85,1.12,1.31
2017.11.20 18:03:41.246,0.84994,0.85001,4.31,1.00
2017.11.20 18:03:42.102,0.84995,0.85,1.12,1.00
2017.11.20 18:03:42.753,0.84995,0.85001,1.87,1.00
2017.11.20 18:03:43.058,0.84995,0.85001,1.12,1.62
2017.11.20 18:03:43.568,0.84995,0.85001,1.50,1.37
2017.11.20 18:03:43.985,0.84995,0.85001,1.50,1.12
2017.11.20 18:03:46.391,0.84994,0.85,3.19,1.00
2017.11.20 18:03:46.546,0.84994,0.84998,2.44,1.00
2017.11.20 18:03:50.064,0.84993,0.84997,1.69,1.00
2017.11.20 18:03:50.656,0.84992,0.84998,3.19,1.00
2017.11.20 18:03:51.200,0.84992,0.84997,1.69,1.00
2017.11.20 18:03:55.245,0.84992,0.84996,1.50,1.00
2017.11.20 18:03:55.297,0.84992,0.84999,2.25,2.81
2017.11.20 18:03:57.025,0.84992,0.84998,1.87,1.37
2017.11.20 18:03:57.445,0.84994,0.85001,1.12,3.19
2017.11.20 18:04:00.206,0.84993,0.84999,1.00,2.44
2017.11.20 18:04:00.676,0.84993,0.84998,1.00,1.19
2017.11.20 18:04:16.297,0.84993,0.84999,2.25,1.69
2017.11.20 18:04:17.472,0.84994,0.84999,1.00,1.00
2017.11.20 18:04:23.110,0.84994,0.85,1.00,1.00
2017.11.20 18:04:29.868,0.84998,0.85002,2.66,1.00
2017.11.20 18:04:30.000,0.85,0.85005,1.00,1.50
2017.11.20 18:04:30.205,0.84998,0.85004,3.00,1.00
2017.11.20 18:04:30.865,0.84998,0.85005,2.81,1.12
2017.11.20 18:04:32.104,0.85,0.85006,1.00,2.81
2017.11.20 18:04:32.437,0.85002,0.85006,1.00,2.06
2017.11.20 18:04:34.115,0.85002,0.85006,1.00,1.25
2017.11.20 18:04:35.020,0.85001,0.85005,1.00,1.00
2017.11.20 18:04:35.309,0.84997,0.85003,1.12,1.69
2017.11.20 18:04:35.894,0.84998,0.85003,1.00,3.56
2017.11.20 18:04:37.148,0.85,0.85004,1.00,1.12
2017.11.20 18:04:37.734,0.85,0.85005,1.00,3.56
2017.11.20 18:04:41.899,0.84998,0.85003,1.50,1.19
2017.11.20 18:04:42.560,0.84999,0.85003,1.00,1.69
2017.11.20 18:04:43.424,0.84998,0.85003,1.00,1.69
2017.11.20 18:04:45.104,0.84996,0.85003,1.87,2.44
2017.11.20 18:04:46.601,0.84996,0.85,1.12,1.00
2017.11.20 18:04:47.660,0.84996,0.85,1.00,1.00
2017.11.20 18:04:49.186,0.84996,0.85001,1.37,1.00
2017.11.20 18:04:56.660,0.84996,0.85001,1.87,1.00
2017.11.20 18:04:58.066,0.84996,0.85001,1.00,1.00
2017.11.20 18:04:58.490,0.84994,0.84999,2.81,1.00
2017.11.20 18:04:59.559,0.84997,0.85002,1.50,1.00
2017.11.20 18:05:00.612,0.84998,0.85003,1.12,1.00
2017.11.20 18:05:01.592,0.84998,0.85003,1.50,1.00
2017.11.20 18:05:04.035,0.84999,0.85004,2.06,1.00
2017.11.20 18:05:05.771,0.84998,0.85003,2.06,1.00
2017.11.20 18:05:05.822,0.84998,0.85003,1.31,1.00
2017.11.20 18:05:08.197,0.84996,0.85002,2.06,1.00
2017.11.20 18:05:09.248,0.84996,0.85002,1.50,1.00
2017.11.20 18:05:09.299,0.84995,0.85,1.69,1.00
2017.11.20 18:05:11.224,0.84993,0.84999,2.81,1.00
2017.11.20 18:05:11.735,0.84993,0.84998,2.06,1.00
2017.11.20 18:05:15.410,0.84994,0.85,1.50,1.00
2017.11.20 18:05:16.289,0.84995,0.85001,1.12,1.31
2017.11.20 18:05:16.907,0.84995,0.85001,2.25,1.31
2017.11.20 18:05:22.375,0.84994,0.85001,2.25,1.31
2017.11.20 18:05:23.206,0.84994,0.85,2.25,1.00
2017.11.20 18:05:25.424,0.84993,0.84999,4.69,1.00
2017.11.20 18:05:25.993,0.84994,0.85,1.50,1.00
2017.11.20 18:05:35.344,0.84995,0.85001,1.87,1.31
2017.11.20 18:05:44.608,0.84997,0.85004,2.44,1.00
2017.11.20 18:05:50.656,0.84998,0.85005,1.12,2.06
2017.11.20 18:05:51.340,0.84997,0.85004,2.06,1.00
2017.11.20 18:05:58.884,0.84998,0.85004,1.00,1.25
2017.11.20 18:05:59.192,0.85002,0.85008,1.00,1.00
2017.11.20 18:06:00.229,0.85002,0.85009,1.12,3.19
2017.11.20 18:06:03.026,0.85001,0.85008,2.44,1.00
2017.11.20 18:06:11.293,0.85002,0.85009,2.62,1.25
2017.11.20 18:06:15.037,0.85005,0.8501,1.50,1.00
2017.11.20 18:06:16.231,0.85005,0.85011,2.44,1.00
2017.11.20 18:06:16.570,0.85007,0.85012,1.00,1.69
2017.11.20 18:06:17.721,0.85007,0.85011,1.00,1.69
2017.11.20 18:06:17.834,0.85008,0.85012,1.00,2.44
2017.11.20 18:06:18.348,0.85008,0.85014,1.00,4.31
2017.11.20 18:06:19.299,0.85009,0.85013,1.00,1.00
2017.11.20 18:06:19.560,0.8501,0.85016,1.12,4.69
2017.11.20 18:06:19.612,0.85012,0.85016,1.00,2.06
2017.11.20 18:06:20.149,0.85013,0.85017,1.00,1.12
2017.11.20 18:06:20.710,0.85014,0.85018,1.00,1.12
2017.11.20 18:06:21.442,0.85014,0.85018,1.00,1.12
2017.11.20 18:06:22.028,0.85015,0.85019,1.00,2.81
2017.11.20 18:06:22.233,0.85016,0.8502,1.00,2.81
2017.11.20 18:06:22.778,0.85015,0.85021,1.00,3.00
2017.11.20 18:06:23.560,0.85017,0.85021,1.00,3.00
2017.11.20 18:06:24.372,0.85016,0.85019,1.00,1.00
2017.11.20 18:06:24.908,0.85015,0.85019,1.00,1.31
2017.11.20 18:06:29.149,0.85014,0.85017,1.00,1.00
2017.11.20 18:06:29.707,0.85012,0.85016,1.00,1.31
2017.11.20 18:06:30.368,0.85012,0.85016,1.00,1.31
2017.11.20 18:06:30.420,0.8501,0.85016,1.12,1.31
2017.11.20 18:06:31.242,0.8501,0.85015,1.12,1.00
2017.11.20 18:06:31.295,0.8501,0.85015,1.00,1.69
2017.11.20 18:06:31.824,0.85008,0.85013,1.00,1.37
2017.11.20 18:06:32.337,0.85008,0.85013,1.00,1.69
2017.11.20 18:06:33.109,0.85007,0.85012,1.00,1.37
2017.11.20 18:06:33.313,0.85005,0.85011,2.06,1.12
2017.11.20 18:06:36.529,0.85004,0.8501,1.87,1.37
2017.11.20 18:06:36.733,0.85005,0.85011,1.37,1.19
2017.11.20 18:06:36.785,0.85006,0.85012,1.12,1.69
2017.11.20 18:06:36.836,0.85009,0.85015,1.87,3.56
2017.11.20 18:06:37.107,0.85012,0.85019,2.44,1.00
2017.11.20 18:06:38.022,0.85012,0.85019,4.69,1.00
2017.11.20 18:06:38.309,0.85016,0.85021,1.50,1.25
2017.11.20 18:06:39.901,0.85016,0.85022,2.25,1.25
2017.11.20 18:06:41.039,0.85015,0.85021,1.37,1.25
2017.11.20 18:06:42.576,0.85015,0.85022,1.87,1.69
2017.11.20 18:06:44.497,0.85016,0.85022,1.12,1.25
2017.11.20 18:06:45.485,0.85014,0.85019,1.00,2.06
2017.11.20 18:06:46.652,0.85013,0.85019,1.87,1.69
2017.11.20 18:06:59.892,0.85015,0.85019,1.00,1.31
2017.11.20 18:07:04.758,0.85014,0.85019,1.12,1.31
2017.11.20 18:07:11.215,0.85015,0.85019,1.00,2.06
2017.11.20 18:07:19.773,0.85013,0.85018,1.37,1.00
2017.11.20 18:07:23.969,0.85013,0.85018,1.00,2.06
2017.11.20 18:07:24.508,0.85013,0.85018,1.37,1.69
2017.11.20 18:07:31.008,0.85013,0.85019,1.37,1.00
2017.11.20 18:07:33.003,0.85013,0.85018,1.37,1.00
2017.11.20 18:07:36.374,0.85013,0.85018,1.00,1.31
2017.11.20 18:07:36.891,0.85013,0.85017,1.00,1.00
2017.11.20 18:07:37.816,0.8501,0.85012,1.00,1.00
2017.11.20 18:07:37.867,0.85007,0.85012,1.50,1.12
2017.11.20 18:07:38.389,0.85008,0.85012,1.00,2.44
2017.11.20 18:07:38.898,0.85005,0.8501,1.87,1.19
2017.11.20 18:07:39.560,0.85005,0.8501,1.00,2.44
2017.11.20 18:07:43.872,0.85006,0.8501,1.00,2.44
2017.11.20 18:07:46.216,0.85004,0.85008,1.00,1.25
2017.11.20 18:07:48.763,0.85003,0.85009,1.00,2.44
2017.11.20 18:07:53.198,0.85004,0.85009,1.00,2.44
2017.11.20 18:07:54.146,0.85004,0.85009,1.12,1.19
2017.11.20 18:07:56.583,0.85005,0.85009,1.00,2.06
2017.11.20 18:07:57.090,0.85004,0.85009,1.12,1.31
2017.11.20 18:08:01.123,0.85004,0.85009,1.12,1.31
2017.11.20 18:08:01.665,0.85005,0.8501,1.00,3.56
2017.11.20 18:08:02.655,0.85007,0.85012,1.12,2.44
2017.11.20 18:08:02.961,0.85014,0.85018,1.00,3.19
2017.11.20 18:08:05.707,0.85011,0.85015,1.00,1.00
2017.11.20 18:08:06.406,0.85012,0.85017,1.00,1.31
2017.11.20 18:08:14.665,0.85013,0.85017,1.37,1.00
2017.11.20 18:08:15.203,0.85012,0.85017,1.00,1.31
2017.11.20 18:08:15.903,0.85012,0.85017,1.00,1.31
2017.11.20 18:08:16.226,0.85011,0.85015,1.12,1.00
2017.11.20 18:08:20.691,0.85011,0.85017,1.12,2.06
2017.11.20 18:08:27.098,0.8501,0.85014,1.50,1.25
2017.11.20 18:08:27.430,0.85012,0.85017,1.00,2.81
2017.11.20 18:08:31.544,0.85012,0.85016,1.00,1.69
2017.11.20 18:08:31.799,0.85009,0.85013,1.00,1.31
2017.11.20 18:08:32.327,0.85007,0.85012,1.00,1.31
2017.11.20 18:08:32.991,0.85006,0.85011,1.50,2.44
2017.11.20 18:08:35.034,0.85008,0.85013,1.12,1.31
2017.11.20 18:08:35.555,0.85008,0.85013,1.00,1.69
2017.11.20 18:08:36.388,0.85007,0.85012,1.00,2.44
2017.11.20 18:08:41.755,0.85006,0.85012,1.12,3.19
2017.11.20 18:08:45.527,0.85004,0.85009,1.00,1.37
2017.11.20 18:08:45.903,0.85002,0.85006,1.50,1.00
2017.11.20 18:08:46.280,0.85002,0.85008,1.87,1.31
2017.11.20 18:08:46.496,0.85003,0.8501,1.50,2.06
2017.11.20 18:08:50.304,0.85005,0.85011,1.50,1.19
2017.11.20 18:08:51.179,0.85009,0.85015,1.87,1.25
2017.11.20 18:08:52.206,0.85012,0.85017,1.87,1.19
2017.11.20 18:08:53.157,0.85013,0.85017,1.12,1.25
2017.11.20 18:08:55.073,0.85013,0.85017,1.37,1.00
2017.11.20 18:08:55.642,0.85013,0.85018,1.00,1.31
2017.11.20 18:08:56.176,0.85012,0.85017,2.25,1.19
2017.11.20 18:08:56.715,0.85012,0.85018,2.25,1.69
2017.11.20 18:08:57.045,0.8501,0.85015,1.12,1.12
2017.11.20 18:08:57.483,0.85008,0.85013,1.50,1.00
2017.11.20 18:08:58.262,0.85008,0.85014,1.12,2.44
2017.11.20 18:08:58.884,0.85008,0.85014,1.37,2.06
2017.11.20 18:08:59.408,0.85008,0.85014,1.12,1.69
2017.11.20 18:09:00.068,0.85008,0.85014,1.37,1.31
2017.11.20 18:09:03.698,0.85007,0.85013,1.00,1.50
2017.11.20 18:09:04.676,0.85005,0.85012,1.37,4.31
2017.11.20 18:09:09.659,0.85004,0.8501,1.87,1.00
2017.11.20 18:09:10.530,0.85005,0.85012,1.37,4.31
2017.11.20 18:09:16.605,0.85004,0.8501,2.62,1.00
2017.11.20 18:09:16.758,0.85003,0.85009,1.25,1.37
2017.11.20 18:09:17.613,0.85,0.85007,2.06,1.87
2017.11.20 18:09:17.868,0.84998,0.85004,1.87,1.00
2017.11.20 18:09:19.488,0.84998,0.85005,2.62,1.69
2017.11.20 18:09:23.027,0.85,0.85007,1.00,3.56
2017.11.20 18:09:24.088,0.85,0.85007,1.00,3.94
2017.11.20 18:09:24.478,0.85003,0.85009,1.12,3.19
2017.11.20 18:09:25.020,0.85004,0.8501,1.12,1.25
2017.11.20 18:09:26.784,0.85004,0.85011,1.37,2.44
2017.11.20 18:09:27.927,0.85006,0.85011,1.00,1.31
2017.11.20 18:09:29.879,0.85004,0.85011,1.50,2.06
2017.11.20 18:09:29.981,0.85003,0.85009,1.62,1.50
2017.11.20 18:09:30.533,0.85002,0.85009,1.87,1.69
2017.11.20 18:09:30.893,0.85002,0.85007,1.37,1.00
2017.11.20 18:09:33.632,0.85002,0.85009,1.87,1.69
2017.11.20 18:09:34.488,0.85002,0.85007,1.37,1.00
2017.11.20 18:09:35.023,0.85002,0.85008,1.37,1.00
2017.11.20 18:09:42.499,0.85002,0.85006,2.25,1.00
2017.11.20 18:09:44.191,0.85002,0.85007,2.25,1.00
2017.11.20 18:09:45.696,0.85002,0.85008,2.25,1.00
2017.11.20 18:09:47.599,0.85002,0.85007,2.25,1.00
2017.11.20 18:09:49.255,0.85003,0.85008,1.12,1.00
2017.11.20 18:09:50.600,0.85003,0.85007,1.12,1.00
2017.11.20 18:09:56.466,0.85003,0.8501,1.37,1.31
2017.11.20 18:09:57.527,0.85004,0.85008,1.00,1.00
2017.11.20 18:10:19.130,0.85005,0.85009,1.00,1.00
2017.11.20 18:10:19.971,0.85006,0.8501,2.25,1.00
2017.11.20 18:10:20.074,0.85005,0.85009,3.37,1.00
2017.11.20 18:10:24.413,0.85005,0.85008,1.00,1.00
2017.11.20 18:10:28.354,0.85005,0.85009,2.25,1.00
2017.11.20 18:10:36.027,0.85005,0.85008,1.00,1.00
2017.11.20 18:10:41.643,0.85006,0.8501,1.12,1.00
2017.11.20 18:10:42.667,0.85006,0.85011,1.37,1.69
2017.11.20 18:10:43.376,0.85005,0.8501,2.25,1.00
2017.11.20 18:10:44.548,0.85005,0.85009,2.25,1.00
2017.11.20 18:10:46.582,0.85005,0.8501,2.25,1.00
2017.11.20 18:11:00.152,0.85007,0.85011,1.00,1.25
2017.11.20 18:11:00.982,0.85006,0.85011,1.12,1.19
2017.11.20 18:11:01.595,0.85007,0.85011,1.00,1.25
2017.11.20 18:11:08.527,0.85008,0.85014,1.00,3.19
2017.11.20 18:11:09.068,0.85007,0.85014,1.00,3.94
2017.11.20 18:11:10.991,0.85007,0.85014,1.50,2.44
2017.11.20 18:11:11.521,0.85008,0.85014,1.00,2.44
2017.11.20 18:11:12.067,0.85008,0.85014,1.00,2.44
2017.11.20 18:11:13.738,0.85009,0.85014,1.00,2.44
2017.11.20 18:11:16.429,0.85009,0.85014,1.00,1.31
2017.11.20 18:11:18.024,0.8501,0.85016,1.00,3.19
2017.11.20 18:11:19.093,0.8501,0.85016,1.00,3.19
2017.11.20 18:11:21.683,0.85009,0.85016,1.12,3.94
2017.11.20 18:11:22.424,0.85008,0.85014,1.50,1.12
2017.11.20 18:11:23.078,0.85008,0.85014,2.25,1.00
2017.11.20 18:11:23.605,0.85008,0.85014,2.25,1.00
2017.11.20 18:11:24.453,0.85009,0.85015,1.50,1.25
2017.11.20 18:11:24.927,0.85011,0.85017,1.37,1.25
2017.11.20 18:11:32.445,0.8501,0.85017,1.50,2.06
2017.11.20 18:11:33.249,0.85009,0.85015,4.31,1.00
2017.11.20 18:11:35.356,0.85009,0.85014,1.87,1.00
2017.11.20 18:11:35.509,0.85007,0.85012,1.87,1.12
2017.11.20 18:11:36.235,0.85007,0.85011,1.12,1.00
2017.11.20 18:11:37.099,0.85006,0.8501,1.12,1.00
2017.11.20 18:11:38.030,0.85005,0.8501,2.44,1.00
2017.11.20 18:11:38.686,0.85005,0.85012,3.19,1.12
2017.11.20 18:11:41.414,0.85005,0.85011,3.19,1.00
2017.11.20 18:11:46.191,0.85003,0.8501,2.44,1.50
2017.11.20 18:11:46.242,0.85003,0.85008,1.12,1.12
2017.11.20 18:11:46.577,0.85007,0.85014,3.00,1.69
2017.11.20 18:11:48.164,0.85007,0.85013,2.81,1.00
2017.11.20 18:11:48.215,0.85009,0.85013,1.00,1.00
2017.11.20 18:11:48.520,0.85009,0.85016,3.56,1.50
2017.11.20 18:11:48.762,0.85009,0.85016,2.81,1.50
2017.11.20 18:11:48.967,0.85009,0.85017,3.56,1.31
2017.11.20 18:11:50.137,0.8501,0.85017,1.87,2.44
2017.11.20 18:11:56.682,0.8501,0.85017,3.00,1.25
2017.11.20 18:11:57.221,0.8501,0.85017,3.00,1.69
2017.11.20 18:11:57.785,0.85011,0.85017,1.37,1.69
2017.11.20 18:12:00.728,0.85011,0.85015,1.00,1.00
2017.11.20 18:12:01.610,0.85009,0.85013,1.50,1.00
2017.11.20 18:12:01.664,0.85008,0.85011,1.37,1.00
2017.11.20 18:12:01.929,0.85005,0.85009,1.50,1.00
2017.11.20 18:12:02.236,0.85005,0.85011,2.25,1.19
2017.11.20 18:12:05.479,0.85005,0.85011,3.00,1.25
2017.11.20 18:12:06.715,0.85006,0.8501,1.50,1.00
2017.11.20 18:12:10.145,0.85006,0.85013,1.37,1.69
2017.11.20 18:12:10.669,0.85005,0.85012,3.00,1.25
2017.11.20 18:12:11.173,0.85008,0.85013,1.37,1.25
2017.11.20 18:12:11.810,0.85008,0.85011,1.12,1.00
2017.11.20 18:12:12.942,0.85008,0.85013,1.50,1.00
2017.11.20 18:12:14.536,0.85009,0.85015,1.37,1.00
2017.11.20 18:12:14.889,0.85009,0.85016,3.37,1.25
2017.11.20 18:12:17.386,0.85009,0.85014,1.50,1.31
2017.11.20 18:12:17.699,0.85007,0.85012,1.50,1.00
2017.11.20 18:12:18.007,0.85007,0.85011,1.00,1.00
2017.11.20 18:12:18.882,0.85007,0.85011,1.87,1.00
2017.11.20 18:12:19.188,0.85008,0.85012,1.12,1.00
2017.11.20 18:12:19.704,0.85009,0.85013,1.12,1.00
2017.11.20 18:12:20.231,0.85008,0.85012,2.06,1.00
2017.11.20 18:12:21.917,0.85008,0.85013,2.44,1.00
2017.11.20 18:12:23.409,0.85008,0.85012,1.50,1.00
2017.11.20 18:12:23.852,0.85008,0.85012,1.00,1.00
2017.11.20 18:12:24.913,0.85008,0.85014,1.37,1.00
2017.11.20 18:12:25.395,0.85007,0.85012,1.69,1.00
2017.11.20 18:12:27.431,0.85007,0.85011,1.69,1.00
2017.11.20 18:12:30.848,0.85007,0.85013,1.69,1.00
2017.11.20 18:12:31.356,0.85007,0.85014,1.69,1.12
2017.11.20 18:12:31.970,0.85007,0.85013,2.44,1.00
2017.11.20 18:12:32.782,0.85007,0.85014,2.44,1.12
2017.11.20 18:12:33.418,0.85007,0.85013,2.44,1.00
2017.11.20 18:12:33.952,0.85007,0.85014,2.44,1.00
2017.11.20 18:12:35.139,0.85007,0.85013,2.44,1.00
2017.11.20 18:12:35.672,0.85007,0.85012,1.62,1.00
2017.11.20 18:12:38.259,0.85007,0.85014,2.44,1.00
2017.11.20 18:12:38.820,0.85007,0.85012,2.81,1.00
2017.11.20 18:12:41.533,0.85007,0.85013,2.81,1.00
2017.11.20 18:12:43.121,0.85007,0.85013,2.81,1.00
2017.11.20 18:12:43.852,0.85007,0.85012,1.69,1.00
2017.11.20 18:12:44.422,0.85007,0.8501,1.25,1.00
2017.11.20 18:12:45.779,0.85005,0.85011,2.81,1.00
2017.11.20 18:12:47.479,0.85005,0.85012,2.81,1.00
2017.11.20 18:12:53.537,0.85006,0.85011,1.69,1.00
2017.11.20 18:12:54.783,0.85005,0.85009,1.00,1.00
2017.11.20 18:12:55.992,0.85004,0.85012,2.81,2.81
2017.11.20 18:12:58.982,0.85006,0.8501,1.00,1.00
2017.11.20 18:12:59.938,0.85006,0.85013,1.12,2.81
2017.11.20 18:13:00.272,0.85006,0.8501,1.12,1.00
2017.11.20 18:13:00.629,0.85006,0.85013,1.87,2.81
2017.11.20 18:13:05.904,0.85006,0.85013,1.12,1.87
2017.11.20 18:13:06.006,0.85006,0.85012,1.37,1.25
2017.11.20 18:13:07.101,0.85006,0.85013,1.12,2.81
2017.11.20 18:13:08.022,0.85006,0.85013,1.87,1.87
2017.11.20 18:13:08.074,0.85006,0.85013,1.12,2.81
2017.11.20 18:13:08.126,0.85005,0.85013,2.62,3.19
2017.11.20 18:13:08.639,0.85006,0.85013,1.75,3.37
2017.11.20 18:13:09.278,0.85005,0.85013,2.25,3.94
2017.11.20 18:13:09.805,0.85005,0.85013,2.25,3.94
2017.11.20 18:13:10.426,0.85004,0.85008,1.31,1.00
2017.11.20 18:13:10.529,0.85006,0.8501,1.25,1.00
2017.11.20 18:13:10.836,0.85006,0.85011,1.62,1.00
2017.11.20 18:13:11.653,0.85005,0.85009,2.81,1.00
2017.11.20 18:13:11.756,0.85007,0.85011,1.00,1.00
2017.11.20 18:13:13.237,0.85003,0.8501,2.06,1.00
2017.11.20 18:13:13.742,0.85003,0.85008,2.06,1.00
2017.11.20 18:13:14.882,0.85003,0.85009,2.81,1.00
2017.11.20 18:13:17.668,0.85003,0.85007,1.69,1.00
2017.11.20 18:13:19.150,0.85003,0.85008,1.31,1.00
2017.11.20 18:13:19.606,0.85003,0.85009,3.19,1.00
2017.11.20 18:13:20.139,0.85004,0.8501,1.62,1.00
2017.11.20 18:13:20.716,0.85005,0.85011,2.81,1.12
2017.11.20 18:13:23.454,0.85005,0.85009,1.12,1.00
2017.11.20 18:13:25.045,0.85003,0.85009,2.81,1.12
2017.11.20 18:13:28.514,0.85003,0.85007,2.06,1.00
2017.11.20 18:13:37.364,0.85003,0.85009,3.19,1.00
2017.11.20 18:13:38.082,0.85005,0.85009,2.44,1.00
2017.11.20 18:13:42.267,0.85004,0.85008,1.69,1.00
2017.11.20 18:13:43.022,0.85004,0.8501,1.69,1.00
2017.11.20 18:13:43.074,0.85004,0.8501,2.81,1.00
2017.11.20 18:13:43.621,0.85006,0.85011,1.37,1.00
2017.11.20 18:13:44.820,0.85007,0.85013,1.00,1.31
2017.11.20 18:13:45.643,0.85006,0.85013,3.56,1.37
2017.11.20 18:13:47.593,0.85006,0.85011,1.12,1.00
2017.11.20 18:13:50.822,0.85006,0.85012,1.87,1.12
2017.11.20 18:13:53.826,0.85007,0.85011,1.00,1.00
2017.11.20 18:14:00.191,0.85006,0.8501,2.25,1.00
2017.11.20 18:14:02.768,0.85006,0.85011,1.87,1.12
2017.11.20 18:14:06.746,0.85005,0.85009,1.31,1.00
2017.11.20 18:14:13.627,0.85006,0.8501,1.00,1.00
2017.11.20 18:14:14.670,0.85007,0.85011,2.06,1.00
2017.11.20 18:14:16.575,0.85008,0.85012,1.00,1.00
2017.11.20 18:14:23.285,0.85006,0.85011,1.50,1.12
2017.11.20 18:14:25.755,0.85006,0.85011,1.50,1.12
2017.11.20 18:14:28.115,0.85006,0.85011,1.12,1.12
2017.11.20 18:14:28.992,0.85006,0.8501,1.12,1.00
2017.11.20 18:14:30.306,0.85005,0.85009,2.06,1.00
2017.11.20 18:14:32.089,0.85006,0.8501,1.12,1.00
2017.11.20 18:14:40.990,0.85006,0.85011,1.37,1.12
2017.11.20 18:14:47.456,0.85004,0.85008,1.31,1.00
2017.11.20 18:14:50.182,0.85004,0.85009,1.69,1.00
2017.11.20 18:14:50.490,0.85006,0.85011,1.50,1.12
2017.11.20 18:14:50.593,0.85004,0.85008,1.12,1.00
2017.11.20 18:14:50.646,0.85002,0.85006,1.31,1.12
2017.11.20 18:14:50.697,0.85,0.85005,2.81,1.12
2017.11.20 18:14:51.236,0.84999,0.85003,2.06,1.00
2017.11.20 18:14:51.745,0.85,0.85004,2.44,1.00
2017.11.20 18:14:52.253,0.85,0.85005,1.19,1.00
2017.11.20 18:14:52.964,0.85,0.85004,1.25,1.00
2017.11.20 18:14:58.153,0.85001,0.85005,1.25,1.00
2017.11.20 18:14:58.917,0.85003,0.85007,1.00,1.12
2017.11.20 18:15:05.575,0.85004,0.85008,1.00,1.50
2017.11.20 18:15:08.112,0.85002,0.85007,1.00,1.37
2017.11.20 18:15:08.628,0.85003,0.85007,1.00,1.50
2017.11.20 18:15:11.713,0.85001,0.85007,1.25,2.25
2017.11.20 18:15:12.359,0.85003,0.85007,1.00,2.25
2017.11.20 18:15:16.975,0.85003,0.85007,1.00,1.00
2017.11.20 18:15:20.302,0.85004,0.85008,1.00,1.00
2017.11.20 18:15:21.660,0.85003,0.85009,1.00,3.97
2017.11.20 18:15:38.997,0.85002,0.85008,1.00,2.25
2017.11.20 18:15:39.934,0.85001,0.85007,1.31,1.50
2017.11.20 18:15:40.274,0.85003,0.85007,1.00,1.50
2017.11.20 18:15:49.275,0.85001,0.85007,1.25,1.50
2017.11.20 18:15:49.610,0.85,0.85006,1.25,2.25
2017.11.20 18:15:52.206,0.85001,0.85006,1.00,1.50
2017.11.20 18:15:52.812,0.85001,0.85004,1.00,1.00
2017.11.20 18:15:53.036,0.85001,0.85005,1.25,2.25
2017.11.20 18:15:53.088,0.85004,0.85009,1.00,1.87
2017.11.20 18:15:53.195,0.85001,0.85005,1.12,1.12
2017.11.20 18:15:53.298,0.85,0.85005,1.12,2.62
2017.11.20 18:15:55.099,0.84999,0.85007,1.50,4.31
2017.11.20 18:15:56.290,0.85003,0.85007,1.00,6.75
2017.11.20 18:15:57.955,0.85003,0.85007,1.00,1.12
2017.11.20 18:15:59.868,0.85004,0.85008,1.00,2.44
2017.11.20 18:16:15.180,0.85006,0.8501,1.00,2.44
2017.11.20 18:16:16.001,0.85007,0.85011,1.00,2.44
2017.11.20 18:16:17.785,0.85008,0.85012,1.00,3.19
2017.11.20 18:16:25.905,0.85009,0.85013,1.12,3.19
2017.11.20 18:16:25.957,0.85005,0.85012,3.37,2.81
2017.11.20 18:16:26.110,0.85005,0.8501,1.00,1.62
2017.11.20 18:16:26.161,0.85003,0.85009,1.87,1.37
2017.11.20 18:16:26.365,0.85005,0.8501,1.00,2.44
2017.11.20 18:16:26.961,0.85006,0.8501,1.00,2.44
2017.11.20 18:16:27.514,0.85004,0.8501,1.00,2.44
2017.11.20 18:16:31.727,0.85004,0.8501,1.00,3.94
2017.11.20 18:16:33.863,0.85005,0.8501,1.00,2.44
2017.11.20 18:16:34.826,0.85006,0.8501,1.00,1.31
2017.11.20 18:16:35.825,0.85005,0.8501,1.00,3.19
2017.11.20 18:16:37.056,0.85003,0.85009,1.00,1.62
2017.11.20 18:16:37.640,0.85004,0.85009,1.00,3.19
2017.11.20 18:16:45.058,0.85003,0.85008,1.00,1.62
2017.11.20 18:16:47.957,0.85004,0.85008,1.00,2.81
2017.11.20 18:16:48.496,0.85004,0.85009,1.00,2.44
2017.11.20 18:16:49.827,0.85004,0.85009,1.00,1.69
2017.11.20 18:16:50.497,0.85005,0.85009,1.00,1.31
2017.11.20 18:16:51.116,0.85004,0.85009,1.00,2.06
2017.11.20 18:16:55.076,0.85003,0.85008,1.00,1.69
2017.11.20 18:16:57.360,0.85004,0.85008,1.00,1.25
2017.11.20 18:16:57.619,0.85007,0.85011,1.00,1.50
2017.11.20 18:16:58.454,0.85003,0.85009,1.12,1.87
2017.11.20 18:16:58.556,0.85003,0.85008,1.00,2.44
2017.11.20 18:17:01.602,0.85004,0.85008,1.00,2.44
2017.11.20 18:17:02.222,0.85002,0.85008,1.00,3.19
2017.11.20 18:17:02.668,0.85004,0.85008,1.00,2.44
2017.11.20 18:17:03.997,0.85005,0.85009,1.00,3.19
2017.11.20 18:17:04.102,0.85006,0.8501,1.00,1.50
2017.11.20 18:17:05.275,0.85007,0.85012,1.00,3.19
2017.11.20 18:17:14.944,0.85004,0.85011,1.69,2.25
2017.11.20 18:17:15.046,0.85004,0.8501,1.25,2.25
2017.11.20 18:17:17.990,0.85001,0.85005,1.00,1.00
2017.11.20 18:17:18.719,0.85,0.85004,1.00,1.00
2017.11.20 18:17:19.471,0.84999,0.85004,1.00,1.50
2017.11.20 18:17:20.238,0.85,0.85005,1.00,1.25
2017.11.20 18:17:20.290,0.85002,0.85006,1.00,1.50
2017.11.20 18:17:21.171,0.85002,0.85006,1.00,1.69
2017.11.20 18:17:22.714,0.85001,0.85005,1.00,1.00
2017.11.20 18:17:25.198,0.85002,0.85006,1.00,1.31
2017.11.20 18:17:25.823,0.85001,0.85006,1.00,1.31
2017.11.20 18:17:28.245,0.85003,0.85007,1.00,1.87
2017.11.20 18:17:28.900,0.85004,0.85009,1.00,2.44
2017.11.20 18:17:29.446,0.85005,0.85009,1.00,2.06
2017.11.20 18:17:36.016,0.85003,0.85009,1.00,2.06
2017.11.20 18:17:37.539,0.85,0.85007,1.87,2.81
2017.11.20 18:17:37.594,0.84999,0.85005,1.00,2.44
2017.11.20 18:17:41.942,0.85,0.85004,1.00,1.00
2017.11.20 18:17:43.101,0.85,0.85005,1.00,1.25
2017.11.20 18:17:43.656,0.85,0.85006,1.00,2.44
2017.11.20 18:17:46.082,0.85003,0.85007,1.00,1.69
2017.11.20 18:17:46.236,0.85005,0.85009,1.00,1.31
2017.11.20 18:17:49.238,0.85,0.85005,1.12,1.37
2017.11.20 18:17:49.442,0.85001,0.85005,1.00,1.31
2017.11.20 18:17:50.853,0.85002,0.85005,1.00,1.25
2017.11.20 18:17:55.082,0.85002,0.85006,1.12,1.00
2017.11.20 18:17:55.607,0.85005,0.85009,1.00,1.19
2017.11.20 18:17:56.917,0.85004,0.8501,1.00,3.19
2017.11.20 18:17:57.437,0.85004,0.8501,1.00,1.50
2017.11.20 18:17:57.913,0.85004,0.85008,1.00,1.31
2017.11.20 18:17:58.549,0.85005,0.85009,1.00,2.81
2017.11.20 18:17:59.814,0.85005,0.85009,1.00,1.50
2017.11.20 18:18:00.357,0.85002,0.85007,1.37,1.00
2017.11.20 18:18:13.172,0.84999,0.85003,1.12,1.00
2017.11.20 18:18:13.324,0.84998,0.85003,1.87,1.00
2017.11.20 18:18:14.820,0.84997,0.85001,3.00,1.00
2017.11.20 18:18:15.327,0.84997,0.85001,1.50,1.00
2017.11.20 18:18:17.380,0.84997,0.85001,2.62,1.00
2017.11.20 18:18:23.818,0.84993,0.84998,3.37,1.00
2017.11.20 18:18:23.870,0.84992,0.84997,1.31,1.37
2017.11.20 18:18:23.922,0.8499,0.84995,1.31,1.00
2017.11.20 18:18:24.463,0.8499,0.84994,1.12,1.00
2017.11.20 18:18:26.191,0.84989,0.84995,1.37,1.25
2017.11.20 18:18:26.752,0.84991,0.84996,1.00,1.69
2017.11.20 18:18:27.815,0.84991,0.84996,1.00,1.00
2017.11.20 18:18:30.142,0.84991,0.84996,1.00,1.87
2017.11.20 18:18:30.702,0.84992,0.84997,1.12,1.12
2017.11.20 18:18:30.754,0.84992,0.84998,1.62,1.87
2017.11.20 18:18:31.265,0.84993,0.84999,1.37,2.25
2017.11.20 18:18:31.833,0.84994,0.84999,1.12,1.00
2017.11.20 18:18:33.955,0.84996,0.85,1.00,3.19
2017.11.20 18:18:34.366,0.84998,0.85002,1.12,1.00
2017.11.20 18:18:34.468,0.85,0.85004,1.00,1.69
2017.11.20 18:18:34.774,0.85002,0.85006,1.00,2.81
2017.11.20 18:18:35.813,0.85001,0.85005,1.12,1.00
2017.11.20 18:18:36.861,0.85001,0.85006,1.12,2.25
2017.11.20 18:18:36.912,0.85003,0.85007,1.00,3.56
2017.11.20 18:18:38.419,0.85003,0.85007,1.00,1.87
2017.11.20 18:18:38.819,0.85,0.85007,1.69,2.25
2017.11.20 18:18:39.427,0.85002,0.85006,1.00,2.06
2017.11.20 18:18:39.930,0.85,0.85004,1.00,1.12
2017.11.20 18:18:40.139,0.85001,0.85005,1.12,1.00
2017.11.20 18:18:40.343,0.85003,0.85007,1.00,3.94
2017.11.20 18:18:40.394,0.85004,0.85008,1.00,4.50
2017.11.20 18:18:40.911,0.85004,0.85008,1.00,7.69
2017.11.20 18:18:41.422,0.85004,0.85008,1.00,1.50
2017.11.20 18:18:42.101,0.85003,0.85008,1.00,2.81
2017.11.20 18:18:42.626,0.85004,0.85009,1.00,3.19
2017.11.20 18:18:43.241,0.85005,0.85009,1.12,1.31
2017.11.20 18:18:44.284,0.85005,0.85009,1.12,1.25
2017.11.20 18:18:44.794,0.85006,0.8501,1.00,1.25
2017.11.20 18:18:45.913,0.85007,0.85011,1.00,3.94
2017.11.20 18:18:50.473,0.85008,0.85012,1.00,1.87
2017.11.20 18:18:50.821,0.85011,0.85014,1.00,5.25
2017.11.20 18:18:51.942,0.85008,0.85014,1.37,6.56
2017.11.20 18:18:55.754,0.8501,0.85014,1.00,1.69
2017.11.20 18:18:56.414,0.85007,0.85013,1.87,1.25
2017.11.20 18:18:56.597,0.85007,0.85013,1.12,1.25
2017.11.20 18:18:57.142,0.85006,0.8501,1.37,1.00
2017.11.20 18:18:57.659,0.85006,0.85011,1.50,1.00
2017.11.20 18:18:57.965,0.85003,0.85008,1.50,1.00
2017.11.20 18:18:58.497,0.85003,0.85007,1.50,1.00
2017.11.20 18:19:01.437,0.85003,0.85009,1.87,1.25
2017.11.20 18:19:02.129,0.85003,0.85009,2.25,1.25
2017.11.20 18:19:02.231,0.85003,0.85008,2.25,1.00
2017.11.20 18:19:03.041,0.85003,0.85009,3.00,1.25
2017.11.20 18:19:03.393,0.85004,0.85011,1.50,2.44
2017.11.20 18:19:03.495,0.85009,0.85013,1.50,1.87
2017.11.20 18:19:03.547,0.85009,0.85016,2.25,1.25
2017.11.20 18:19:03.599,0.85009,0.85015,2.06,1.12
2017.11.20 18:19:03.650,0.85008,0.85012,1.87,1.00
2017.11.20 18:19:03.919,0.85008,0.85014,2.25,1.12
2017.11.20 18:19:04.127,0.85012,0.85016,1.00,1.87
2017.11.20 18:19:05.130,0.85013,0.85017,1.00,1.87
2017.11.20 18:19:05.182,0.85008,0.85014,1.12,1.37
2017.11.20 18:19:05.285,0.8501,0.85014,1.00,1.12
2017.11.20 18:19:05.791,0.8501,0.85015,1.00,3.19
2017.11.20 18:19:06.569,0.85009,0.85015,1.12,3.19
2017.11.20 18:19:06.955,0.85011,0.85016,1.12,2.44
2017.11.20 18:19:08.510,0.8501,0.85017,2.81,1.00
2017.11.20 18:19:08.561,0.8501,0.85016,2.44,1.00
2017.11.20 18:19:08.937,0.85012,0.85018,1.37,1.50
2017.11.20 18:19:09.480,0.85012,0.85018,1.12,2.81
2017.11.20 18:19:09.532,0.85009,0.85015,1.56,1.00
2017.11.20 18:19:10.043,0.85011,0.85016,1.00,1.12
2017.11.20 18:19:10.917,0.85012,0.85017,1.00,3.56
2017.11.20 18:19:11.421,0.85011,0.85017,1.00,4.31
2017.11.20 18:19:12.126,0.85011,0.85016,1.37,1.00
2017.11.20 18:19:12.483,0.85009,0.85015,1.31,1.12
2017.11.20 18:19:12.585,0.85011,0.85016,1.00,1.50
2017.11.20 18:19:12.997,0.85008,0.85014,3.19,1.00
2017.11.20 18:19:13.327,0.85006,0.85012,3.19,1.00
2017.11.20 18:19:13.811,0.85005,0.8501,1.56,1.00
2017.11.20 18:19:15.323,0.85006,0.85011,2.06,1.00
2017.11.20 18:19:16.934,0.85005,0.8501,2.06,1.00
2017.11.20 18:19:19.056,0.85005,0.85011,2.81,1.00
2017.11.20 18:19:22.481,0.85004,0.8501,1.87,1.25
2017.11.20 18:19:22.584,0.85004,0.85009,2.25,1.00
2017.11.20 18:19:22.635,0.85004,0.85009,1.87,1.00
2017.11.20 18:19:22.738,0.85004,0.8501,2.44,1.00
2017.11.20 18:19:23.893,0.85005,0.85011,1.50,1.00
2017.11.20 18:19:27.820,0.85006,0.85011,1.87,1.12
2017.11.20 18:19:28.293,0.85008,0.85013,1.00,2.81
2017.11.20 18:19:28.840,0.85007,0.85012,1.00,2.44
2017.11.20 18:19:29.963,0.85007,0.85012,1.37,1.87
2017.11.20 18:19:30.573,0.85008,0.85012,1.12,1.00
2017.11.20 18:19:31.144,0.85008,0.85013,1.37,1.69
2017.11.20 18:19:31.666,0.85008,0.85013,1.00,2.81
2017.11.20 18:19:34.747,0.85007,0.85012,1.00,1.00
2017.11.20 18:19:35.249,0.85007,0.85013,1.12,2.06
2017.11.20 18:19:36.171,0.85007,0.85013,2.62,1.25
2017.11.20 18:19:36.728,0.85008,0.85014,1.50,1.00
2017.11.20 18:19:42.671,0.85008,0.85014,2.25,1.69
2017.11.20 18:19:48.679,0.85009,0.85014,1.12,1.19
2017.11.20 18:20:01.035,0.8501,0.85015,1.00,2.06
2017.11.20 18:20:01.581,0.8501,0.85015,1.00,1.31
2017.11.20 18:20:02.198,0.85011,0.85015,1.00,1.31
2017.11.20 18:20:03.314,0.85013,0.85016,1.00,1.50
2017.11.20 18:20:08.003,0.85012,0.85016,1.00,1.31
2017.11.20 18:20:22.749,0.8501,0.85015,1.00,3.56
2017.11.20 18:20:23.300,0.85009,0.85014,1.12,1.31
2017.11.20 18:20:24.593,0.85008,0.85013,1.00,2.44
2017.11.20 18:20:25.105,0.85008,0.85013,1.00,3.56
2017.11.20 18:20:25.411,0.85005,0.85009,1.12,1.00
2017.11.20 18:20:26.352,0.85005,0.85009,1.12,1.00
2017.11.20 18:20:28.128,0.85005,0.85009,1.50,1.00
2017.11.20 18:20:32.152,0.85005,0.85009,1.12,1.69
2017.11.20 18:20:33.173,0.85006,0.8501,1.00,3.94
2017.11.20 18:20:34.126,0.85005,0.85009,1.00,2.06
2017.11.20 18:20:37.158,0.85005,0.85009,1.12,3.19
2017.11.20 18:20:37.664,0.85006,0.85009,1.00,2.62
2017.11.20 18:20:38.377,0.85003,0.85007,1.37,2.25
2017.11.20 18:20:39.124,0.85004,0.85007,1.00,2.25
2017.11.20 18:20:39.924,0.85004,0.85009,1.12,2.44
2017.11.20 18:20:40.451,0.85004,0.85009,1.37,1.25
2017.11.20 18:20:44.260,0.85004,0.8501,1.50,2.62
2017.11.20 18:20:50.249,0.85007,0.85013,1.37,5.81
2017.11.20 18:20:51.970,0.85008,0.85013,1.37,2.06
2017.11.20 18:20:59.883,0.85008,0.85012,1.00,1.25
2017.11.20 18:21:00.139,0.85005,0.85008,1.12,1.50
2017.11.20 18:21:01.069,0.85004,0.85008,1.12,2.62
2017.11.20 18:21:02.184,0.85004,0.85009,1.12,2.44
2017.11.20 18:21:02.995,0.85004,0.85009,1.12,3.56
2017.11.20 18:21:03.536,0.85003,0.85008,1.12,1.31
2017.11.20 18:21:03.779,0.85002,0.85006,1.37,1.00
2017.11.20 18:21:05.694,0.85002,0.85006,1.12,1.50
2017.11.20 18:21:06.780,0.85003,0.85008,1.12,4.69
2017.11.20 18:21:08.710,0.85003,0.85008,1.12,5.81
2017.11.20 18:21:09.675,0.85004,0.85008,1.00,4.69
2017.11.20 18:21:10.214,0.85005,0.85009,1.00,3.19
2017.11.20 18:21:10.730,0.85004,0.85009,1.37,4.69
2017.11.20 18:21:11.397,0.85004,0.85008,1.12,1.12
2017.11.20 18:21:12.052,0.85004,0.85008,1.00,2.06
2017.11.20 18:21:12.492,0.85002,0.85006,1.00,5.44
2017.11.20 18:21:12.995,0.85001,0.85005,1.00,3.94
2017.11.20 18:21:13.572,0.85,0.85005,1.00,3.94
2017.11.20 18:21:14.292,0.85002,0.85006,1.00,6.19
2017.11.20 18:21:15.487,0.85,0.85004,1.00,1.00
2017.11.20 18:21:16.032,0.85002,0.85005,1.00,2.06
2017.11.20 18:21:16.974,0.85002,0.85005,1.00,2.06
2017.11.20 18:21:17.779,0.85002,0.85006,1.00,3.19
2017.11.20 18:21:19.006,0.85001,0.85006,1.00,2.06
2017.11.20 18:21:20.258,0.85002,0.85006,1.00,1.25
2017.11.20 18:21:20.790,0.85002,0.85007,1.00,1.31
2017.11.20 18:21:22.771,0.85004,0.85008,1.00,3.75
2017.11.20 18:21:23.411,0.85005,0.85008,1.00,3.75
2017.11.20 18:21:24.418,0.85004,0.85008,1.00,4.12
2017.11.20 18:21:31.274,0.85004,0.85008,1.00,4.69
2017.11.20 18:21:31.790,0.85002,0.85006,1.00,1.00
2017.11.20 18:21:32.296,0.85003,0.85007,1.00,2.06
2017.11.20 18:21:33.804,0.85002,0.85006,1.00,1.00
2017.11.20 18:21:34.350,0.85002,0.85006,1.00,3.19
2017.11.20 18:21:38.461,0.85002,0.85006,1.00,3.94
2017.11.20 18:21:39.109,0.85003,0.85007,1.00,4.31
2017.11.20 18:21:44.354,0.85002,0.85006,1.00,1.25
2017.11.20 18:21:49.944,0.85003,0.85007,1.00,2.44
2017.11.20 18:21:53.138,0.85002,0.85007,1.00,2.44
2017.11.20 18:21:53.672,0.85002,0.85007,1.00,2.06
2017.11.20 18:21:54.393,0.85002,0.85007,1.00,1.31
2017.11.20 18:21:56.430,0.85003,0.85007,1.00,1.31
2017.11.20 18:21:57.597,0.85002,0.85007,1.00,1.31
2017.11.20 18:21:58.533,0.85003,0.85007,1.00,1.31
2017.11.20 18:21:59.604,0.85002,0.85007,1.00,1.31
2017.11.20 18:22:01.084,0.85001,0.85007,1.12,3.19
2017.11.20 18:22:01.475,0.85002,0.85007,1.00,1.69
2017.11.20 18:22:02.248,0.85002,0.85007,1.00,1.31
2017.11.20 18:22:03.385,0.85003,0.85007,1.00,1.69
2017.11.20 18:22:04.301,0.85002,0.85007,1.00,1.69
2017.11.20 18:22:07.898,0.85003,0.85007,1.00,2.81
2017.11.20 18:22:08.599,0.85002,0.85007,1.00,3.56
2017.11.20 18:22:09.192,0.85001,0.85006,1.87,1.31
2017.11.20 18:22:09.791,0.85001,0.85006,1.87,1.19
2017.11.20 18:22:10.882,0.85002,0.85006,1.00,3.19
2017.11.20 18:22:20.050,0.85001,0.85006,1.50,1.56
2017.11.20 18:22:21.068,0.85002,0.85006,1.00,1.25
2017.11.20 18:22:21.607,0.85003,0.85007,1.00,1.69
2017.11.20 18:22:22.115,0.85002,0.85007,1.00,2.44
2017.11.20 18:22:22.375,0.85001,0.85007,1.00,2.06
2017.11.20 18:22:22.904,0.85002,0.85006,1.00,1.25
2017.11.20 18:22:27.613,0.85003,0.85007,1.00,1.00
2017.11.20 18:22:27.766,0.85005,0.85009,1.00,2.81
2017.11.20 18:22:28.586,0.85005,0.85009,1.00,1.50
2017.11.20 18:22:30.020,0.85005,0.8501,1.00,1.69
2017.11.20 18:22:30.498,0.85007,0.85011,1.00,1.69
2017.11.20 18:22:31.102,0.85006,0.85011,1.00,2.06
2017.11.20 18:22:33.681,0.85003,0.85011,2.25,6.19
2017.11.20 18:22:45.066,0.85003,0.85008,1.00,4.12
2017.11.20 18:22:45.168,0.85001,0.85005,1.50,1.50
2017.11.20 18:22:46.657,0.85,0.85005,1.00,1.69
2017.11.20 18:22:47.394,0.85,0.85006,1.00,4.31
2017.11.20 18:22:47.965,0.85002,0.85006,1.00,2.81
2017.11.20 18:22:57.748,0.85001,0.85006,1.00,2.44
2017.11.20 18:23:02.492,0.85002,0.85007,1.00,2.44
2017.11.20 18:23:03.341,0.85002,0.85007,1.00,2.06
2017.11.20 18:23:07.118,0.85002,0.85007,1.00,2.06
2017.11.20 18:23:10.157,0.85003,0.85008,1.00,2.44
2017.11.20 18:23:11.045,0.85004,0.85009,1.00,2.81
2017.11.20 18:23:11.199,0.85002,0.85007,1.87,2.06
2017.11.20 18:23:11.743,0.85003,0.85007,1.00,1.31
2017.11.20 18:23:13.325,0.85003,0.85008,1.00,1.69
2017.11.20 18:23:14.234,0.85004,0.85009,1.00,2.44
2017.11.20 18:23:15.331,0.85004,0.85009,1.00,2.44
2017.11.20 18:23:15.434,0.85,0.85008,5.81,2.06
2017.11.20 18:23:15.486,0.85003,0.85008,1.00,1.69
2017.11.20 18:23:19.257,0.85003,0.85008,1.00,2.44
2017.11.20 18:23:19.499,0.85004,0.85011,1.12,3.56
2017.11.20 18:23:19.805,0.85008,0.85011,1.00,1.31
2017.11.20 18:23:20.061,0.85005,0.85013,1.62,2.81
2017.11.20 18:23:20.214,0.85008,0.85013,1.00,1.69
2017.11.20 18:23:20.716,0.85009,0.85013,1.00,1.25
2017.11.20 18:23:21.426,0.8501,0.85014,1.00,1.50
2017.11.20 18:23:22.053,0.85009,0.85013,1.00,1.69
2017.11.20 18:23:23.135,0.85009,0.85013,1.00,2.81
2017.11.20 18:23:26.463,0.85007,0.85013,1.00,2.81
2017.11.20 18:23:30.341,0.85009,0.85013,1.00,1.31
2017.11.20 18:23:33.787,0.85006,0.85013,1.00,1.69
2017.11.20 18:23:34.302,0.85009,0.85012,1.00,1.87
2017.11.20 18:23:35.292,0.85008,0.85012,1.00,1.12
2017.11.20 18:23:35.604,0.85008,0.85013,1.00,1.50
2017.11.20 18:23:35.758,0.85011,0.85015,1.00,3.56
2017.11.20 18:23:35.861,0.85011,0.85016,1.00,5.44
2017.11.20 18:23:36.224,0.85009,0.85013,1.00,1.00
2017.11.20 18:23:37.240,0.8501,0.85014,1.00,1.87
2017.11.20 18:23:38.376,0.85009,0.85013,1.00,1.00
2017.11.20 18:23:48.428,0.85009,0.85014,1.00,3.19
2017.11.20 18:23:49.447,0.85008,0.85012,1.00,1.31
2017.11.20 18:23:55.563,0.85008,0.85012,1.00,1.31
2017.11.20 18:23:56.810,0.85005,0.85012,1.12,1.69
2017.11.20 18:23:57.167,0.85006,0.85012,1.50,1.69
2017.11.20 18:24:06.490,0.85006,0.85011,1.50,2.25
2017.11.20 18:24:07.247,0.85005,0.85008,1.00,1.00
2017.11.20 18:24:09.111,0.85002,0.85008,1.12,1.69
2017.11.20 18:24:09.163,0.85005,0.85009,1.00,2.06
2017.11.20 18:24:09.214,0.85004,0.8501,1.12,1.94
2017.11.20 18:24:09.317,0.85004,0.85009,2.06,1.37
2017.11.20 18:24:09.491,0.85007,0.85011,1.00,3.00
2017.11.20 18:24:09.999,0.85007,0.85011,1.00,2.81
2017.11.20 18:24:10.539,0.85006,0.85012,1.00,2.06
2017.11.20 18:24:10.967,0.85008,0.85012,1.00,1.50
2017.11.20 18:24:20.142,0.85008,0.85013,1.00,2.81
2017.11.20 18:24:26.765,0.85008,0.85013,1.00,1.62
2017.11.20 18:24:27.824,0.8501,0.85014,1.00,2.06
2017.11.20 18:24:31.360,0.85009,0.85013,1.00,1.25
2017.11.20 18:24:34.978,0.8501,0.85015,1.00,2.06
2017.11.20 18:24:38.686,0.85011,0.85015,1.00,1.25
2017.11.20 18:24:39.365,0.85011,0.85017,1.12,1.69
2017.11.20 18:24:42.504,0.85013,0.85017,1.00,5.81
2017.11.20 18:24:42.923,0.85011,0.85015,1.00,1.00
2017.11.20 18:24:44.372,0.85011,0.85014,1.00,1.12
2017.11.20 18:24:47.643,0.85012,0.85014,1.00,1.31
2017.11.20 18:24:47.745,0.85011,0.85016,1.00,2.06
2017.11.20 18:24:50.141,0.8501,0.85014,1.12,1.00
2017.11.20 18:24:51.334,0.85011,0.85015,1.00,1.31
2017.11.20 18:24:51.890,0.85011,0.85016,1.00,2.06
2017.11.20 18:24:52.676,0.85011,0.85017,1.00,2.44
2017.11.20 18:24:53.189,0.85012,0.85017,1.00,1.69
2017.11.20 18:24:55.722,0.85013,0.85018,1.00,2.44
2017.11.20 18:24:56.183,0.85011,0.85017,1.00,1.69
2017.11.20 18:25:00.533,0.85012,0.85017,1.00,1.69
2017.11.20 18:25:01.780,0.85012,0.85017,1.00,2.25
2017.11.20 18:25:02.291,0.85011,0.85016,1.00,1.50
2017.11.20 18:25:03.208,0.85012,0.85018,1.00,4.12
2017.11.20 18:25:04.345,0.85012,0.85018,1.00,1.87
2017.11.20 18:25:05.145,0.85012,0.85018,1.00,3.37
2017.11.20 18:25:10.257,0.8501,0.85014,2.81,1.00
2017.11.20 18:25:10.993,0.85011,0.85015,1.00,1.00
2017.11.20 18:25:11.500,0.85011,0.85015,1.00,1.00
2017.11.20 18:25:12.222,0.8501,0.85014,2.06,1.00
2017.11.20 18:25:15.597,0.85011,0.85016,2.06,1.00
2017.11.20 18:25:15.910,0.85011,0.85016,3.19,1.00
2017.11.20 18:25:16.591,0.85012,0.85016,2.06,1.00
2017.11.20 18:25:20.173,0.85013,0.85017,1.69,1.00
2017.11.20 18:25:24.829,0.85013,0.85018,1.69,1.00
2017.11.20 18:25:27.232,0.85013,0.85018,1.12,1.00
2017.11.20 18:25:28.195,0.85013,0.85019,1.87,1.87
2017.11.20 18:25:28.855,0.85013,0.85019,1.50,1.37
2017.11.20 18:25:36.421,0.85013,0.85018,1.87,1.00
2017.11.20 18:25:37.657,0.85013,0.85019,2.06,1.12
2017.11.20 18:25:47.744,0.85013,0.85017,1.31,1.00
2017.11.20 18:25:51.400,0.85013,0.85018,1.62,1.00
2017.11.20 18:26:05.678,0.85013,0.85017,2.44,1.00
2017.11.20 18:26:09.762,0.85013,0.85018,2.44,1.00
2017.11.20 18:26:10.713,0.85013,0.85017,2.44,1.00
2017.11.20 18:26:17.526,0.85012,0.85018,2.44,1.00
2017.11.20 18:26:20.886,0.85012,0.85017,1.69,1.00
2017.11.20 18:26:21.953,0.85012,0.85018,2.06,1.00
2017.11.20 18:26:25.429,0.85013,0.85017,1.25,1.00
2017.11.20 18:26:26.007,0.85012,0.85018,1.31,1.00
2017.11.20 18:26:29.019,0.85013,0.85017,2.06,1.00
2017.11.20 18:26:45.176,0.85014,0.85018,1.25,1.00
2017.11.20 18:26:53.188,0.85013,0.85017,2.06,1.00
2017.11.20 18:26:54.568,0.85012,0.85018,2.44,1.00
2017.11.20 18:26:57.304,0.85012,0.85016,1.31,1.00
2017.11.20 18:27:00.940,0.85012,0.85016,1.25,1.00
2017.11.20 18:27:02.494,0.85012,0.85017,1.25,1.00
2017.11.20 18:27:14.441,0.85012,0.85017,1.62,1.00
2017.11.20 18:27:15.260,0.85012,0.85017,1.25,1.00
2017.11.20 18:27:21.912,0.85012,0.85018,1.69,1.12
2017.11.20 18:27:29.583,0.85012,0.85018,1.31,1.00
2017.11.20 18:27:31.481,0.8501,0.85015,2.06,1.00
2017.11.20 18:27:32.062,0.85011,0.85016,1.69,1.00
2017.11.20 18:27:48.127,0.85011,0.85015,1.31,1.00
2017.11.20 18:27:52.268,0.85009,0.85012,1.00,1.00
2017.11.20 18:27:54.293,0.85011,0.85015,1.00,1.00
2017.11.20 18:27:54.345,0.85011,0.85018,2.62,2.44
2017.11.20 18:27:54.396,0.85013,0.8502,1.12,2.81
2017.11.20 18:27:54.448,0.85014,0.85018,1.37,1.00
2017.11.20 18:27:55.086,0.85015,0.85019,1.00,1.00
2017.11.20 18:28:01.396,0.85016,0.8502,2.25,1.00
2017.11.20 18:28:01.704,0.85016,0.85024,4.50,1.69
2017.11.20 18:28:02.221,0.85017,0.85025,1.50,2.44
2017.11.20 18:28:04.868,0.85016,0.85021,4.12,1.00
2017.11.20 18:28:06.371,0.85017,0.85022,2.25,1.00
2017.11.20 18:28:08.044,0.85017,0.85025,2.62,1.31
2017.11.20 18:28:09.048,0.85017,0.85021,1.50,1.00
2017.11.20 18:28:11.874,0.85017,0.85024,1.87,1.94
2017.11.20 18:28:14.902,0.85016,0.8502,2.25,1.00
2017.11.20 18:28:18.722,0.85017,0.85022,1.37,1.00
2017.11.20 18:28:19.640,0.85017,0.85021,1.87,1.00
2017.11.20 18:28:19.721,0.85017,0.85025,2.25,1.31
2017.11.20 18:28:20.666,0.85017,0.85022,1.81,1.00
2017.11.20 18:28:21.759,0.85017,0.85025,2.62,1.31
2017.11.20 18:28:25.548,0.85017,0.85022,1.87,1.00
2017.11.20 18:28:28.751,0.85017,0.85024,2.62,1.19
2017.11.20 18:28:28.803,0.85017,0.85025,2.62,1.19
2017.11.20 18:28:30.020,0.85018,0.85025,1.37,1.19
2017.11.20 18:28:32.171,0.85017,0.85024,2.62,1.25
2017.11.20 18:28:40.425,0.85018,0.85024,2.62,1.00
2017.11.20 18:28:44.845,0.85019,0.85023,1.50,1.00
2017.11.20 18:28:51.351,0.85019,0.85023,1.00,1.00
2017.11.20 18:29:01.848,0.85016,0.8502,1.12,1.00
2017.11.20 18:29:01.900,0.85015,0.85019,2.62,1.00
2017.11.20 18:29:02.296,0.85017,0.85022,2.25,1.00
2017.11.20 18:29:02.538,0.85016,0.8502,1.87,1.12
2017.11.20 18:29:02.641,0.85014,0.85016,1.00,1.00
2017.11.20 18:29:02.692,0.85012,0.85016,1.69,1.00
2017.11.20 18:29:03.489,0.85013,0.85017,1.00,1.00
2017.11.20 18:29:04.068,0.85014,0.85019,1.50,1.00
2017.11.20 18:29:14.677,0.85015,0.85019,1.00,1.00
2017.11.20 18:29:26.326,0.85014,0.85019,1.69,1.00
2017.11.20 18:29:28.833,0.85014,0.85018,1.12,1.00
2017.11.20 18:29:31.167,0.85014,0.85018,1.50,1.00
2017.11.20 18:29:34.192,0.85017,0.85021,1.50,1.12
2017.11.20 18:29:34.294,0.85019,0.85023,1.00,1.00
2017.11.20 18:29:34.599,0.8502,0.85025,1.62,1.00
2017.11.20 18:29:35.326,0.8502,0.85024,1.31,1.00
2017.11.20 18:29:35.676,0.85019,0.85024,1.31,1.50
2017.11.20 18:29:35.730,0.85018,0.85022,1.00,1.00
2017.11.20 18:29:39.484,0.85016,0.8502,1.12,1.00
2017.11.20 18:29:39.993,0.85015,0.85019,1.69,1.00
2017.11.20 18:29:40.620,0.85016,0.85021,2.44,1.00
2017.11.20 18:29:41.816,0.85016,0.85022,2.44,1.00
2017.11.20 18:29:43.552,0.85016,0.85022,3.19,1.00
2017.11.20 18:29:45.544,0.85018,0.85022,1.31,1.00
2017.11.20 18:29:46.150,0.85017,0.85021,1.69,1.00
2017.11.20 18:29:46.565,0.85018,0.85022,1.00,2.62
2017.11.20 18:29:47.113,0.85015,0.85019,1.69,1.00
2017.11.20 18:29:47.676,0.85017,0.85021,1.87,1.25
2017.11.20 18:29:47.778,0.85018,0.85022,2.25,1.00
2017.11.20 18:29:48.251,0.8502,0.85025,1.69,1.00
2017.11.20 18:29:48.886,0.85019,0.85024,2.06,1.00
2017.11.20 18:29:49.516,0.8502,0.85025,1.50,1.00
2017.11.20 18:29:51.186,0.8502,0.85024,2.62,1.00
2017.11.20 18:29:53.199,0.85021,0.85025,1.12,1.25
2017.11.20 18:29:54.149,0.85019,0.85022,1.00,1.00
2017.11.20 18:29:54.547,0.85019,0.85023,1.00,1.00
2017.11.20 18:29:58.365,0.85017,0.8502,1.00,1.00
2017.11.20 18:29:59.522,0.85018,0.85021,1.00,1.00
2017.11.20 18:30:04.393,0.85017,0.85021,1.12,1.00
2017.11.20 18:30:05.807,0.85017,0.85021,2.62,1.00
2017.11.20 18:30:11.187,0.85018,0.85023,2.25,1.31
2017.11.20 18:30:11.569,0.85016,0.85021,1.12,1.37
2017.11.20 18:30:12.373,0.85015,0.8502,2.25,1.00
2017.11.20 18:30:12.883,0.85015,0.85021,2.81,1.00
2017.11.20 18:30:17.713,0.85017,0.85022,1.37,1.25
2017.11.20 18:30:19.183,0.85018,0.85022,1.12,1.31
2017.11.20 18:30:19.492,0.85016,0.8502,1.12,1.00
2017.11.20 18:30:21.414,0.85016,0.8502,1.00,1.00
2017.11.20 18:30:23.643,0.85016,0.8502,1.00,1.12
2017.11.20 18:30:25.888,0.85015,0.85019,1.12,1.00
2017.11.20 18:30:44.777,0.85016,0.85021,2.62,1.00
2017.11.20 18:30:44.967,0.85018,0.85022,1.12,1.00
2017.11.20 18:30:45.529,0.85019,0.85024,2.25,1.00
2017.11.20 18:30:46.606,0.8502,0.85025,1.69,1.00
2017.11.20 18:30:54.272,0.85018,0.85021,1.12,1.00
2017.11.20 18:30:55.170,0.85017,0.85022,1.50,1.12
2017.11.20 18:30:55.681,0.85017,0.85021,1.00,1.31
2017.11.20 18:30:56.678,0.85016,0.8502,1.87,1.00
2017.11.20 18:30:56.832,0.85015,0.85019,1.12,1.00
2017.11.20 18:30:57.036,0.85015,0.85019,1.12,1.00
2017.11.20 18:30:57.705,0.85015,0.85021,2.81,1.00
2017.11.20 18:30:58.061,0.85016,0.85021,1.69,1.00
2017.11.20 18:31:03.880,0.85017,0.85023,3.56,1.00
2017.11.20 18:31:04.442,0.85017,0.85022,1.50,1.00
2017.11.20 18:31:06.481,0.85017,0.85021,1.12,1.00
2017.11.20 18:31:09.402,0.85017,0.85021,1.00,1.25
2017.11.20 18:31:09.455,0.85015,0.85019,1.12,1.00
2017.11.20 18:31:09.609,0.85013,0.85017,1.00,1.00
2017.11.20 18:31:10.143,0.85013,0.85017,1.00,1.00
2017.11.20 18:31:15.030,0.85013,0.85018,2.25,1.00
2017.11.20 18:31:17.884,0.85012,0.85016,2.81,1.00
2017.11.20 18:31:28.558,0.85013,0.85017,1.12,1.00
2017.11.20 18:31:29.866,0.85013,0.85017,1.00,1.00
2017.11.20 18:31:30.664,0.85012,0.85016,1.00,1.12
2017.11.20 18:31:31.677,0.85012,0.85016,1.00,1.31
2017.11.20 18:31:31.728,0.85009,0.85013,1.87,1.00
2017.11.20 18:31:32.626,0.85009,0.85013,1.12,1.00
2017.11.20 18:31:35.847,0.85008,0.85012,1.87,1.00
2017.11.20 18:31:38.637,0.85009,0.85013,1.12,1.31
2017.11.20 18:31:38.792,0.8501,0.85014,1.31,1.00
2017.11.20 18:31:38.984,0.85013,0.85017,1.87,1.00
2017.11.20 18:31:39.494,0.85015,0.8502,1.50,1.00
2017.11.20 18:31:47.074,0.85015,0.85019,2.62,1.00
2017.11.20 18:31:47.381,0.8501,0.85014,1.12,1.12
2017.11.20 18:31:47.992,0.85009,0.85013,1.12,1.00
2017.11.20 18:31:48.766,0.85011,0.85015,1.25,1.00
2017.11.20 18:31:49.156,0.8501,0.85014,1.25,1.12
2017.11.20 18:31:58.398,0.85008,0.85013,1.31,1.00
2017.11.20 18:32:02.947,0.85008,0.85012,1.87,1.00
2017.11.20 18:32:04.892,0.8501,0.85014,1.00,1.00
2017.11.20 18:32:04.944,0.8501,0.85014,1.50,1.00
2017.11.20 18:32:05.468,0.85011,0.85015,1.00,1.00
2017.11.20 18:32:06.503,0.85011,0.85015,1.00,1.00
2017.11.20 18:32:09.534,0.8501,0.85016,2.81,1.00
2017.11.20 18:32:15.154,0.85011,0.85015,1.50,1.00
2017.11.20 18:32:17.885,0.85012,0.85016,1.00,1.00
2017.11.20 18:32:18.359,0.8501,0.85014,1.69,1.00
2017.11.20 18:32:19.865,0.85011,0.85015,1.00,1.12
2017.11.20 18:32:22.437,0.8501,0.85015,1.00,1.87
2017.11.20 18:32:23.101,0.8501,0.85014,1.00,1.00
2017.11.20 18:32:24.165,0.85009,0.85014,1.50,1.00
2017.11.20 18:32:29.213,0.85008,0.85012,2.06,1.00
2017.11.20 18:32:51.295,0.85006,0.8501,1.50,1.00
2017.11.20 18:32:51.450,0.85005,0.8501,1.50,1.00
2017.11.20 18:32:57.703,0.85006,0.85012,2.06,1.00
2017.11.20 18:32:57.806,0.85008,0.85012,1.00,1.00
2017.11.20 18:32:58.494,0.85007,0.85011,2.44,1.00
2017.11.20 18:33:09.759,0.85008,0.85012,1.00,1.00
2017.11.20 18:33:13.679,0.85008,0.85013,1.50,1.00
2017.11.20 18:33:14.182,0.85008,0.85012,1.50,1.00
2017.11.20 18:33:20.356,0.85006,0.85012,1.50,1.62
2017.11.20 18:33:20.408,0.85005,0.8501,1.50,1.00
2017.11.20 18:33:22.372,0.85003,0.85009,3.00,1.12
2017.11.20 18:33:25.097,0.85003,0.85008,1.50,1.00
2017.11.20 18:33:25.696,0.85003,0.85008,1.50,1.00
2017.11.20 18:33:42.733,0.85002,0.85008,2.25,1.69
2017.11.20 18:33:42.836,0.85001,0.85006,1.69,1.00
2017.11.20 18:33:43.186,0.85001,0.85004,1.12,1.00
2017.11.20 18:33:43.238,0.85,0.85004,1.12,1.00
2017.11.20 18:33:43.741,0.84999,0.85003,1.12,1.00
2017.11.20 18:33:44.084,0.85,0.85005,1.00,1.12
2017.11.20 18:33:45.818,0.85,0.85004,1.00,1.00
2017.11.20 18:33:46.834,0.84998,0.85004,3.56,1.00
2017.11.20 18:33:47.679,0.84999,0.85005,1.12,1.00
2017.11.20 18:33:50.882,0.84999,0.85005,1.87,1.00
2017.11.20 18:33:53.117,0.85,0.85006,1.12,1.00
2017.11.20 18:33:55.048,0.85001,0.85006,1.00,1.00
2017.11.20 18:33:57.235,0.84999,0.85005,3.56,1.50
2017.11.20 18:34:00.107,0.85001,0.85006,1.12,1.00
2017.11.20 18:34:04.253,0.85,0.85005,1.12,1.00
2017.11.20 18:34:04.508,0.84998,0.85004,1.87,1.00
2017.11.20 18:34:05.363,0.84998,0.85002,1.12,1.00
2017.11.20 18:34:06.532,0.84997,0.85001,2.44,1.00
2017.11.20 18:34:07.071,0.84997,0.85002,1.69,1.00
2017.11.20 18:34:07.543,0.85001,0.85007,1.75,2.25
2017.11.20 18:34:08.086,0.85002,0.85006,1.87,1.00
2017.11.20 18:34:10.603,0.85002,0.85008,2.00,1.87
2017.11.20 18:34:10.756,0.85003,0.85008,1.50,1.12
2017.11.20 18:34:11.259,0.85002,0.85006,1.87,1.00
2017.11.20 18:34:13.580,0.85003,0.85007,1.50,1.00
2017.11.20 18:34:14.889,0.85006,0.8501,1.37,1.25
2017.11.20 18:34:14.941,0.85002,0.85005,9.75,1.12
2017.11.20 18:34:14.992,0.85003,0.85005,1.62,1.00
2017.11.20 18:34:15.044,0.85003,0.85009,1.94,1.12
2017.11.20 18:34:15.096,0.85003,0.85007,1.50,1.00
2017.11.20 18:34:15.148,0.85003,0.85009,2.25,1.12
2017.11.20 18:34:15.199,0.85006,0.8501,1.00,1.25
2017.11.20 18:34:15.255,0.85005,0.85009,1.00,1.25
2017.11.20 18:34:15.306,0.85007,0.85011,1.00,1.12
2017.11.20 18:34:15.651,0.85,0.85004,4.31,1.00
2017.11.20 18:34:16.169,0.84999,0.85003,1.25,1.00
2017.11.20 18:34:16.271,0.84999,0.85003,1.25,1.00
2017.11.20 18:34:16.663,0.85,0.85005,1.31,1.00
2017.11.20 18:34:17.255,0.84999,0.85004,1.31,1.00
2017.11.20 18:34:17.772,0.84999,0.85003,1.00,1.00
2017.11.20 18:34:19.223,0.84997,0.85003,1.87,1.12
2017.11.20 18:34:19.275,0.84997,0.85001,1.00,1.00
2017.11.20 18:34:20.059,0.84996,0.85002,1.69,1.00
2017.11.20 18:34:20.967,0.84997,0.85002,1.00,1.00
2017.11.20 18:34:22.433,0.84998,0.85004,1.00,3.19
2017.11.20 18:34:27.719,0.84997,0.85003,1.50,1.12
2017.11.20 18:34:29.646,0.84996,0.85001,1.00,2.06
2017.11.20 18:34:30.004,0.84998,0.85004,1.50,2.81
2017.11.20 18:34:30.146,0.85,0.85005,1.00,1.12
2017.11.20 18:34:30.561,0.84998,0.85005,1.00,2.44
2017.11.20 18:34:31.287,0.84998,0.85003,1.00,1.62
2017.11.20 18:34:31.916,0.84998,0.85004,1.87,1.62
2017.11.20 18:34:32.420,0.84999,0.85004,1.00,1.56
2017.11.20 18:34:33.079,0.84998,0.85004,1.00,3.56
2017.11.20 18:34:33.614,0.84999,0.85004,1.00,1.69
2017.11.20 18:34:34.135,0.84999,0.85004,1.00,1.69
2017.11.20 18:34:35.194,0.85,0.85004,1.00,1.12
2017.11.20 18:34:35.847,0.84998,0.85002,1.00,1.31
2017.11.20 18:34:36.358,0.85,0.85005,1.00,3.94
2017.11.20 18:34:36.410,0.85001,0.85005,1.00,2.06
2017.11.20 18:34:37.677,0.85001,0.85006,1.00,3.94
2017.11.20 18:34:41.000,0.85001,0.85005,1.00,1.69
2017.11.20 18:34:41.547,0.85001,0.85005,1.00,3.19
2017.11.20 18:34:43.670,0.84998,0.85004,1.12,2.06
2017.11.20 18:34:46.400,0.84999,0.85003,1.00,1.69
2017.11.20 18:34:47.047,0.85,0.85004,1.00,2.44
2017.11.20 18:34:47.559,0.84997,0.85003,1.00,3.94
2017.11.20 18:34:47.696,0.84996,0.85,1.00,2.62
2017.11.20 18:34:47.747,0.84994,0.84998,1.00,1.00
2017.11.20 18:34:48.054,0.84994,0.84998,1.00,1.31
2017.11.20 18:34:49.561,0.84993,0.84998,1.00,2.44
2017.11.20 18:34:52.281,0.84993,0.84997,1.00,1.25
2017.11.20 18:34:52.332,0.84994,0.84998,1.00,6.37
2017.11.20 18:34:52.676,0.84993,0.84998,1.00,2.81
2017.11.20 18:34:53.281,0.84995,0.84999,1.00,1.00
2017.11.20 18:34:55.140,0.84994,0.84999,1.00,1.37
2017.11.20 18:34:55.662,0.84992,0.84998,1.87,1.50
2017.11.20 18:34:56.328,0.84992,0.84997,1.00,1.87
2017.11.20 18:34:58.518,0.84991,0.84995,1.00,1.12
2017.11.20 18:34:58.575,0.84991,0.84996,1.00,2.37
2017.11.20 18:34:58.728,0.84993,0.84998,1.00,3.19
2017.11.20 18:34:58.867,0.84995,0.84999,1.00,3.12
2017.11.20 18:34:59.405,0.84995,0.84999,1.00,2.37
2017.11.20 18:35:00.300,0.84992,0.84999,1.12,3.56
2017.11.20 18:35:02.130,0.8499,0.84998,2.44,2.81
2017.11.20 18:35:02.405,0.84994,0.84998,1.00,1.31
2017.11.20 18:35:03.099,0.84995,0.84999,1.00,1.12
2017.11.20 18:35:04.557,0.84996,0.85,1.00,1.12
2017.11.20 18:35:06.169,0.84992,0.84999,1.12,2.06
2017.11.20 18:35:06.220,0.84992,0.84999,1.12,1.69
2017.11.20 18:35:06.272,0.84992,0.84999,2.44,1.37
2017.11.20 18:35:07.226,0.84994,0.84999,1.00,1.12
2017.11.20 18:35:09.876,0.84995,0.85001,1.12,2.25
2017.11.20 18:35:09.978,0.84997,0.85001,1.00,1.50
2017.11.20 18:35:18.165,0.84996,0.85001,1.00,2.25
2017.11.20 18:35:19.296,0.84996,0.85001,1.00,3.75
2017.11.20 18:35:19.984,0.84995,0.85,1.00,2.62
2017.11.20 18:35:20.334,0.84993,0.84999,1.00,5.06
2017.11.20 18:35:21.084,0.84993,0.84998,1.00,2.25
2017.11.20 18:35:21.634,0.84994,0.84999,1.00,2.81
2017.11.20 18:35:22.068,0.84992,0.84998,1.12,1.31
2017.11.20 18:35:22.584,0.84995,0.84999,1.00,1.87
2017.11.20 18:35:23.098,0.84994,0.85001,1.69,1.50
2017.11.20 18:35:23.303,0.84993,0.85,1.87,2.81
2017.11.20 18:35:23.930,0.84993,0.85,1.87,2.81
2017.11.20 18:35:24.879,0.84993,0.85,1.87,2.06
2017.11.20 18:35:25.900,0.84993,0.85,1.87,2.06
2017.11.20 18:35:26.522,0.84994,0.85,1.00,2.81
2017.11.20 18:35:28.652,0.84993,0.84999,1.12,2.06
2017.11.20 18:35:29.616,0.84993,0.84999,1.00,3.56
2017.11.20 18:35:31.118,0.84991,0.84997,1.69,1.87
2017.11.20 18:35:31.875,0.84992,0.84998,1.69,1.37
2017.11.20 18:35:33.962,0.84992,0.84998,1.31,1.37
2017.11.20 18:35:37.573,0.84993,0.84999,1.00,2.25
2017.11.20 18:35:37.679,0.84998,0.85002,1.00,2.25
2017.11.20 18:35:37.731,0.84999,0.85003,1.00,1.00
2017.11.20 18:35:38.392,0.85002,0.85006,1.00,3.75
2017.11.20 18:35:38.444,0.84999,0.85003,1.00,1.69
2017.11.20 18:35:38.547,0.84998,0.85003,1.00,3.19
2017.11.20 18:35:40.958,0.84998,0.85004,1.00,11.81
2017.11.20 18:35:45.199,0.84998,0.85004,1.00,6.19
2017.11.20 18:35:46.139,0.84999,0.85004,1.00,5.06
2017.11.20 18:35:48.532,0.84997,0.85002,1.00,1.37
2017.11.20 18:35:49.061,0.84999,0.85006,1.87,2.81
2017.11.20 18:35:49.113,0.85003,0.85008,1.00,6.56
2017.11.20 18:35:49.444,0.85005,0.85009,1.00,1.87
2017.11.20 18:35:50.644,0.85006,0.8501,1.00,4.31
2017.11.20 18:35:53.333,0.85005,0.8501,1.00,1.50
2017.11.20 18:35:53.536,0.85003,0.85008,1.56,1.00
2017.11.20 18:35:53.640,0.85002,0.85006,1.25,1.00
2017.11.20 18:36:01.127,0.85002,0.85005,1.00,1.12
2017.11.20 18:36:01.656,0.85001,0.85005,1.25,1.00
2017.11.20 18:36:11.472,0.85,0.85004,1.00,1.00
2017.11.20 18:36:20.980,0.85001,0.85005,1.00,1.00
2017.11.20 18:36:23.121,0.85002,0.85006,1.00,1.12
2017.11.20 18:36:23.172,0.85005,0.85009,1.00,4.31
2017.11.20 18:36:25.720,0.85004,0.85008,1.00,2.06
2017.11.20 18:36:26.055,0.85002,0.85008,1.00,2.44
2017.11.20 18:36:27.565,0.85003,0.85008,1.00,1.69
2017.11.20 18:36:29.087,0.85003,0.85008,1.00,2.25
2017.11.20 18:36:29.190,0.85002,0.85006,1.00,1.87
2017.11.20 18:36:29.720,0.85,0.85005,1.00,1.37
2017.11.20 18:36:30.303,0.85001,0.85006,1.00,2.62
2017.11.20 18:36:32.088,0.85001,0.85005,1.00,1.87
2017.11.20 18:36:43.026,0.85003,0.85007,1.00,2.81
2017.11.20 18:36:43.536,0.85004,0.85008,1.00,3.37
2017.11.20 18:36:44.069,0.85002,0.85007,1.00,2.25
2017.11.20 18:36:44.619,0.85001,0.85007,1.00,1.87
2017.11.20 18:36:45.125,0.85,0.85005,1.00,1.37
2017.11.20 18:36:45.177,0.85001,0.85005,1.00,1.12
2017.11.20 18:36:57.238,0.85001,0.85005,1.00,1.25
2017.11.20 18:36:57.290,0.85001,0.85005,1.00,1.00
2017.11.20 18:36:57.906,0.85,0.85006,1.25,1.87
2017.11.20 18:36:59.158,0.85001,0.85005,1.00,1.87
2017.11.20 18:37:07.292,0.84999,0.85004,1.00,3.75
2017.11.20 18:37:07.848,0.84999,0.85002,1.00,1.12
2017.11.20 18:37:09.345,0.84996,0.85001,1.25,1.50
2017.11.20 18:37:24.256,0.84997,0.85001,1.00,1.50
2017.11.20 18:37:27.156,0.84997,0.85001,1.00,1.12
2017.11.20 18:37:29.373,0.84997,0.85001,1.00,1.12
2017.11.20 18:37:30.968,0.84996,0.85001,1.00,1.50
2017.11.20 18:37:32.774,0.84994,0.85001,1.69,2.25
2017.11.20 18:37:38.577,0.84994,0.85001,1.00,3.19
2017.11.20 18:37:52.534,0.84992,0.84997,2.06,1.00
2017.11.20 18:37:53.703,0.84992,0.84998,2.06,1.00
2017.11.20 18:37:56.050,0.84993,0.84998,1.31,1.00
2017.11.20 18:37:56.638,0.84996,0.85002,1.19,1.50
2017.11.20 18:37:57.174,0.84996,0.85002,1.62,1.00
2017.11.20 18:37:57.700,0.84997,0.85004,1.69,1.87
2017.11.20 18:37:57.955,0.84997,0.85003,2.06,1.00
2017.11.20 18:38:01.674,0.84997,0.85003,2.06,1.00
2017.11.20 18:38:02.189,0.84997,0.85002,1.25,1.00
2017.11.20 18:38:02.650,0.84997,0.85003,1.56,1.00
2017.11.20 18:38:13.184,0.84997,0.85002,1.31,1.00
2017.11.20 18:38:13.236,0.84997,0.85002,1.31,1.00
2017.11.20 18:38:20.144,0.84996,0.85003,1.56,1.12
2017.11.20 18:38:23.389,0.84995,0.85002,2.44,1.12
2017.11.20 18:38:23.900,0.84996,0.85002,1.19,1.00
2017.11.20 18:38:24.582,0.84996,0.85002,1.19,1.37
2017.11.20 18:38:27.669,0.84995,0.85001,1.19,1.12
2017.11.20 18:38:29.737,0.84993,0.85001,2.81,3.00
2017.11.20 18:38:30.020,0.84996,0.85002,1.12,2.62
2017.11.20 18:38:30.330,0.84999,0.85007,2.81,1.50
2017.11.20 18:38:35.087,0.85001,0.85008,1.31,1.00
2017.11.20 18:38:35.800,0.85,0.85007,2.44,1.87
2017.11.20 18:38:36.345,0.85,0.85006,1.00,1.50
2017.11.20 18:38:37.137,0.85001,0.85006,1.00,1.00
2017.11.20 18:38:38.669,0.85,0.85006,1.00,1.00
2017.11.20 18:38:39.272,0.84999,0.85006,3.00,1.25
2017.11.20 18:38:39.853,0.84999,0.85006,3.00,1.69
2017.11.20 18:38:40.398,0.85,0.85006,1.00,1.69
2017.11.20 18:38:40.877,0.84999,0.85005,1.87,1.69
2017.11.20 18:38:41.522,0.84998,0.85005,1.87,1.69
2017.11.20 18:38:42.854,0.84999,0.85005,1.00,1.69
2017.11.20 18:38:43.432,0.84998,0.85005,1.87,1.69
2017.11.20 18:38:43.739,0.84999,0.85005,1.37,1.25
2017.11.20 18:38:53.633,0.84999,0.85003,1.12,1.00
2017.11.20 18:38:57.149,0.85001,0.85005,1.00,1.25
2017.11.20 18:38:57.661,0.84999,0.85003,1.12,1.00
2017.11.20 18:39:00.821,0.85,0.85004,1.12,1.00
2017.11.20 18:39:01.514,0.85,0.85005,1.12,1.00
2017.11.20 18:39:03.728,0.84999,0.85003,1.00,1.00
2017.11.20 18:39:04.349,0.84998,0.85003,1.00,1.25
2017.11.20 18:39:04.854,0.84999,0.85003,1.00,1.25
2017.11.20 18:39:07.241,0.85,0.85004,1.00,1.25
2017.11.20 18:39:07.870,0.85,0.85005,1.12,1.19
2017.11.20 18:39:09.980,0.85,0.85005,1.12,1.19
2017.11.20 18:39:24.871,0.85,0.85005,1.12,1.19
2017.11.20 18:39:42.972,0.85001,0.85005,1.00,1.25
2017.11.20 18:39:46.800,0.85002,0.85005,1.00,1.00
2017.11.20 18:39:51.111,0.85003,0.85006,1.00,1.00
2017.11.20 18:39:52.005,0.85002,0.85008,1.12,1.69
2017.11.20 18:40:00.097,0.85001,0.85007,1.12,1.19
2017.11.20 18:40:00.557,0.85001,0.85006,1.00,1.19
2017.11.20 18:40:01.633,0.85,0.85006,1.87,1.19
2017.11.20 18:40:05.845,0.84999,0.85005,1.87,1.31
2017.11.20 18:40:06.780,0.84997,0.85003,2.25,1.19
2017.11.20 18:40:06.831,0.84996,0.85001,3.37,1.19
2017.11.20 18:40:14.650,0.85002,0.85007,1.50,3.19
2017.11.20 18:40:15.011,0.84999,0.85004,1.87,1.75
2017.11.20 18:40:15.250,0.84994,0.84999,2.25,1.00
2017.11.20 18:40:19.945,0.84993,0.84997,2.25,1.00
2017.11.20 18:40:21.231,0.84992,0.84997,2.25,1.25
2017.11.20 18:40:21.743,0.84991,0.84995,2.25,1.00
2017.11.20 18:40:21.976,0.84992,0.84997,1.50,1.25
2017.11.20 18:40:26.466,0.84991,0.84995,2.25,1.00
2017.11.20 18:40:27.001,0.8499,0.84994,1.12,1.00
2017.11.20 18:40:27.104,0.84991,0.84995,1.50,1.00
2017.11.20 18:40:27.836,0.84992,0.84997,1.12,1.00
2017.11.20 18:40:28.602,0.84993,0.84997,1.00,1.00
2017.11.20 18:40:29.209,0.84992,0.84996,1.12,1.00
2017.11.20 18:40:31.428,0.84995,0.84999,1.12,1.00
2017.11.20 18:40:31.966,0.84994,0.84999,1.87,1.12
2017.11.20 18:40:33.148,0.84994,0.84998,1.87,1.00
2017.11.20 18:40:33.721,0.84994,0.84999,1.87,1.31
2017.11.20 18:40:34.406,0.84994,0.84998,1.87,1.00
2017.11.20 18:40:35.167,0.84993,0.84997,1.12,1.00
2017.11.20 18:40:35.660,0.84992,0.84997,1.12,1.00
2017.11.20 18:40:36.601,0.84991,0.84995,1.00,1.25
2017.11.20 18:40:37.257,0.84989,0.84994,1.50,1.00
2017.11.20 18:40:39.279,0.84987,0.84992,1.87,1.00
2017.11.20 18:40:39.433,0.84984,0.84989,2.25,1.00
2017.11.20 18:40:39.535,0.84988,0.84991,1.12,1.00
2017.11.20 18:40:39.854,0.8499,0.84993,1.50,1.00
2017.11.20 18:40:39.907,0.84991,0.84995,1.50,1.12
2017.11.20 18:40:40.519,0.84991,0.84995,2.25,1.00
2017.11.20 18:40:41.035,0.84992,0.84997,1.50,1.25
2017.11.20 18:40:43.356,0.84992,0.84996,1.00,1.12
2017.11.20 18:40:51.053,0.84991,0.84996,1.50,1.31
2017.11.20 18:40:51.107,0.84989,0.84994,3.37,1.31
2017.11.20 18:40:51.413,0.84991,0.84995,1.50,1.50
2017.11.20 18:40:52.136,0.84991,0.84996,1.50,1.25
2017.11.20 18:40:55.434,0.84991,0.84995,1.12,1.00
2017.11.20 18:40:56.491,0.84991,0.84995,1.12,1.25
2017.11.20 18:40:56.595,0.84986,0.84993,3.19,2.62
2017.11.20 18:40:56.698,0.84985,0.8499,1.50,1.25
2017.11.20 18:40:57.323,0.84985,0.84989,1.50,1.00
2017.11.20 18:40:57.825,0.84984,0.84989,1.87,1.69
2017.11.20 18:40:58.475,0.84982,0.84986,1.12,1.00
2017.11.20 18:40:58.526,0.84981,0.84986,1.50,1.19
2017.11.20 18:40:59.377,0.84981,0.84986,1.50,1.00
2017.11.20 18:41:01.319,0.84981,0.84985,1.00,1.00
2017.11.20 18:41:04.722,0.84984,0.84989,1.00,1.69
2017.11.20 18:41:05.306,0.84984,0.8499,1.00,1.31
2017.11.20 18:41:10.565,0.84985,0.8499,1.00,1.31
2017.11.20 18:41:11.288,0.84986,0.8499,1.12,1.25
2017.11.20 18:41:12.417,0.84985,0.8499,1.50,1.25
2017.11.20 18:41:12.924,0.84984,0.8499,1.12,1.31
2017.11.20 18:41:14.835,0.84983,0.8499,2.62,2.44
2017.11.20 18:41:15.247,0.84983,0.84989,1.00,3.19
2017.11.20 18:41:15.803,0.84981,0.84988,3.00,1.31
2017.11.20 18:41:16.525,0.84981,0.84988,2.25,2.81
2017.11.20 18:41:17.660,0.84981,0.84988,2.62,2.44
2017.11.20 18:41:19.153,0.84981,0.84986,1.87,1.31
2017.11.20 18:41:29.479,0.8498,0.84986,1.87,2.06
2017.11.20 18:41:30.170,0.8498,0.84986,1.12,2.06
2017.11.20 18:41:31.767,0.8498,0.84986,1.12,2.06
2017.11.20 18:41:32.272,0.84981,0.84986,1.00,1.31
2017.11.20 18:41:37.346,0.84982,0.84986,1.00,1.31
2017.11.20 18:41:38.055,0.84982,0.84986,1.12,1.25
2017.11.20 18:41:42.230,0.8498,0.84986,2.25,1.31
2017.11.20 18:41:44.318,0.8498,0.84985,1.50,1.00
2017.11.20 18:41:44.591,0.84984,0.84989,1.00,2.06
2017.11.20 18:41:46.297,0.84984,0.84989,1.12,2.06
2017.11.20 18:41:51.934,0.84983,0.84989,1.00,2.06
2017.11.20 18:41:52.148,0.84982,0.84989,1.87,2.44
2017.11.20 18:41:54.263,0.84982,0.84989,2.25,2.44
2017.11.20 18:41:54.847,0.84983,0.84989,1.50,2.06
2017.11.20 18:41:57.808,0.84983,0.84989,1.12,2.06
2017.11.20 18:42:03.239,0.84985,0.84989,1.00,1.31
2017.11.20 18:42:03.990,0.84984,0.84989,1.00,1.31
2017.11.20 18:42:07.777,0.84985,0.84989,1.00,2.44
2017.11.20 18:42:08.083,0.84983,0.84987,1.00,1.69
2017.11.20 18:42:08.237,0.84981,0.84986,1.87,1.19
2017.11.20 18:42:09.111,0.84982,0.84986,1.00,1.25
2017.11.20 18:42:10.203,0.84983,0.84988,1.12,1.19
2017.11.20 18:42:10.788,0.84984,0.84989,1.00,1.69
2017.11.20 18:42:13.889,0.84985,0.84989,1.00,1.31
2017.11.20 18:42:19.662,0.84984,0.84989,1.12,2.06
2017.11.20 18:42:20.539,0.84983,0.84988,1.00,1.31
2017.11.20 18:42:20.642,0.84981,0.84987,1.87,1.56
2017.11.20 18:42:21.187,0.84981,0.84986,1.00,2.06
2017.11.20 18:42:33.963,0.8498,0.84986,1.12,1.31
2017.11.20 18:42:35.162,0.84982,0.84986,1.00,1.00
2017.11.20 18:42:35.327,0.84983,0.84989,1.12,1.25
2017.11.20 18:42:36.850,0.84984,0.84989,1.00,1.25
2017.11.20 18:42:37.630,0.84984,0.8499,1.50,1.31
2017.11.20 18:42:38.345,0.84985,0.84991,1.00,1.69
2017.11.20 18:42:38.517,0.84987,0.84991,1.00,1.31
2017.11.20 18:42:38.670,0.84987,0.84993,1.00,3.19
2017.11.20 18:42:39.294,0.84988,0.84993,1.00,1.69
2017.11.20 18:42:42.924,0.84987,0.84993,1.87,1.31
2017.11.20 18:42:43.556,0.84987,0.84992,2.25,1.25
2017.11.20 18:42:53.506,0.84988,0.84993,1.12,1.31
2017.11.20 18:42:57.907,0.84985,0.8499,1.00,2.44
2017.11.20 18:42:58.111,0.84983,0.84988,1.12,1.19
2017.11.20 18:42:59.108,0.84983,0.84988,1.00,1.31
2017.11.20 18:43:02.667,0.84986,0.84988,1.00,1.00
2017.11.20 18:43:02.718,0.84986,0.84991,1.50,1.31
2017.11.20 18:43:02.770,0.84987,0.84991,1.00,1.31
2017.11.20 18:43:06.828,0.84985,0.8499,1.12,1.56
2017.11.20 18:43:12.032,0.84985,0.8499,1.12,1.56
2017.11.20 18:43:12.748,0.84986,0.84991,1.87,1.31
2017.11.20 18:43:13.685,0.84987,0.84992,1.87,1.19
2017.11.20 18:43:16.211,0.84987,0.84991,1.00,1.19
2017.11.20 18:43:16.728,0.84987,0.8499,1.00,1.00
2017.11.20 18:43:27.590,0.84985,0.8499,2.62,1.56
2017.11.20 18:43:38.795,0.84985,0.8499,1.12,1.56
2017.11.20 18:43:39.291,0.84984,0.8499,1.12,1.56
2017.11.20 18:43:39.829,0.84985,0.8499,1.00,1.56
2017.11.20 18:43:41.118,0.84986,0.8499,1.00,1.25
2017.11.20 18:43:41.170,0.84986,0.84991,1.00,1.19
2017.11.20 18:43:42.116,0.84987,0.84992,1.00,3.94
2017.11.20 18:43:44.310,0.84987,0.84993,1.12,2.81
2017.11.20 18:43:45.385,0.84989,0.84993,1.00,1.69
2017.11.20 18:43:46.188,0.8499,0.84993,1.00,1.00
2017.11.20 18:43:53.947,0.8499,0.84993,1.00,1.00
2017.11.20 18:43:54.595,0.8499,0.84993,1.00,1.00
2017.11.20 18:43:56.045,0.84989,0.84993,1.00,1.25
2017.11.20 18:43:57.256,0.8499,0.84993,1.00,1.00
2017.11.20 18:44:01.473,0.84989,0.84993,1.00,1.25
2017.11.20 18:44:04.161,0.84987,0.84993,2.25,1.69
2017.11.20 18:44:05.772,0.84987,0.84993,2.25,1.69
2017.11.20 18:44:07.316,0.84987,0.84993,2.25,1.69
2017.11.20 18:44:09.863,0.84987,0.84993,2.25,1.69
2017.11.20 18:44:12.174,0.84987,0.84993,2.25,1.69
2017.11.20 18:44:13.363,0.84987,0.84993,1.12,1.69
2017.11.20 18:44:16.554,0.84988,0.84992,1.12,1.25
2017.11.20 18:44:17.091,0.84989,0.84994,1.12,1.19
2017.11.20 18:44:17.825,0.84989,0.84995,2.25,2.06
2017.11.20 18:44:20.379,0.84989,0.84994,1.12,1.19
2017.11.20 18:44:20.914,0.84987,0.84993,2.25,1.19
2017.11.20 18:44:25.690,0.84988,0.84994,1.50,1.69
2017.11.20 18:44:26.531,0.84988,0.84994,2.25,1.69
2017.11.20 18:44:34.988,0.84989,0.84995,1.50,1.69
2017.11.20 18:44:44.999,0.84989,0.84996,1.50,2.06
2017.11.20 18:44:47.066,0.84991,0.84996,1.12,1.25
2017.11.20 18:44:47.117,0.84992,0.84997,1.50,1.25
2017.11.20 18:44:47.324,0.84992,0.84998,2.25,1.25
2017.11.20 18:44:47.851,0.84993,0.84999,1.50,2.44
2017.11.20 18:44:51.999,0.84995,0.84999,1.00,1.69
2017.11.20 18:44:54.367,0.84994,0.84998,1.12,1.31
2017.11.20 18:44:54.892,0.84993,0.84997,1.00,1.31
2017.11.20 18:44:55.746,0.84992,0.84997,1.12,1.56
2017.11.20 18:44:56.348,0.84991,0.84996,1.50,1.31
2017.11.20 18:44:59.070,0.84991,0.84996,1.00,1.69
2017.11.20 18:45:01.920,0.84992,0.84996,1.00,1.31
2017.11.20 18:45:05.556,0.84991,0.84996,1.12,1.31
2017.11.20 18:45:06.855,0.84993,0.84997,1.00,1.25
2017.11.20 18:45:07.982,0.84994,0.84999,1.00,1.69
2017.11.20 18:45:08.719,0.84995,0.84999,1.00,1.25
2017.11.20 18:45:09.333,0.84992,0.84997,1.12,1.69
2017.11.20 18:45:10.728,0.84991,0.84997,1.87,1.69
2017.11.20 18:45:11.912,0.84991,0.84997,1.87,2.44
2017.11.20 18:45:12.848,0.84992,0.84997,1.00,1.69
2017.11.20 18:45:15.396,0.84993,0.84997,1.00,1.25
2017.11.20 18:45:17.029,0.84991,0.84997,1.12,1.69
2017.11.20 18:45:19.501,0.84991,0.84996,1.50,1.31
2017.11.20 18:45:21.195,0.84993,0.84998,1.00,1.19
2017.11.20 18:45:21.246,0.84995,0.84998,1.00,1.00
2017.11.20 18:45:21.297,0.84995,0.84999,1.00,1.25
2017.11.20 18:45:21.820,0.84997,0.85002,1.00,2.06
2017.11.20 18:45:22.128,0.84995,0.84999,1.00,2.06
2017.11.20 18:45:22.334,0.84992,0.84999,1.50,3.19
2017.11.20 18:45:22.645,0.84991,0.84997,1.87,2.44
2017.11.20 18:45:23.834,0.8499,0.84995,1.12,1.19
2017.11.20 18:45:24.735,0.8499,0.84995,1.12,1.25
2017.11.20 18:45:27.955,0.84991,0.84997,1.00,1.31
2017.11.20 18:45:28.481,0.84992,0.84998,1.12,2.44
2017.11.20 18:45:29.748,0.84991,0.84997,1.12,1.31
2017.11.20 18:45:30.282,0.8499,0.84997,1.12,3.56
2017.11.20 18:45:31.515,0.84989,0.84995,1.50,1.00
2017.11.20 18:45:35.221,0.84989,0.84994,1.50,1.00
2017.11.20 18:45:35.389,0.84988,0.84993,2.25,1.00
2017.11.20 18:45:35.502,0.84989,0.84995,1.12,1.25
2017.11.20 18:45:35.838,0.84991,0.84997,1.50,3.19
2017.11.20 18:45:37.465,0.84992,0.84998,1.12,2.81
2017.11.20 18:45:49.279,0.84994,0.84999,1.50,1.00
2017.11.20 18:45:49.585,0.84996,0.85002,1.50,1.69
2017.11.20 18:45:50.088,0.84998,0.85002,1.00,1.25
2017.11.20 18:46:07.445,0.84997,0.85003,1.50,1.25
2017.11.20 18:46:08.781,0.84999,0.85004,1.00,1.69
2017.11.20 18:46:13.817,0.85,0.85004,1.12,1.25
2017.11.20 18:46:22.338,0.84997,0.85002,2.25,1.69
2017.11.20 18:46:22.443,0.84997,0.85001,1.00,1.25
2017.11.20 18:46:27.007,0.84993,0.84997,1.50,1.25
2017.11.20 18:46:27.710,0.84993,0.84996,1.87,1.00
2017.11.20 18:46:30.384,0.84993,0.84997,1.50,1.25
2017.11.20 18:46:31.336,0.84992,0.84996,1.50,1.00
2017.11.20 18:46:31.846,0.84991,0.84997,2.62,1.69
2017.11.20 18:46:32.364,0.84991,0.84994,1.50,1.00
2017.11.20 18:46:36.948,0.84993,0.84997,2.25,1.31
2017.11.20 18:46:37.475,0.84995,0.84999,1.75,1.00
2017.11.20 18:46:37.526,0.84997,0.85003,1.75,2.06
2017.11.20 18:46:41.282,0.84998,0.85002,1.87,1.12
2017.11.20 18:46:41.824,0.84998,0.85004,1.87,1.37
2017.11.20 18:46:53.859,0.84996,0.85,1.12,1.37
2017.11.20 18:46:53.961,0.84994,0.84999,3.00,1.00
2017.11.20 18:46:54.378,0.84993,0.84997,3.00,1.00
2017.11.20 18:46:54.872,0.84992,0.84998,2.25,1.69
2017.11.20 18:46:55.179,0.84992,0.84996,1.12,1.00
2017.11.20 18:46:55.979,0.84991,0.84995,2.62,1.00
2017.11.20 18:46:56.489,0.84992,0.84996,1.12,1.00
2017.11.20 18:46:57.300,0.8499,0.84994,1.12,1.00
2017.11.20 18:46:57.874,0.84988,0.84993,2.25,1.00
2017.11.20 18:46:58.248,0.84988,0.84992,1.12,1.00
2017.11.20 18:46:58.752,0.84988,0.84992,1.87,1.00
2017.11.20 18:47:15.597,0.8499,0.84994,1.00,1.69
2017.11.20 18:47:16.130,0.84989,0.84993,1.50,1.00
2017.11.20 18:47:17.650,0.84989,0.84994,1.50,1.00
2017.11.20 18:47:23.360,0.84989,0.84994,1.87,1.00
2017.11.20 18:47:25.033,0.84991,0.84995,1.87,1.00
2017.11.20 18:47:25.583,0.84991,0.84996,1.87,1.00
2017.11.20 18:47:27.126,0.84991,0.84997,1.87,1.69
2017.11.20 18:47:31.619,0.84991,0.84996,1.37,1.00
2017.11.20 18:47:35.694,0.84991,0.84996,1.87,1.00
2017.11.20 18:47:38.619,0.84992,0.84997,1.50,1.69
2017.11.20 18:47:43.011,0.84991,0.84996,1.37,1.00
2017.11.20 18:47:43.747,0.84991,0.84995,1.00,1.69
2017.11.20 18:47:56.770,0.84989,0.84995,1.12,1.00
2017.11.20 18:48:02.322,0.84991,0.84996,1.87,1.00
2017.11.20 18:48:08.025,0.84988,0.84992,3.00,1.00
2017.11.20 18:48:08.298,0.84988,0.84993,1.37,1.25
2017.11.20 18:48:08.503,0.84986,0.8499,1.00,1.00
2017.11.20 18:48:08.657,0.84986,0.8499,1.50,1.00
2017.11.20 18:48:08.896,0.84986,0.84991,1.50,1.31
2017.11.20 18:48:09.324,0.84982,0.84986,3.00,1.00
2017.11.20 18:48:09.847,0.84981,0.84986,2.81,1.00
2017.11.20 18:48:14.927,0.84983,0.84988,1.87,1.50
2017.11.20 18:48:15.482,0.84983,0.84989,1.87,1.00
2017.11.20 18:48:16.023,0.84983,0.84989,2.62,1.00
2017.11.20 18:48:17.347,0.84983,0.8499,3.37,1.69
2017.11.20 18:48:17.890,0.84984,0.8499,1.75,1.00
2017.11.20 18:48:18.391,0.84986,0.84991,1.50,1.00
2017.11.20 18:48:19.499,0.84986,0.84992,1.87,1.25
2017.11.20 18:48:20.169,0.84986,0.84992,3.00,1.00
2017.11.20 18:48:20.895,0.84987,0.84993,1.75,1.69
2017.11.20 18:48:22.198,0.84987,0.84992,1.87,1.00
2017.11.20 18:48:26.116,0.84988,0.84993,1.50,1.25
2017.11.20 18:48:26.218,0.84992,0.84997,1.37,2.44
2017.11.20 18:48:26.270,0.84992,0.84997,1.69,1.00
2017.11.20 18:48:26.373,0.84992,0.84998,1.87,1.25
2017.11.20 18:48:27.012,0.84993,0.84999,1.75,1.25
2017.11.20 18:48:30.986,0.84992,0.84996,3.00,1.12
2017.11.20 18:48:31.493,0.84992,0.84998,1.75,1.37
2017.11.20 18:48:32.996,0.84991,0.84995,1.37,1.00
2017.11.20 18:48:33.544,0.84991,0.84996,1.37,1.69
2017.11.20 18:48:35.128,0.8499,0.84997,3.00,1.37
2017.11.20 18:48:35.642,0.8499,0.84996,1.75,1.12
2017.11.20 18:48:37.667,0.84991,0.84997,1.87,1.00
2017.11.20 18:48:38.031,0.84992,0.84999,3.00,1.69
2017.11.20 18:48:40.912,0.84996,0.85001,1.87,1.00
2017.11.20 18:48:41.470,0.84994,0.85,1.75,1.12
2017.11.20 18:48:41.839,0.8499,0.84994,1.50,1.00
2017.11.20 18:48:41.892,0.8499,0.84995,1.50,1.12
2017.11.20 18:48:41.944,0.84988,0.84993,3.37,1.00
2017.11.20 18:48:42.739,0.84988,0.84992,2.25,1.00
2017.11.20 18:48:43.135,0.84992,0.84996,1.50,1.00
2017.11.20 18:48:43.441,0.84993,0.84999,1.75,1.69
2017.11.20 18:48:48.670,0.84994,0.84998,1.00,1.25
2017.11.20 18:48:49.887,0.84992,0.84997,3.00,1.69
2017.11.20 18:48:50.218,0.8499,0.84996,1.75,2.06
2017.11.20 18:48:52.464,0.84991,0.84997,2.25,1.69
2017.11.20 18:48:55.017,0.84993,0.84997,1.50,1.50
2017.11.20 18:48:55.522,0.84991,0.84996,1.50,1.31
2017.11.20 18:48:55.677,0.8499,0.84994,1.87,1.69
2017.11.20 18:48:56.464,0.8499,0.84994,1.00,1.69
2017.11.20 18:48:58.164,0.84991,0.84995,1.12,1.69
2017.11.20 18:48:58.261,0.8499,0.84997,2.25,1.69
2017.11.20 18:48:59.948,0.8499,0.84995,1.50,1.69
2017.11.20 18:49:00.213,0.8499,0.84994,1.00,1.00
2017.11.20 18:49:00.264,0.84987,0.84991,3.75,1.00
2017.11.20 18:49:00.520,0.84989,0.84994,1.87,1.69
2017.11.20 18:49:01.051,0.84989,0.84995,1.87,1.69
2017.11.20 18:49:01.572,0.84991,0.84995,1.00,1.25
2017.11.20 18:49:03.119,0.8499,0.84994,1.50,1.25
2017.11.20 18:49:04.553,0.84989,0.84994,2.62,1.25
2017.11.20 18:49:05.317,0.84989,0.84994,1.75,1.25
2017.11.20 18:49:16.457,0.8499,0.84994,1.00,1.69
2017.11.20 18:49:16.584,0.84988,0.84992,1.50,1.31
2017.11.20 18:49:17.689,0.84988,0.84994,2.25,1.69
2017.11.20 18:49:22.092,0.84986,0.84991,3.00,1.69
2017.11.20 18:49:22.143,0.84985,0.84988,1.37,1.00
2017.11.20 18:49:22.706,0.84984,0.84989,3.00,1.25
2017.11.20 18:49:24.312,0.84984,0.84989,1.75,1.25
2017.11.20 18:49:24.828,0.84983,0.84986,1.37,1.00
2017.11.20 18:49:32.159,0.84983,0.84989,1.75,1.69
2017.11.20 18:49:39.148,0.84983,0.84986,1.37,1.00
2017.11.20 18:49:41.292,0.84982,0.84988,2.62,2.06
2017.11.20 18:49:42.232,0.84983,0.84987,1.75,1.25
2017.11.20 18:49:46.358,0.84982,0.84988,1.12,1.31
2017.11.20 18:49:46.664,0.84974,0.84978,6.19,1.00
2017.11.20 18:49:47.208,0.84975,0.84979,1.87,1.00
2017.11.20 18:49:47.788,0.84975,0.84979,1.00,1.00
2017.11.20 18:49:52.203,0.84975,0.84979,1.87,1.00
2017.11.20 18:49:55.976,0.84975,0.8498,1.50,1.00
2017.11.20 18:49:58.020,0.84975,0.84979,1.50,1.00
2017.11.20 18:49:59.158,0.84974,0.8498,3.37,1.00
2017.11.20 18:49:59.430,0.84973,0.84978,1.50,1.00
2017.11.20 18:50:00.339,0.84973,0.84977,1.00,1.00
2017.11.20 18:50:01.329,0.84974,0.84979,1.00,1.00
2017.11.20 18:50:01.432,0.84977,0.84981,1.12,1.00
2017.11.20 18:50:01.940,0.84979,0.84983,1.12,1.00
2017.11.20 18:50:02.613,0.84979,0.84983,1.12,1.00
2017.11.20 18:50:03.106,0.84981,0.84986,1.50,2.06
2017.11.20 18:50:03.632,0.84982,0.84987,1.50,1.37
2017.11.20 18:50:05.935,0.84982,0.84987,1.75,1.00
2017.11.20 18:50:12.460,0.8498,0.84987,4.12,2.06
2017.11.20 18:50:16.805,0.84982,0.84986,1.12,1.69
2017.11.20 18:50:21.632,0.84983,0.84988,1.37,1.69
2017.11.20 18:50:28.831,0.84983,0.84986,1.00,1.00
2017.11.20 18:50:39.027,0.84982,0.84987,1.50,1.69
2017.11.20 18:50:39.733,0.8498,0.84985,1.50,1.69
2017.11.20 18:50:46.952,0.84981,0.84986,1.87,1.69
2017.11.20 18:50:47.646,0.84981,0.84986,3.37,1.25
2017.11.20 18:50:48.569,0.84981,0.84985,1.87,1.00
2017.11.20 18:50:51.880,0.84981,0.84986,2.62,1.00
2017.11.20 18:50:52.805,0.84983,0.84987,1.50,1.00
2017.11.20 18:50:54.667,0.84982,0.84986,3.37,1.00
2017.11.20 18:50:56.508,0.84983,0.84987,1.00,1.00
2017.11.20 18:51:02.147,0.84983,0.84988,1.50,1.00
2017.11.20 18:51:03.249,0.84984,0.84988,1.12,1.00
2017.11.20 18:51:06.497,0.84983,0.84989,1.87,1.25
2017.11.20 18:51:07.218,0.84983,0.84988,1.87,1.00
2017.11.20 18:51:08.759,0.84985,0.8499,1.00,1.19
2017.11.20 18:51:14.973,0.84986,0.8499,1.00,1.25
2017.11.20 18:51:19.294,0.84985,0.8499,1.00,1.31
2017.11.20 18:51:19.911,0.84986,0.84991,1.00,2.44
2017.11.20 18:51:21.232,0.84986,0.8499,1.00,1.25
2017.11.20 18:51:22.520,0.84985,0.8499,1.12,1.19
2017.11.20 18:51:29.734,0.84986,0.8499,1.00,1.25
2017.11.20 18:51:32.709,0.84986,0.84991,1.12,1.69
2017.11.20 18:51:33.401,0.84987,0.84991,1.00,1.69
2017.11.20 18:51:33.503,0.84985,0.8499,1.12,1.19
2017.11.20 18:51:43.214,0.84983,0.84989,1.12,1.25
2017.11.20 18:51:44.170,0.84983,0.84987,1.12,1.00
2017.11.20 18:51:44.774,0.84982,0.84988,1.75,1.00
2017.11.20 18:51:45.329,0.84983,0.84989,1.12,1.25
2017.11.20 18:51:46.043,0.84983,0.84989,1.87,1.00
2017.11.20 18:51:57.181,0.84983,0.84987,1.12,1.00
2017.11.20 18:51:57.682,0.84983,0.84988,1.37,1.00
2017.11.20 18:52:03.168,0.84982,0.84986,1.12,1.00
2017.11.20 18:52:05.274,0.84981,0.84986,1.87,1.00
2017.11.20 18:52:15.266,0.8498,0.84986,2.06,1.00
2017.11.20 18:52:16.337,0.84981,0.84986,1.50,1.00
2017.11.20 18:52:19.004,0.84979,0.84985,1.87,1.00
2017.11.20 18:52:19.107,0.84979,0.84983,1.12,1.00
2017.11.20 18:52:20.996,0.84979,0.84984,1.50,1.00
2017.11.20 18:52:21.144,0.84979,0.84986,3.37,1.69
2017.11.20 18:52:27.886,0.84979,0.84984,1.87,1.00
2017.11.20 18:52:30.237,0.84979,0.84984,1.50,1.00
2017.11.20 18:52:30.290,0.84977,0.84982,2.62,1.12
2017.11.20 18:52:30.341,0.84977,0.84981,3.00,1.00
2017.11.20 18:52:30.495,0.84977,0.84982,2.25,1.00
2017.11.20 18:52:31.015,0.84977,0.84982,1.50,1.69
2017.11.20 18:52:36.229,0.84977,0.84981,1.50,1.00
2017.11.20 18:52:37.996,0.84975,0.8498,1.87,1.00
2017.11.20 18:52:38.768,0.84975,0.8498,1.87,1.00
2017.11.20 18:52:50.801,0.84975,0.8498,1.87,1.00
2017.11.20 18:53:08.577,0.84975,0.84981,1.87,1.69
2017.11.20 18:53:17.218,0.84976,0.8498,1.00,1.25
2017.11.20 18:53:19.881,0.84976,0.84982,1.75,1.69
2017.11.20 18:53:20.422,0.84977,0.84981,1.00,1.25
2017.11.20 18:53:22.923,0.84978,0.84982,1.00,1.25
2017.11.20 18:53:23.026,0.84979,0.84983,1.87,1.25
2017.11.20 18:53:24.791,0.84981,0.84985,1.12,1.00
2017.11.20 18:53:24.842,0.84983,0.84987,1.37,1.25
2017.11.20 18:53:26.943,0.84981,0.84985,1.00,1.25
2017.11.20 18:53:47.448,0.8498,0.84987,2.25,1.00
2017.11.20 18:53:50.135,0.84982,0.84986,1.00,1.00
2017.11.20 18:53:50.672,0.84981,0.84988,2.25,1.69
2017.11.20 18:53:51.191,0.84983,0.84987,1.00,1.00
2017.11.20 18:54:01.611,0.84982,0.84987,1.87,1.00
2017.11.20 18:54:09.733,0.84983,0.84989,1.87,1.00
2017.11.20 18:54:10.275,0.84984,0.8499,1.75,1.00
2017.11.20 18:54:21.570,0.84983,0.84989,3.56,1.12
2017.11.20 18:54:21.873,0.84976,0.8498,2.62,1.00
2017.11.20 18:54:22.821,0.84975,0.84979,1.12,1.00
2017.11.20 18:54:51.690,0.84974,0.84979,2.81,1.00
2017.11.20 18:54:58.928,0.84977,0.84981,1.00,1.00
2017.11.20 18:54:59.556,0.84977,0.84981,1.25,1.00
2017.11.20 18:55:02.488,0.84977,0.84982,1.69,1.00
2017.11.20 18:55:03.526,0.84978,0.84984,1.75,1.00
2017.11.20 18:55:04.313,0.84979,0.84986,1.75,1.37
2017.11.20 18:55:04.823,0.8498,0.84984,1.87,1.00
2017.11.20 18:55:05.367,0.84979,0.84984,2.25,1.00
2017.11.20 18:55:05.469,0.84978,0.84983,1.12,1.00
2017.11.20 18:55:06.464,0.84978,0.84982,1.12,1.00
2017.11.20 18:55:07.040,0.84977,0.84983,1.50,1.00
2017.11.20 18:55:13.168,0.84977,0.84983,1.12,1.00
2017.11.20 18:55:15.059,0.84978,0.84984,1.00,1.00
2017.11.20 18:55:15.186,0.84979,0.84985,2.25,1.12
2017.11.20 18:55:15.340,0.84981,0.84987,1.12,1.00
2017.11.20 18:55:16.088,0.84981,0.84987,1.50,1.00
2017.11.20 18:55:18.036,0.84984,0.84989,1.00,1.12
2017.11.20 18:55:18.578,0.84982,0.84989,2.25,1.12
2017.11.20 18:55:20.887,0.84983,0.84989,1.69,1.12
2017.11.20 18:55:23.429,0.84987,0.84992,1.37,1.87
2017.11.20 18:55:23.482,0.84988,0.84992,1.25,1.87
2017.11.20 18:55:23.989,0.84987,0.84993,1.87,1.00
2017.11.20 18:55:24.538,0.84987,0.84993,2.62,1.00
2017.11.20 18:55:25.318,0.84988,0.84993,1.37,1.00
2017.11.20 18:55:26.433,0.84986,0.84993,3.00,1.69
2017.11.20 18:55:26.962,0.84986,0.84992,3.00,1.00
2017.11.20 18:55:27.634,0.84986,0.84991,1.87,1.00
2017.11.20 18:55:27.956,0.84988,0.84993,1.87,1.50
2017.11.20 18:55:28.120,0.84985,0.84991,4.12,1.00
2017.11.20 18:55:29.303,0.84985,0.8499,1.50,1.00
2017.11.20 18:55:32.337,0.84985,0.84991,1.75,1.00
2017.11.20 18:55:32.647,0.84984,0.84989,1.50,1.69
2017.11.20 18:55:32.701,0.84981,0.84986,1.50,1.00
2017.11.20 18:55:33.204,0.84982,0.84987,1.87,1.00
2017.11.20 18:55:48.067,0.84983,0.84989,1.12,1.00
2017.11.20 18:55:48.119,0.84986,0.8499,1.50,1.00
2017.11.20 18:55:48.170,0.84987,0.84991,1.50,1.00
2017.11.20 18:55:48.784,0.84987,0.84991,1.87,1.00
2017.11.20 18:55:51.158,0.84987,0.84991,1.00,1.00
2017.11.20 18:55:52.073,0.84985,0.84991,1.50,1.25
2017.11.20 18:55:53.086,0.84985,0.84989,1.00,1.00
2017.11.20 18:56:05.762,0.84984,0.84988,1.00,1.00
2017.11.20 18:56:05.814,0.84983,0.84988,1.12,1.00
2017.11.20 18:56:07.458,0.84981,0.84988,2.25,1.69
2017.11.20 18:56:07.985,0.84983,0.84988,1.12,1.19
2017.11.20 18:56:09.812,0.84984,0.84989,1.50,1.69
2017.11.20 18:56:09.864,0.84986,0.8499,1.00,1.69
2017.11.20 18:56:11.155,0.84986,0.8499,1.00,1.69
2017.11.20 18:56:11.883,0.84987,0.84992,1.00,1.31
2017.11.20 18:56:17.779,0.8499,0.84995,1.12,1.69
2017.11.20 18:56:18.616,0.8499,0.84995,1.12,1.19
2017.11.20 18:56:20.656,0.84993,0.84997,1.00,1.00
2017.11.20 18:56:21.265,0.84992,0.84997,1.00,1.87
2017.11.20 18:56:22.141,0.8499,0.84995,1.50,1.00
2017.11.20 18:56:22.815,0.84989,0.84993,1.12,1.00
2017.11.20 18:56:24.391,0.84988,0.84993,1.87,1.00
2017.11.20 18:56:25.446,0.84988,0.84993,1.50,1.00
2017.11.20 18:56:26.114,0.84989,0.84993,1.12,1.00
2017.11.20 18:56:32.050,0.84987,0.84992,1.12,1.00
2017.11.20 18:56:32.324,0.84986,0.8499,1.00,1.00
2017.11.20 18:56:32.376,0.84984,0.8499,3.37,1.00
2017.11.20 18:56:32.702,0.84982,0.84987,3.00,1.00
2017.11.20 18:56:34.011,0.8498,0.84986,3.00,1.00
2017.11.20 18:56:34.370,0.84982,0.84988,2.25,1.00
2017.11.20 18:56:34.920,0.84983,0.84988,1.12,1.00
2017.11.20 18:56:35.983,0.84984,0.84988,1.00,1.00
2017.11.20 18:56:36.533,0.84984,0.84989,1.50,1.25
2017.11.20 18:56:37.687,0.84984,0.84988,1.12,1.00
2017.11.20 18:56:38.192,0.84982,0.84987,1.87,1.00
2017.11.20 18:56:38.993,0.84984,0.84989,1.00,1.19
2017.11.20 18:56:41.091,0.84986,0.8499,1.00,1.69
2017.11.20 18:56:41.634,0.84986,0.8499,1.00,1.25
2017.11.20 18:56:42.376,0.84985,0.8499,1.00,2.81
2017.11.20 18:56:43.964,0.84986,0.8499,1.00,2.81
2017.11.20 18:56:44.015,0.84984,0.8499,1.00,2.81
2017.11.20 18:56:47.794,0.84984,0.8499,1.50,1.69
2017.11.20 18:56:52.954,0.84985,0.8499,2.25,1.25
2017.11.20 18:56:54.368,0.84985,0.84989,1.50,1.25
2017.11.20 18:56:54.895,0.84985,0.84989,1.12,1.25
2017.11.20 18:56:59.204,0.84984,0.8499,1.50,1.31
2017.11.20 18:56:59.739,0.84984,0.84989,1.00,1.25
2017.11.20 18:57:00.271,0.84983,0.84989,1.12,1.25
2017.11.20 18:57:08.783,0.84984,0.8499,2.25,1.25
2017.11.20 18:57:09.370,0.84985,0.8499,1.12,1.25
2017.11.20 18:57:12.577,0.84985,0.84992,1.87,2.81
2017.11.20 18:57:13.102,0.84988,0.84992,1.87,1.00
2017.11.20 18:57:13.153,0.84989,0.84995,1.12,2.44
2017.11.20 18:57:13.259,0.84991,0.84996,1.50,1.69
2017.11.20 18:57:13.608,0.84993,0.84998,2.25,1.00
2017.11.20 18:57:13.710,0.84993,0.85,2.25,1.31
2017.11.20 18:57:16.340,0.84994,0.85001,2.62,2.06
2017.11.20 18:57:16.555,0.84988,0.84995,3.19,1.50
2017.11.20 18:57:16.710,0.84991,0.84995,1.12,1.50
2017.11.20 18:57:17.016,0.84991,0.84998,3.37,1.69
2017.11.20 18:57:18.367,0.84992,0.84998,2.25,1.25
2017.11.20 18:57:20.179,0.84992,0.84996,1.12,1.25
2017.11.20 18:57:20.232,0.8499,0.84995,1.87,1.25
2017.11.20 18:57:20.793,0.84989,0.84994,2.25,1.25
2017.11.20 18:57:21.828,0.84988,0.84994,4.12,1.25
2017.11.20 18:57:25.869,0.8499,0.84994,1.00,1.25
2017.11.20 18:57:26.700,0.84994,0.84998,1.00,1.31
2017.11.20 18:57:27.205,0.84992,0.84997,1.12,1.19
2017.11.20 18:57:27.773,0.84993,0.84997,1.12,1.25
2017.11.20 18:57:28.535,0.84994,0.84998,1.00,1.25
2017.11.20 18:57:32.543,0.84993,0.84997,1.00,1.25
2017.11.20 18:57:33.231,0.84994,0.84998,1.00,1.25
2017.11.20 18:57:36.787,0.84995,0.84999,1.12,1.00
2017.11.20 18:57:37.903,0.84994,0.84998,1.12,1.25
2017.11.20 18:57:38.418,0.84995,0.84999,1.00,1.00
2017.11.20 18:57:40.446,0.84995,0.84999,1.00,1.25
2017.11.20 18:57:40.695,0.84994,0.84998,1.00,1.25
2017.11.20 18:57:40.799,0.84994,0.84998,1.00,2.06
2017.11.20 18:57:52.117,0.84991,0.84995,1.00,1.00
2017.11.20 18:57:52.346,0.84993,0.84997,1.00,3.19
2017.11.20 18:57:54.757,0.84989,0.84995,3.00,1.56
2017.11.20 18:57:55.066,0.84995,0.84999,1.12,1.25
2017.11.20 18:57:55.722,0.84995,0.84999,1.12,1.25
2017.11.20 18:57:56.376,0.84995,0.85,1.12,1.31
2017.11.20 18:57:57.592,0.84994,0.85,1.50,1.62
2017.11.20 18:57:57.646,0.84994,0.84999,1.00,2.62
2017.11.20 18:57:58.854,0.84993,0.84998,1.12,1.31
2017.11.20 18:58:00.220,0.84991,0.84999,2.25,2.81
2017.11.20 18:58:00.771,0.84992,0.84996,1.00,1.31
2017.11.20 18:58:01.658,0.84995,0.84999,1.00,3.94
2017.11.20 18:58:01.738,0.84992,0.84998,1.12,1.62
2017.11.20 18:58:02.214,0.84993,0.84997,1.00,1.12
2017.11.20 18:58:12.048,0.84992,0.84997,1.00,2.44
2017.11.20 18:58:16.948,0.84993,0.84997,1.00,3.19
2017.11.20 18:58:17.975,0.84992,0.84997,1.00,2.44
2017.11.20 18:58:21.267,0.84993,0.84997,1.00,1.00
2017.11.20 18:58:21.555,0.84995,0.84999,1.00,1.00
2017.11.20 18:58:21.921,0.84995,0.84999,1.00,1.00
2017.11.20 18:58:22.329,0.84993,0.84999,1.87,1.00
2017.11.20 18:58:23.462,0.84991,0.84997,1.12,1.62
2017.11.20 18:58:25.066,0.84992,0.84997,1.00,1.62
2017.11.20 18:58:28.983,0.84992,0.84998,1.00,2.25
2017.11.20 18:58:29.034,0.84994,0.84998,1.00,1.00
2017.11.20 18:58:36.768,0.84993,0.84998,1.00,1.12
2017.11.20 18:58:37.989,0.84993,0.84997,1.12,1.25
2017.11.20 18:58:38.549,0.84994,0.84998,1.00,1.25
2017.11.20 18:58:39.212,0.84994,0.84999,1.12,1.69
2017.11.20 18:58:39.562,0.84996,0.85,1.00,2.06
2017.11.20 18:58:45.260,0.84995,0.84999,1.00,1.00
2017.11.20 18:58:45.413,0.84993,0.84998,1.12,1.25
2017.11.20 18:58:45.567,0.84991,0.84997,1.50,1.31
2017.11.20 18:58:46.102,0.8499,0.84996,1.87,1.19
2017.11.20 18:58:49.949,0.84992,0.84997,2.25,1.69
2017.11.20 18:58:53.368,0.84995,0.84999,1.00,1.12
2017.11.20 18:58:57.836,0.84995,0.84999,1.12,1.69
2017.11.20 18:59:00.291,0.84995,0.84999,1.00,1.69
2017.11.20 18:59:03.618,0.84992,0.84998,1.00,1.19
2017.11.20 18:59:03.721,0.8499,0.84995,1.87,1.19
2017.11.20 18:59:08.814,0.8499,0.84995,1.12,1.31
2017.11.20 18:59:14.297,0.84991,0.84995,1.00,2.06
2017.11.20 18:59:16.634,0.84991,0.84995,1.00,1.69
2017.11.20 18:59:20.918,0.84993,0.84997,1.00,1.00
2017.11.20 18:59:21.021,0.84995,0.84999,1.87,1.00
2017.11.20 18:59:21.073,0.84995,0.84999,1.50,1.00
2017.11.20 18:59:21.175,0.84997,0.85001,1.00,2.06
2017.11.20 18:59:21.774,0.84997,0.85001,1.00,1.00
2017.11.20 18:59:21.825,0.84998,0.85002,1.00,4.69
2017.11.20 18:59:21.928,0.84994,0.84999,1.25,2.25
2017.11.20 18:59:22.234,0.84994,0.84998,1.00,1.69
2017.11.20 18:59:23.888,0.84994,0.84998,1.00,2.06
2017.11.20 18:59:26.555,0.84993,0.84998,1.00,1.87
2017.11.20 18:59:31.900,0.84996,0.85,1.00,1.31
2017.11.20 18:59:32.490,0.84995,0.85001,1.00,1.87
2017.11.20 18:59:33.069,0.84996,0.85001,1.00,1.87
2017.11.20 18:59:33.897,0.84996,0.85002,1.00,2.81
2017.11.20 18:59:36.800,0.84998,0.85002,1.00,1.12
2017.11.20 18:59:37.601,0.85,0.85004,1.12,1.00
2017.11.20 18:59:37.704,0.84997,0.85003,2.44,1.12
2017.11.20 18:59:38.487,0.85,0.85004,1.00,3.19
2017.11.20 18:59:39.089,0.84999,0.85003,1.00,1.50
2017.11.20 18:59:40.555,0.84998,0.85003,1.00,1.50
2017.11.20 18:59:41.072,0.84999,0.85003,1.00,1.12
2017.11.20 18:59:42.837,0.84997,0.85003,1.12,1.12
2017.11.20 18:59:43.846,0.84994,0.85002,2.25,3.94
2017.11.20 18:59:44.448,0.84998,0.85001,1.00,1.12
2017.11.20 18:59:44.912,0.84996,0.85,1.00,1.00
2017.11.20 18:59:45.567,0.84997,0.85001,1.00,3.56
2017.11.20 18:59:45.888,0.84997,0.85001,1.12,1.00
2017.11.20 18:59:48.797,0.84996,0.85001,1.00,2.06
2017.11.20 18:59:49.342,0.84997,0.85001,1.00,1.69
2017.11.20 18:59:50.068,0.84998,0.85002,1.00,2.06
2017.11.20 18:59:52.704,0.84999,0.85003,1.00,3.94
2017.11.20 18:59:53.946,0.84997,0.85002,1.00,2.25
2017.11.20 18:59:55.609,0.84999,0.85003,1.00,3.94
2017.11.20 18:59:55.911,0.84992,0.84997,2.81,1.12
2017.11.20 18:59:55.963,0.84991,0.84996,2.06,1.37
2017.11.20 18:59:56.016,0.84993,0.84996,1.00,2.44
2017.11.20 18:59:56.171,0.8499,0.84994,1.00,1.00
2017.11.20 18:59:56.752,0.84989,0.84993,1.00,1.31
2017.11.20 18:59:57.047,0.84991,0.84995,1.00,1.69
2017.11.20 18:59:57.149,0.84992,0.84996,1.00,1.31
2017.11.20 18:59:58.205,0.84991,0.84996,1.00,1.19
2017.11.20 18:59:58.756,0.84991,0.84997,1.12,1.69
2017.11.20 18:59:58.808,0.84993,0.84997,1.00,1.00
2017.11.20 18:59:59.486,0.84993,0.84997,1.00,1.00
