2008.07.22 13:00:00.009,1.0416,1.04175,1.30,1.30
2008.07.22 13:00:01.511,1.0416,1.04175,2.20,1.00
2008.07.22 13:00:01.717,1.0416,1.04175,1.30,1.00
2008.07.22 13:00:01.880,1.0416,1.0418,1.30,1.00
2008.07.22 13:00:02.676,1.04155,1.0417,1.00,1.00
2008.07.22 13:00:03.310,1.04155,1.0417,1.00,3.50
2008.07.22 13:00:03.659,1.04155,1.0416,1.00,1.00
2008.07.22 13:00:03.833,1.0416,1.0417,1.00,2.60
2008.07.22 13:00:04.027,1.0416,1.0417,1.00,1.00
2008.07.22 13:00:06.294,1.04155,1.0417,1.40,1.00
2008.07.22 13:00:06.710,1.0416,1.0417,1.00,1.00
2008.07.22 13:00:07.209,1.0416,1.0418,2.20,1.00
2008.07.22 13:00:07.406,1.0416,1.0418,1.30,3.90
2008.07.22 13:00:07.720,1.04155,1.0417,1.00,1.00
2008.07.22 13:00:08.039,1.0415,1.0417,2.40,1.00
2008.07.22 13:00:08.340,1.0415,1.0417,1.30,1.00
2008.07.22 13:00:09.863,1.04155,1.0417,1.00,1.00
2008.07.22 13:00:10.001,1.04155,1.0417,1.40,1.00
2008.07.22 13:00:10.146,1.0416,1.0418,1.30,2.40
2008.07.22 13:00:10.968,1.0416,1.0418,1.30,1.00
2008.07.22 13:00:11.331,1.04165,1.0417,1.00,1.00
2008.07.22 13:00:11.714,1.04165,1.0418,1.00,1.30
2008.07.22 13:00:12.084,1.04165,1.0418,1.00,1.00
2008.07.22 13:00:12.925,1.04155,1.0417,2.10,1.00
2008.07.22 13:00:13.239,1.0416,1.0417,1.00,1.00
2008.07.22 13:00:14.347,1.04165,1.0418,1.00,2.40
2008.07.22 13:00:14.554,1.0416,1.0418,2.20,1.30
2008.07.22 13:00:15.012,1.04165,1.0417,1.40,1.00
2008.07.22 13:00:15.497,1.04165,1.0418,1.40,1.00
2008.07.22 13:00:16.667,1.0416,1.0418,2.20,1.00
2008.07.22 13:00:16.987,1.0416,1.0417,2.00,1.00
2008.07.22 13:00:17.645,1.0416,1.0417,1.00,1.00
2008.07.22 13:00:18.430,1.04165,1.0417,1.00,1.00
2008.07.22 13:00:18.688,1.04165,1.0418,1.40,1.00
2008.07.22 13:00:18.909,1.04165,1.0418,1.00,1.00
2008.07.22 13:00:19.063,1.0416,1.0418,2.20,1.00
2008.07.22 13:00:19.276,1.0416,1.0417,1.00,1.00
2008.07.22 13:00:20.779,1.04155,1.0417,2.50,1.00
2008.07.22 13:00:20.974,1.04155,1.0417,2.70,1.00
2008.07.22 13:00:21.323,1.04155,1.0417,1.40,1.00
2008.07.22 13:00:21.933,1.04155,1.0417,1.00,1.00
2008.07.22 13:00:23.118,1.0415,1.0417,1.30,1.00
2008.07.22 13:00:23.275,1.0415,1.0417,1.30,3.50
2008.07.22 13:00:23.405,1.0415,1.0416,1.00,1.00
2008.07.22 13:00:23.767,1.04145,1.0416,1.00,1.00
2008.07.22 13:00:23.955,1.04145,1.0416,1.00,1.30
2008.07.22 13:00:24.146,1.04145,1.0416,1.00,4.50
2008.07.22 13:00:24.335,1.0414,1.0416,3.50,4.50
2008.07.22 13:00:24.530,1.0414,1.0416,2.40,4.50
2008.07.22 13:00:24.719,1.04135,1.0415,1.40,1.00
2008.07.22 13:00:25.223,1.04135,1.0415,1.00,1.00
2008.07.22 13:00:25.519,1.0413,1.0415,3.30,1.00
2008.07.22 13:00:25.827,1.04135,1.0415,1.40,1.00
2008.07.22 13:00:26.087,1.04135,1.0416,1.40,1.80
2008.07.22 13:00:26.223,1.04135,1.0416,1.00,1.80
2008.07.22 13:00:26.475,1.0413,1.04155,1.30,1.00
2008.07.22 13:00:26.735,1.0413,1.0415,1.30,1.00
2008.07.22 13:00:27.306,1.0414,1.0416,1.00,4.90
2008.07.22 13:00:27.651,1.0414,1.0416,1.00,1.30
2008.07.22 13:00:28.001,1.0414,1.0416,2.20,1.30
2008.07.22 13:00:28.153,1.0414,1.0416,2.20,4.50
2008.07.22 13:00:28.436,1.0414,1.0416,2.20,1.30
2008.07.22 13:00:28.591,1.04135,1.0415,1.00,1.00
2008.07.22 13:00:28.750,1.04135,1.0415,2.70,1.00
2008.07.22 13:00:29.115,1.0413,1.0415,3.50,1.00
2008.07.22 13:00:29.345,1.04135,1.0415,2.10,1.00
2008.07.22 13:00:29.616,1.04135,1.0415,1.40,1.00
2008.07.22 13:00:29.843,1.0414,1.0415,1.00,1.00
2008.07.22 13:00:30.100,1.0413,1.0415,2.20,1.00
2008.07.22 13:00:30.672,1.0413,1.0414,2.00,1.00
2008.07.22 13:00:30.969,1.04135,1.0414,1.00,1.00
2008.07.22 13:00:31.160,1.0413,1.0415,2.20,1.00
2008.07.22 13:00:31.361,1.0413,1.0415,3.50,1.00
2008.07.22 13:00:31.581,1.0413,1.0415,2.20,1.00
2008.07.22 13:00:31.934,1.0414,1.0415,1.00,1.00
2008.07.22 13:00:32.281,1.0414,1.04155,1.30,1.00
2008.07.22 13:00:33.055,1.0414,1.0416,1.30,1.30
2008.07.22 13:00:34.627,1.0414,1.0416,1.30,1.70
2008.07.22 13:00:34.843,1.0414,1.0416,2.20,1.70
2008.07.22 13:00:35.366,1.0414,1.04155,2.20,1.00
2008.07.22 13:00:35.960,1.0414,1.0416,2.20,1.00
2008.07.22 13:00:36.940,1.0414,1.0416,2.20,1.00
2008.07.22 13:00:37.485,1.0415,1.04165,1.00,1.30
2008.07.22 13:00:37.831,1.04155,1.0417,1.00,1.00
2008.07.22 13:00:38.133,1.0414,1.0416,6.70,1.00
2008.07.22 13:00:38.525,1.04145,1.0416,1.40,1.00
2008.07.22 13:00:38.682,1.04145,1.0417,1.40,3.50
2008.07.22 13:00:38.817,1.0415,1.0417,1.00,3.50
2008.07.22 13:00:39.111,1.0416,1.0417,1.00,3.50
2008.07.22 13:00:39.258,1.0416,1.0417,1.00,1.00
2008.07.22 13:00:39.664,1.0416,1.04175,1.00,1.00
2008.07.22 13:00:39.819,1.0416,1.0418,1.00,1.00
2008.07.22 13:00:40.227,1.0416,1.0418,1.00,1.00
2008.07.22 13:00:43.835,1.0416,1.0418,2.00,1.00
2008.07.22 13:00:44.878,1.0416,1.0418,1.00,1.00
2008.07.22 13:00:46.035,1.04155,1.0418,3.50,1.00
2008.07.22 13:00:46.350,1.04155,1.0418,1.40,1.00
2008.07.22 13:00:46.672,1.04155,1.0417,1.40,1.00
2008.07.22 13:00:48.209,1.0416,1.0418,1.30,1.00
2008.07.22 13:00:48.428,1.0416,1.0418,1.30,1.00
2008.07.22 13:00:50.221,1.04165,1.0418,1.00,1.00
2008.07.22 13:00:50.368,1.0416,1.0418,2.20,1.00
2008.07.22 13:00:50.482,1.04165,1.0418,1.00,1.00
2008.07.22 13:00:51.086,1.0416,1.0418,1.30,1.00
2008.07.22 13:00:58.689,1.0416,1.0418,2.20,1.00
2008.07.22 13:00:58.815,1.04165,1.0418,1.00,1.00
2008.07.22 13:01:01.365,1.04155,1.0418,1.00,1.00
2008.07.22 13:01:01.839,1.04155,1.0418,1.00,1.30
2008.07.22 13:01:02.003,1.0415,1.04175,2.20,1.00
2008.07.22 13:01:02.250,1.0416,1.04175,1.30,1.00
2008.07.22 13:01:02.726,1.0416,1.04175,1.30,1.30
2008.07.22 13:01:04.225,1.0415,1.0417,1.30,1.00
2008.07.22 13:01:04.375,1.0415,1.04165,1.30,1.00
2008.07.22 13:01:05.613,1.0415,1.04165,1.30,1.30
2008.07.22 13:01:06.938,1.0414,1.0416,1.30,1.00
2008.07.22 13:01:10.804,1.0414,1.0416,2.20,1.00
2008.07.22 13:01:11.354,1.0415,1.04165,1.30,1.30
2008.07.22 13:01:11.881,1.0414,1.0416,2.20,1.00
2008.07.22 13:01:12.494,1.0415,1.04165,1.30,1.30
2008.07.22 13:01:16.210,1.0415,1.04165,2.20,1.30
2008.07.22 13:01:16.434,1.0415,1.04165,2.20,1.00
2008.07.22 13:01:16.755,1.0415,1.0417,3.50,1.00
2008.07.22 13:01:17.172,1.04155,1.0417,1.00,1.00
2008.07.22 13:01:17.402,1.0416,1.0418,1.30,1.00
2008.07.22 13:01:17.646,1.04165,1.0418,1.40,1.00
2008.07.22 13:01:17.934,1.0417,1.04185,1.30,1.00
2008.07.22 13:01:18.231,1.0417,1.04185,1.30,1.00
2008.07.22 13:01:18.519,1.04165,1.0418,1.40,1.00
2008.07.22 13:01:18.967,1.0417,1.0419,1.30,3.50
2008.07.22 13:01:19.212,1.0417,1.0419,1.30,3.90
2008.07.22 13:01:19.386,1.04165,1.0418,1.40,1.00
2008.07.22 13:01:20.121,1.0417,1.0419,1.30,3.50
2008.07.22 13:01:21.200,1.04165,1.0418,1.00,1.00
2008.07.22 13:01:21.436,1.0416,1.0418,1.30,1.00
2008.07.22 13:01:21.722,1.0416,1.0418,1.30,1.30
2008.07.22 13:01:21.944,1.04155,1.0417,1.40,1.00
2008.07.22 13:01:22.216,1.04155,1.0417,1.00,1.00
2008.07.22 13:01:22.447,1.0416,1.04175,1.30,1.00
2008.07.22 13:01:22.861,1.0416,1.0417,1.30,3.20
2008.07.22 13:01:23.215,1.0415,1.0417,7.80,1.00
2008.07.22 13:01:23.553,1.0415,1.0417,6.40,1.00
2008.07.22 13:01:23.891,1.0415,1.04165,1.00,1.00
2008.07.22 13:01:24.081,1.0415,1.0416,1.00,1.00
2008.07.22 13:01:24.440,1.0414,1.0416,2.20,1.00
2008.07.22 13:01:24.688,1.0415,1.04165,1.30,1.30
2008.07.22 13:01:24.870,1.0415,1.04165,1.30,1.00
2008.07.22 13:01:25.181,1.0415,1.04165,2.20,1.00
2008.07.22 13:01:25.817,1.0416,1.04175,2.20,1.00
2008.07.22 13:01:25.911,1.0416,1.0418,2.20,1.30
2008.07.22 13:01:26.337,1.0416,1.0418,2.20,1.70
2008.07.22 13:01:26.755,1.0416,1.0418,1.30,1.70
2008.07.22 13:01:27.226,1.0416,1.0418,1.30,1.00
2008.07.22 13:01:27.573,1.0416,1.04165,1.30,1.00
2008.07.22 13:01:27.910,1.0415,1.0417,2.40,1.00
2008.07.22 13:01:28.093,1.0415,1.0417,3.50,1.00
2008.07.22 13:01:28.560,1.0415,1.0417,2.40,1.00
2008.07.22 13:01:28.874,1.0415,1.0417,2.20,1.00
2008.07.22 13:01:29.092,1.04155,1.0417,1.40,3.50
2008.07.22 13:01:29.310,1.04155,1.0417,1.40,1.30
2008.07.22 13:01:29.544,1.04155,1.0417,1.40,1.00
2008.07.22 13:01:29.765,1.0416,1.04175,1.30,1.00
2008.07.22 13:01:29.981,1.0416,1.0418,1.30,2.40
2008.07.22 13:01:30.341,1.0416,1.0418,1.30,1.00
2008.07.22 13:01:30.706,1.04155,1.0417,1.00,1.00
2008.07.22 13:01:31.455,1.0415,1.0417,6.30,1.00
2008.07.22 13:01:31.652,1.0415,1.0416,5.40,1.00
2008.07.22 13:01:31.860,1.0415,1.0416,1.00,1.00
2008.07.22 13:01:32.062,1.0415,1.0417,2.20,1.00
2008.07.22 13:01:32.774,1.0415,1.0417,1.00,1.00
2008.07.22 13:01:33.195,1.0415,1.0417,1.00,1.00
2008.07.22 13:01:33.374,1.0415,1.0417,2.40,1.00
2008.07.22 13:01:33.643,1.0415,1.0417,1.30,1.00
2008.07.22 13:01:33.908,1.0415,1.04175,1.30,1.30
2008.07.22 13:01:34.296,1.0415,1.04175,3.30,1.00
2008.07.22 13:01:34.555,1.0415,1.0417,2.20,3.50
2008.07.22 13:01:34.813,1.04165,1.04175,1.00,1.30
2008.07.22 13:01:35.069,1.04165,1.0418,1.00,3.90
2008.07.22 13:01:35.371,1.04165,1.0417,1.00,3.20
2008.07.22 13:01:35.669,1.04165,1.04185,1.00,1.30
2008.07.22 13:01:36.460,1.0416,1.04185,2.40,1.30
2008.07.22 13:01:36.658,1.0416,1.04185,1.30,1.30
2008.07.22 13:01:36.863,1.0416,1.04175,1.30,1.00
2008.07.22 13:01:37.058,1.04155,1.0417,1.00,3.20
2008.07.22 13:01:37.257,1.0415,1.0417,6.70,3.20
2008.07.22 13:01:37.544,1.04145,1.0416,1.60,1.00
2008.07.22 13:01:37.842,1.04145,1.0416,1.00,1.00
2008.07.22 13:01:38.350,1.0414,1.0416,1.30,1.00
2008.07.22 13:01:38.980,1.0414,1.0416,1.30,3.50
2008.07.22 13:01:39.515,1.04135,1.0415,1.00,1.00
2008.07.22 13:01:40.001,1.0414,1.0415,1.00,1.00
2008.07.22 13:01:40.206,1.0414,1.0415,2.00,1.00
2008.07.22 13:01:40.966,1.0414,1.0415,5.20,1.00
2008.07.22 13:01:41.227,1.0415,1.0416,4.10,1.00
2008.07.22 13:01:41.810,1.0415,1.0416,1.00,1.00
2008.07.22 13:01:41.993,1.04145,1.0416,1.00,1.00
2008.07.22 13:01:42.288,1.0415,1.0416,1.00,1.00
2008.07.22 13:01:42.649,1.04165,1.0417,1.00,1.00
2008.07.22 13:01:43.037,1.0416,1.0418,2.20,1.00
2008.07.22 13:01:43.812,1.0416,1.0418,1.30,1.00
2008.07.22 13:01:43.971,1.04155,1.0418,1.40,1.00
2008.07.22 13:01:44.609,1.04155,1.04175,1.00,1.00
2008.07.22 13:01:45.169,1.04155,1.0417,1.00,1.00
2008.07.22 13:01:45.735,1.04155,1.0417,1.40,1.00
2008.07.22 13:01:46.747,1.04155,1.04165,1.00,1.00
2008.07.22 13:01:46.933,1.04145,1.0416,1.00,1.00
2008.07.22 13:01:47.109,1.0415,1.0417,2.20,3.50
2008.07.22 13:01:47.286,1.0415,1.0417,2.20,1.00
2008.07.22 13:01:47.986,1.04145,1.0416,1.00,1.00
2008.07.22 13:01:49.652,1.0415,1.0416,1.00,1.00
2008.07.22 13:01:50.043,1.04145,1.0416,1.00,1.00
2008.07.22 13:01:50.490,1.0415,1.0417,1.00,1.00
2008.07.22 13:01:51.012,1.0415,1.0417,1.00,3.90
2008.07.22 13:01:51.517,1.0415,1.0416,1.00,1.00
2008.07.22 13:01:52.125,1.04145,1.0416,1.00,1.00
2008.07.22 13:01:53.391,1.0415,1.0416,1.00,1.00
2008.07.22 13:01:53.735,1.0415,1.0417,2.20,3.50
2008.07.22 13:01:54.208,1.0415,1.0417,2.20,1.00
2008.07.22 13:01:55.102,1.0415,1.0417,2.20,3.50
2008.07.22 13:01:56.463,1.0415,1.0417,2.20,1.00
2008.07.22 13:01:56.659,1.04145,1.0416,1.40,1.00
2008.07.22 13:01:57.060,1.04145,1.0416,1.00,1.00
2008.07.22 13:01:57.137,1.0414,1.0416,8.70,1.00
2008.07.22 13:01:57.200,1.0414,1.0416,7.60,1.00
2008.07.22 13:01:57.420,1.0414,1.0416,2.20,1.00
2008.07.22 13:01:58.497,1.04145,1.0416,1.00,1.00
2008.07.22 13:01:58.559,1.04145,1.0416,1.40,1.00
2008.07.22 13:01:59.883,1.04145,1.0416,1.40,1.00
2008.07.22 13:02:03.964,1.0415,1.0416,4.10,1.00
2008.07.22 13:02:04.423,1.04145,1.0416,1.40,1.00
2008.07.22 13:02:04.744,1.0415,1.0416,3.20,1.00
2008.07.22 13:02:05.656,1.0414,1.0416,1.30,1.00
2008.07.22 13:02:05.944,1.04145,1.0415,3.20,1.00
2008.07.22 13:02:06.222,1.0415,1.0416,3.10,1.00
2008.07.22 13:02:06.502,1.0415,1.0416,6.30,1.00
2008.07.22 13:02:06.648,1.0415,1.0416,3.10,1.00
2008.07.22 13:02:07.240,1.04155,1.0416,1.00,1.00
2008.07.22 13:02:07.491,1.04155,1.0417,1.40,1.00
2008.07.22 13:02:08.237,1.0416,1.0417,1.00,1.00
2008.07.22 13:02:09.209,1.04155,1.0417,1.60,1.00
2008.07.22 13:02:09.805,1.04155,1.0416,1.00,1.00
2008.07.22 13:02:09.962,1.0415,1.0416,1.00,1.00
2008.07.22 13:02:10.245,1.04145,1.0416,2.70,1.00
2008.07.22 13:02:10.478,1.0415,1.0416,1.00,1.00
2008.07.22 13:02:10.919,1.04145,1.0416,2.70,1.00
2008.07.22 13:02:11.356,1.0415,1.0416,1.00,1.00
2008.07.22 13:02:11.599,1.04145,1.0416,2.70,1.00
2008.07.22 13:02:13.537,1.0415,1.0417,1.30,1.00
2008.07.22 13:02:19.599,1.0416,1.04175,1.30,1.30
2008.07.22 13:02:20.412,1.0416,1.04175,1.30,1.00
2008.07.22 13:02:20.719,1.0416,1.0418,1.30,1.00
2008.07.22 13:02:21.095,1.0416,1.0418,1.30,1.00
2008.07.22 13:02:25.402,1.0418,1.04195,2.20,1.00
2008.07.22 13:02:25.598,1.04185,1.04195,1.00,1.00
2008.07.22 13:02:25.793,1.04185,1.042,1.00,5.60
2008.07.22 13:02:25.996,1.0419,1.042,1.30,7.00
2008.07.22 13:02:26.186,1.0419,1.0421,1.30,4.90
2008.07.22 13:02:26.705,1.0419,1.0421,1.30,1.70
2008.07.22 13:02:26.888,1.0419,1.0421,1.30,4.90
2008.07.22 13:02:29.528,1.0419,1.0421,2.20,4.90
2008.07.22 13:02:29.768,1.04195,1.04205,1.00,1.00
2008.07.22 13:02:30.010,1.0419,1.0421,1.30,1.00
2008.07.22 13:02:30.148,1.0419,1.0421,1.30,3.90
2008.07.22 13:02:31.653,1.0419,1.0421,1.30,3.50
2008.07.22 13:02:32.253,1.04185,1.042,1.00,1.00
2008.07.22 13:02:32.370,1.0418,1.042,7.80,3.50
2008.07.22 13:02:32.634,1.0418,1.042,2.40,1.00
2008.07.22 13:02:32.893,1.04175,1.0419,1.00,1.00
2008.07.22 13:02:35.225,1.0418,1.042,1.30,1.00
2008.07.22 13:02:35.389,1.0418,1.04195,1.30,1.00
2008.07.22 13:02:35.492,1.0418,1.04195,1.30,1.30
2008.07.22 13:02:35.595,1.0418,1.04195,1.30,2.50
2008.07.22 13:02:35.836,1.04165,1.0418,1.00,1.00
2008.07.22 13:02:37.149,1.0417,1.0419,1.30,1.00
2008.07.22 13:02:37.302,1.0417,1.0419,1.30,1.00
2008.07.22 13:02:37.457,1.04165,1.0418,1.00,1.00
2008.07.22 13:02:39.245,1.0417,1.04185,1.30,1.00
2008.07.22 13:02:40.824,1.04165,1.0418,1.00,1.00
2008.07.22 13:02:41.520,1.0416,1.0418,1.30,1.00
2008.07.22 13:02:42.082,1.0416,1.0418,2.20,1.00
2008.07.22 13:02:42.255,1.0416,1.0418,2.20,1.00
2008.07.22 13:02:42.432,1.0416,1.0418,1.30,1.00
2008.07.22 13:02:42.773,1.0416,1.0418,2.20,1.00
2008.07.22 13:02:43.054,1.0416,1.0418,2.20,1.00
2008.07.22 13:02:50.648,1.0416,1.0418,1.30,1.00
2008.07.22 13:02:51.126,1.04155,1.0417,2.70,1.00
2008.07.22 13:02:51.343,1.04155,1.0417,1.60,1.00
2008.07.22 13:02:51.550,1.04155,1.0417,1.00,1.00
2008.07.22 13:02:52.306,1.0415,1.0417,1.30,1.00
2008.07.22 13:02:52.497,1.04145,1.0416,1.00,1.00
2008.07.22 13:02:53.576,1.04145,1.0416,1.40,1.00
2008.07.22 13:02:54.082,1.0415,1.0416,3.20,1.00
2008.07.22 13:02:54.856,1.04145,1.0416,1.40,1.00
2008.07.22 13:02:55.707,1.04145,1.0416,1.00,1.00
2008.07.22 13:02:56.010,1.0414,1.0416,3.50,1.00
2008.07.22 13:02:56.904,1.0414,1.0416,2.20,1.00
2008.07.22 13:02:58.559,1.0415,1.0416,1.00,1.00
2008.07.22 13:02:58.785,1.0415,1.04165,2.20,1.00
2008.07.22 13:02:58.917,1.0415,1.0417,2.40,1.00
2008.07.22 13:02:59.281,1.04145,1.0417,1.40,1.00
2008.07.22 13:02:59.508,1.0414,1.04155,7.80,1.00
2008.07.22 13:02:59.742,1.0414,1.0416,7.80,1.00
2008.07.22 13:02:59.971,1.04145,1.0416,1.00,4.50
2008.07.22 13:03:00.232,1.0414,1.0416,3.30,4.70
2008.07.22 13:03:00.431,1.04145,1.0416,1.00,4.70
2008.07.22 13:03:00.731,1.0415,1.04165,1.00,1.30
2008.07.22 13:03:01.053,1.04145,1.04165,1.60,1.00
2008.07.22 13:03:01.369,1.0415,1.04175,1.30,1.30
2008.07.22 13:03:01.668,1.04155,1.0417,1.00,1.00
2008.07.22 13:03:01.869,1.0415,1.04175,2.20,1.00
2008.07.22 13:03:02.322,1.0416,1.04175,1.00,1.00
2008.07.22 13:03:02.574,1.0416,1.0418,1.00,1.00
2008.07.22 13:03:03.057,1.0416,1.0418,2.20,1.00
2008.07.22 13:03:03.307,1.0416,1.0418,1.30,1.00
2008.07.22 13:03:03.591,1.04155,1.0418,1.00,1.00
2008.07.22 13:03:03.800,1.04155,1.0418,1.60,1.00
2008.07.22 13:03:03.966,1.04155,1.0418,1.00,1.00
2008.07.22 13:03:04.475,1.04155,1.0417,1.00,1.00
2008.07.22 13:03:05.001,1.04145,1.0417,1.60,1.00
2008.07.22 13:03:05.180,1.04145,1.04165,1.00,1.00
2008.07.22 13:03:05.385,1.04145,1.0417,1.60,1.00
2008.07.22 13:03:05.561,1.04145,1.0416,1.00,3.50
2008.07.22 13:03:05.966,1.0414,1.0416,6.70,3.50
2008.07.22 13:03:06.318,1.0414,1.0416,5.60,3.50
2008.07.22 13:03:06.731,1.0414,1.0415,4.30,1.00
2008.07.22 13:03:07.063,1.04135,1.0415,1.00,1.00
2008.07.22 13:03:08.619,1.0413,1.0415,6.70,1.00
2008.07.22 13:03:08.795,1.0413,1.0415,2.40,1.30
2008.07.22 13:03:09.024,1.0413,1.0415,1.30,1.30
2008.07.22 13:03:09.286,1.0413,1.0415,1.30,1.30
2008.07.22 13:03:09.372,1.0413,1.04145,1.30,1.00
2008.07.22 13:03:10.003,1.0412,1.0414,1.30,1.00
2008.07.22 13:03:12.005,1.0412,1.04135,1.30,1.00
2008.07.22 13:03:13.491,1.0411,1.0413,2.20,1.00
2008.07.22 13:03:13.774,1.04115,1.0413,1.00,1.00
2008.07.22 13:03:14.078,1.04115,1.0413,1.40,1.00
2008.07.22 13:03:14.204,1.0412,1.0414,1.30,3.50
2008.07.22 13:03:14.334,1.0412,1.0414,1.30,1.00
2008.07.22 13:03:14.674,1.04125,1.0414,1.00,1.00
2008.07.22 13:03:14.811,1.04125,1.0414,1.40,1.00
2008.07.22 13:03:15.312,1.04125,1.0415,1.40,1.00
2008.07.22 13:03:15.519,1.04125,1.04145,2.10,1.00
2008.07.22 13:03:15.912,1.04125,1.04145,1.00,1.00
2008.07.22 13:03:16.458,1.04125,1.0415,1.00,1.30
2008.07.22 13:03:17.015,1.0413,1.0415,1.30,1.30
2008.07.22 13:03:19.431,1.0413,1.04145,1.30,1.00
2008.07.22 13:03:19.911,1.0412,1.0414,2.20,1.00
2008.07.22 13:03:21.455,1.0412,1.0414,3.50,1.00
2008.07.22 13:03:21.573,1.0413,1.04145,1.30,1.00
2008.07.22 13:03:21.640,1.0413,1.0415,1.30,1.30
2008.07.22 13:03:23.520,1.0413,1.04145,1.30,1.00
2008.07.22 13:03:24.121,1.0412,1.0414,7.60,1.00
2008.07.22 13:03:24.203,1.0412,1.0414,2.20,1.00
2008.07.22 13:03:27.562,1.0412,1.0414,1.30,1.00
2008.07.22 13:03:27.961,1.0412,1.0414,2.20,1.30
2008.07.22 13:03:29.563,1.0412,1.0414,1.30,1.30
2008.07.22 13:03:29.844,1.0412,1.0414,2.40,1.30
2008.07.22 13:03:30.065,1.0412,1.0414,1.30,1.30
2008.07.22 13:03:31.959,1.0412,1.0414,2.20,1.30
2008.07.22 13:03:32.249,1.0412,1.0414,1.30,1.30
2008.07.22 13:03:32.619,1.0412,1.04135,1.30,1.00
2008.07.22 13:03:33.080,1.0412,1.0414,1.30,2.40
2008.07.22 13:03:33.436,1.0412,1.04135,1.30,1.00
2008.07.22 13:03:35.648,1.0411,1.0413,2.20,1.00
2008.07.22 13:03:39.491,1.0412,1.0413,1.00,1.00
2008.07.22 13:03:39.588,1.0412,1.0414,1.00,3.60
2008.07.22 13:03:39.970,1.04125,1.0414,1.00,3.60
2008.07.22 13:03:40.056,1.04125,1.0414,1.40,1.00
2008.07.22 13:03:40.474,1.04125,1.0415,1.40,1.00
2008.07.22 13:03:40.799,1.04125,1.0415,1.40,1.00
2008.07.22 13:03:42.228,1.0413,1.0415,1.00,1.00
2008.07.22 13:03:42.419,1.0413,1.0415,2.00,1.00
2008.07.22 13:03:42.788,1.0413,1.0415,2.20,1.00
2008.07.22 13:03:43.323,1.04125,1.0415,3.70,1.00
2008.07.22 13:03:43.499,1.04125,1.0415,2.50,1.00
2008.07.22 13:03:43.625,1.04125,1.0415,1.40,1.00
2008.07.22 13:03:43.758,1.04125,1.0415,1.00,1.00
2008.07.22 13:03:44.133,1.04125,1.0415,1.00,1.30
2008.07.22 13:03:44.273,1.04125,1.0415,1.40,1.30
2008.07.22 13:03:44.480,1.04125,1.0414,1.40,1.00
2008.07.22 13:03:44.784,1.04125,1.0415,1.40,1.00
2008.07.22 13:03:45.963,1.04145,1.04155,1.00,1.00
2008.07.22 13:03:46.249,1.04145,1.04155,1.40,1.00
2008.07.22 13:03:46.536,1.0415,1.04155,1.00,1.00
2008.07.22 13:03:46.784,1.04155,1.0416,1.00,2.90
2008.07.22 13:03:46.940,1.0415,1.0417,1.00,1.00
2008.07.22 13:03:47.097,1.0415,1.0417,1.30,1.00
2008.07.22 13:03:47.280,1.04145,1.0417,2.70,1.00
2008.07.22 13:03:47.579,1.04145,1.0417,1.00,1.00
2008.07.22 13:03:47.880,1.04145,1.0417,2.70,1.00
2008.07.22 13:03:48.180,1.04145,1.0417,1.00,1.00
2008.07.22 13:03:48.492,1.04145,1.0416,2.70,1.00
2008.07.22 13:03:48.644,1.04145,1.0416,1.60,1.00
2008.07.22 13:03:49.254,1.04145,1.0417,1.60,1.00
2008.07.22 13:03:49.389,1.0415,1.0417,1.00,1.00
2008.07.22 13:03:49.778,1.04145,1.0417,2.50,1.00
2008.07.22 13:03:49.990,1.0415,1.0416,1.00,1.00
2008.07.22 13:03:50.416,1.0414,1.0416,6.40,1.00
2008.07.22 13:03:50.783,1.04135,1.0415,1.60,1.00
2008.07.22 13:03:51.488,1.04135,1.0415,2.50,1.00
2008.07.22 13:03:51.777,1.04135,1.0415,1.00,1.00
2008.07.22 13:03:51.922,1.0413,1.0415,1.00,1.00
2008.07.22 13:03:52.212,1.04125,1.0415,2.70,1.00
2008.07.22 13:03:52.905,1.04135,1.0415,1.00,1.00
2008.07.22 13:03:53.266,1.04135,1.0415,1.00,1.30
2008.07.22 13:03:53.648,1.0412,1.0414,7.80,1.00
2008.07.22 13:03:53.772,1.0412,1.04135,2.40,1.00
2008.07.22 13:03:53.884,1.0411,1.0413,6.40,1.00
2008.07.22 13:03:53.992,1.04105,1.0413,3.70,3.50
2008.07.22 13:03:54.489,1.04105,1.0413,2.70,3.50
2008.07.22 13:03:55.194,1.04105,1.0413,1.60,3.50
2008.07.22 13:03:55.980,1.04105,1.0413,1.00,1.00
2008.07.22 13:03:56.544,1.04105,1.0413,1.00,3.50
2008.07.22 13:03:56.717,1.04105,1.0413,1.00,3.90
2008.07.22 13:03:57.014,1.04105,1.0413,1.00,1.80
2008.07.22 13:03:57.170,1.041,1.04125,1.00,1.30
2008.07.22 13:03:57.325,1.04095,1.04125,2.70,1.00
2008.07.22 13:03:57.945,1.04095,1.0412,2.70,1.00
2008.07.22 13:03:58.809,1.04105,1.0412,1.40,1.00
2008.07.22 13:03:59.571,1.041,1.0412,2.40,1.00
2008.07.22 13:03:59.733,1.04095,1.0412,4.70,1.00
2008.07.22 13:03:59.991,1.04105,1.0412,1.00,1.00
2008.07.22 13:04:00.149,1.04105,1.0412,1.40,1.00
2008.07.22 13:04:00.587,1.041,1.0412,2.40,1.00
2008.07.22 13:04:00.894,1.04105,1.0412,1.00,1.00
2008.07.22 13:04:01.203,1.04105,1.0412,1.40,1.00
2008.07.22 13:04:01.804,1.0412,1.0413,1.00,1.30
2008.07.22 13:04:01.932,1.0412,1.0413,1.00,1.00
2008.07.22 13:04:02.204,1.0412,1.04135,2.20,1.00
2008.07.22 13:04:02.325,1.0412,1.0414,2.20,1.70
2008.07.22 13:04:04.223,1.0412,1.0414,2.20,1.30
2008.07.22 13:04:04.522,1.0412,1.0414,1.30,1.30
2008.07.22 13:04:04.900,1.0412,1.0414,1.30,1.70
2008.07.22 13:04:05.312,1.0412,1.04135,1.30,1.00
2008.07.22 13:04:05.545,1.0411,1.0413,2.20,1.00
2008.07.22 13:04:06.653,1.0411,1.0413,1.30,1.00
2008.07.22 13:04:06.804,1.04105,1.0412,1.00,1.00
2008.07.22 13:04:06.946,1.041,1.0412,7.60,1.00
2008.07.22 13:04:07.245,1.041,1.0412,2.20,1.00
2008.07.22 13:04:07.843,1.0411,1.04125,1.30,1.00
2008.07.22 13:04:08.192,1.0411,1.0412,2.20,1.00
2008.07.22 13:04:08.723,1.0411,1.0413,2.20,1.30
2008.07.22 13:04:09.081,1.0411,1.0413,1.30,1.30
2008.07.22 13:04:09.831,1.0411,1.0413,1.30,1.00
2008.07.22 13:04:10.073,1.0411,1.0413,1.30,1.30
2008.07.22 13:04:12.763,1.0411,1.0413,2.20,1.30
2008.07.22 13:04:12.983,1.0411,1.0413,2.20,1.00
2008.07.22 13:04:13.201,1.04115,1.0413,1.00,1.00
2008.07.22 13:04:13.420,1.04115,1.0413,1.40,1.00
2008.07.22 13:04:13.640,1.0412,1.0414,1.30,1.00
2008.07.22 13:04:13.877,1.0412,1.0414,2.20,1.00
2008.07.22 13:04:14.467,1.0412,1.0414,2.20,1.00
2008.07.22 13:04:14.587,1.0412,1.0414,2.20,1.00
2008.07.22 13:04:15.098,1.0412,1.0414,2.20,1.00
2008.07.22 13:04:15.800,1.0412,1.0414,1.30,1.00
2008.07.22 13:04:16.038,1.0412,1.0414,1.30,1.30
2008.07.22 13:04:16.199,1.0412,1.0414,1.30,1.80
2008.07.22 13:04:17.079,1.0412,1.0414,2.20,1.80
2008.07.22 13:04:17.531,1.0412,1.0414,2.20,1.00
2008.07.22 13:04:18.077,1.0412,1.0414,2.20,1.00
2008.07.22 13:04:20.700,1.0412,1.0414,1.30,1.00
2008.07.22 13:04:21.071,1.0412,1.0414,1.30,1.30
2008.07.22 13:04:22.100,1.0412,1.0414,1.30,1.30
2008.07.22 13:04:22.684,1.0412,1.0414,1.30,1.70
2008.07.22 13:04:23.004,1.0412,1.04135,1.30,1.00
2008.07.22 13:04:23.467,1.0411,1.0413,2.20,1.00
2008.07.22 13:04:23.833,1.04115,1.0413,1.00,1.00
2008.07.22 13:04:26.399,1.0411,1.0413,2.20,1.00
2008.07.22 13:04:27.016,1.04115,1.0413,1.00,1.00
2008.07.22 13:04:27.198,1.04115,1.0413,1.00,1.00
2008.07.22 13:04:29.097,1.0411,1.0413,2.20,1.00
2008.07.22 13:04:31.344,1.04115,1.0413,1.00,1.00
2008.07.22 13:04:31.588,1.0411,1.0413,1.30,1.00
2008.07.22 13:04:31.883,1.0411,1.0413,1.30,1.30
2008.07.22 13:04:31.981,1.0412,1.0413,1.30,1.00
2008.07.22 13:04:32.118,1.0412,1.0413,1.30,2.10
2008.07.22 13:04:32.350,1.04105,1.0412,1.60,1.00
2008.07.22 13:04:32.609,1.04105,1.0412,1.00,1.00
2008.07.22 13:04:33.034,1.041,1.0412,1.30,1.00
2008.07.22 13:04:33.739,1.041,1.0412,1.30,1.30
2008.07.22 13:04:36.245,1.041,1.0412,2.20,1.30
2008.07.22 13:04:36.444,1.041,1.0412,2.20,1.00
2008.07.22 13:04:36.644,1.04105,1.0412,1.40,1.00
2008.07.22 13:04:36.844,1.0411,1.04125,1.30,1.00
2008.07.22 13:04:37.380,1.04105,1.0412,1.40,1.00
2008.07.22 13:04:38.900,1.04105,1.0412,2.70,1.00
2008.07.22 13:04:40.281,1.0411,1.0412,1.00,1.00
2008.07.22 13:04:40.382,1.0411,1.0412,2.10,1.00
2008.07.22 13:04:40.565,1.0411,1.0413,2.10,1.00
2008.07.22 13:04:42.121,1.04115,1.0413,1.00,1.00
2008.07.22 13:04:42.451,1.0411,1.0413,3.20,1.00
2008.07.22 13:04:42.792,1.04115,1.0413,1.00,1.00
2008.07.22 13:04:43.067,1.04115,1.0412,1.40,1.00
2008.07.22 13:04:43.313,1.0412,1.0414,1.30,1.00
2008.07.22 13:04:43.811,1.0412,1.0414,1.30,3.50
2008.07.22 13:04:43.999,1.04115,1.0413,1.00,1.00
2008.07.22 13:04:44.710,1.04125,1.0413,1.00,1.00
2008.07.22 13:04:44.927,1.0413,1.04135,1.30,1.00
2008.07.22 13:04:45.052,1.0413,1.0415,1.30,7.20
2008.07.22 13:04:45.283,1.0413,1.0415,1.30,1.80
2008.07.22 13:04:45.751,1.0413,1.0415,1.30,2.80
2008.07.22 13:04:48.571,1.04135,1.0415,1.00,2.80
2008.07.22 13:04:48.702,1.04135,1.0415,1.40,2.80
2008.07.22 13:04:48.819,1.04135,1.0415,1.40,1.00
2008.07.22 13:04:48.942,1.0414,1.04155,1.30,1.40
2008.07.22 13:04:49.064,1.0414,1.04155,1.30,1.00
2008.07.22 13:04:49.212,1.0414,1.04155,1.30,1.30
2008.07.22 13:04:49.336,1.0413,1.0415,1.30,1.00
2008.07.22 13:04:50.264,1.0413,1.0415,1.30,4.50
2008.07.22 13:04:50.372,1.0413,1.04145,1.30,1.00
2008.07.22 13:04:50.478,1.0412,1.0414,6.70,1.00
2008.07.22 13:04:50.578,1.0412,1.0414,1.30,1.00
2008.07.22 13:04:51.169,1.0412,1.0414,2.20,1.00
2008.07.22 13:04:51.269,1.04125,1.0414,1.00,1.00
2008.07.22 13:04:51.451,1.0413,1.04145,1.30,1.00
2008.07.22 13:04:51.639,1.0413,1.0415,1.30,1.00
2008.07.22 13:04:51.820,1.04135,1.0415,1.00,1.00
2008.07.22 13:04:52.529,1.04135,1.04155,1.00,1.00
2008.07.22 13:04:53.754,1.04135,1.04165,1.40,2.40
2008.07.22 13:04:54.052,1.04135,1.04165,1.40,3.60
2008.07.22 13:04:54.349,1.04135,1.0416,1.00,4.70
2008.07.22 13:04:54.593,1.04135,1.04155,1.00,1.00
2008.07.22 13:04:54.680,1.04135,1.0416,1.00,4.90
2008.07.22 13:04:54.912,1.04135,1.0416,1.00,3.90
2008.07.22 13:04:55.070,1.0414,1.0416,1.30,1.00
2008.07.22 13:04:57.246,1.0414,1.0416,1.30,4.90
2008.07.22 13:04:57.402,1.0414,1.04155,1.30,1.00
2008.07.22 13:04:57.487,1.0413,1.0415,1.30,1.00
2008.07.22 13:04:58.175,1.0414,1.04155,1.30,1.30
2008.07.22 13:04:58.390,1.0414,1.04155,1.30,1.00
2008.07.22 13:04:58.620,1.0414,1.04155,1.30,1.30
2008.07.22 13:05:00.432,1.0414,1.04155,1.30,1.00
2008.07.22 13:05:01.760,1.0414,1.0416,1.30,1.00
2008.07.22 13:05:01.957,1.0414,1.0416,1.30,1.00
2008.07.22 13:05:02.507,1.04135,1.0416,1.00,3.50
2008.07.22 13:05:02.717,1.04135,1.0416,1.00,3.90
2008.07.22 13:05:03.305,1.04135,1.0416,1.40,3.90
2008.07.22 13:05:03.533,1.04135,1.04165,1.40,1.30
2008.07.22 13:05:03.855,1.0414,1.04165,1.00,1.30
2008.07.22 13:05:04.306,1.0414,1.04165,1.00,1.00
2008.07.22 13:05:05.328,1.0414,1.04165,1.00,1.30
2008.07.22 13:05:05.545,1.04145,1.0417,1.00,1.00
2008.07.22 13:05:05.698,1.04145,1.0417,1.00,3.50
2008.07.22 13:05:05.846,1.04145,1.0417,1.00,1.00
2008.07.22 13:05:05.994,1.04145,1.0417,1.40,1.00
2008.07.22 13:05:06.278,1.0415,1.0417,1.30,1.00
2008.07.22 13:05:06.642,1.04145,1.0417,1.00,1.00
2008.07.22 13:05:06.807,1.04145,1.0417,1.00,3.50
2008.07.22 13:05:07.118,1.04145,1.0417,1.00,3.90
2008.07.22 13:05:09.030,1.04145,1.04165,1.00,1.00
2008.07.22 13:05:09.192,1.04145,1.04165,1.40,1.00
2008.07.22 13:05:09.246,1.04145,1.0416,1.40,1.00
2008.07.22 13:05:09.568,1.04145,1.0417,1.40,1.00
2008.07.22 13:05:09.721,1.04145,1.0417,2.50,1.00
2008.07.22 13:05:10.095,1.04145,1.0417,1.40,1.00
2008.07.22 13:05:12.546,1.04155,1.0417,1.00,1.00
2008.07.22 13:05:12.696,1.0416,1.04175,2.20,1.00
2008.07.22 13:05:13.330,1.0416,1.0418,2.20,1.30
2008.07.22 13:05:15.544,1.0416,1.0418,1.30,1.30
2008.07.22 13:05:15.687,1.04155,1.0417,1.60,1.00
2008.07.22 13:05:15.809,1.0416,1.0417,1.00,1.00
2008.07.22 13:05:16.007,1.04155,1.0417,3.70,1.00
2008.07.22 13:05:16.358,1.04155,1.0418,2.70,1.30
2008.07.22 13:05:16.701,1.04155,1.0418,1.00,2.80
2008.07.22 13:05:17.046,1.04155,1.0418,1.40,2.80
2008.07.22 13:05:17.392,1.04155,1.0418,1.40,1.70
2008.07.22 13:05:17.543,1.0416,1.0418,1.00,1.70
2008.07.22 13:05:18.747,1.0416,1.0418,2.20,1.00
2008.07.22 13:05:19.642,1.0416,1.0418,3.30,1.00
2008.07.22 13:05:19.765,1.04165,1.0418,1.00,1.00
2008.07.22 13:05:21.530,1.0417,1.0418,1.00,1.00
2008.07.22 13:05:21.863,1.0416,1.0418,2.20,1.00
2008.07.22 13:05:22.181,1.0416,1.04185,2.20,1.30
2008.07.22 13:05:22.345,1.0416,1.0418,2.20,1.30
2008.07.22 13:05:22.526,1.0416,1.0418,2.20,2.40
2008.07.22 13:05:26.093,1.0416,1.0418,1.30,2.40
2008.07.22 13:05:26.668,1.0416,1.04185,1.30,1.30
2008.07.22 13:05:26.811,1.04155,1.0417,2.70,1.00
2008.07.22 13:05:26.941,1.0416,1.0417,1.00,1.00
2008.07.22 13:05:27.083,1.04155,1.0417,1.40,1.00
2008.07.22 13:05:27.382,1.04155,1.0417,1.00,1.00
2008.07.22 13:05:27.905,1.04155,1.0416,1.00,1.00
2008.07.22 13:05:28.256,1.04145,1.0416,1.00,1.00
2008.07.22 13:05:28.607,1.04145,1.0416,1.00,4.50
2008.07.22 13:05:28.784,1.04145,1.0415,1.00,1.00
2008.07.22 13:05:29.261,1.04135,1.0415,1.00,1.00
2008.07.22 13:05:31.151,1.04135,1.0414,1.00,1.00
2008.07.22 13:05:31.564,1.04125,1.0414,1.60,1.00
2008.07.22 13:05:32.022,1.04125,1.0414,1.00,1.00
2008.07.22 13:05:32.591,1.04125,1.0414,1.40,1.00
2008.07.22 13:05:33.020,1.0413,1.0415,1.30,1.00
2008.07.22 13:05:33.242,1.0413,1.0415,2.20,1.00
2008.07.22 13:05:33.659,1.0413,1.0415,2.20,1.00
2008.07.22 13:05:34.449,1.04135,1.0415,1.00,1.00
2008.07.22 13:05:34.782,1.0414,1.0415,1.00,1.00
2008.07.22 13:05:35.360,1.04135,1.0415,1.40,1.00
2008.07.22 13:05:35.780,1.0414,1.0415,1.00,1.00
2008.07.22 13:05:36.228,1.04135,1.0415,1.40,1.00
2008.07.22 13:05:37.726,1.0414,1.0415,1.00,1.00
2008.07.22 13:05:39.456,1.0414,1.0415,4.10,1.00
2008.07.22 13:05:39.550,1.04145,1.0416,1.00,1.00
2008.07.22 13:05:39.644,1.0415,1.0416,1.00,1.00
2008.07.22 13:05:39.847,1.04155,1.0416,1.00,1.00
2008.07.22 13:05:39.938,1.0415,1.0416,1.00,1.00
2008.07.22 13:05:40.033,1.0415,1.04165,2.00,1.00
2008.07.22 13:05:40.120,1.0415,1.04165,1.00,1.00
2008.07.22 13:05:40.215,1.0415,1.04165,4.10,1.00
2008.07.22 13:05:40.395,1.0415,1.04165,3.20,1.00
2008.07.22 13:05:40.606,1.0415,1.0417,1.30,1.00
2008.07.22 13:05:41.291,1.0415,1.0417,2.20,1.00
2008.07.22 13:05:41.582,1.0415,1.04175,2.20,1.00
2008.07.22 13:05:41.867,1.04155,1.0418,1.00,6.00
2008.07.22 13:05:42.182,1.04155,1.0418,1.00,1.20
2008.07.22 13:05:42.469,1.04155,1.0416,1.00,1.00
2008.07.22 13:05:42.637,1.04155,1.0417,1.00,1.00
2008.07.22 13:05:42.795,1.04155,1.0417,1.40,1.00
2008.07.22 13:05:43.105,1.04155,1.0418,1.00,1.40
2008.07.22 13:05:44.097,1.04155,1.0417,1.00,1.00
2008.07.22 13:05:45.658,1.04155,1.0417,1.40,1.00
2008.07.22 13:05:46.190,1.04155,1.0418,1.00,1.40
2008.07.22 13:05:46.659,1.04155,1.0418,1.00,3.60
2008.07.22 13:05:46.849,1.0415,1.04175,6.40,1.00
2008.07.22 13:05:47.040,1.04145,1.0417,2.50,1.00
2008.07.22 13:05:47.228,1.04145,1.0417,1.40,1.00
2008.07.22 13:05:47.708,1.04155,1.0417,1.00,1.00
2008.07.22 13:05:48.019,1.04155,1.04175,1.00,1.00
2008.07.22 13:05:49.126,1.04155,1.0417,1.00,1.00
2008.07.22 13:05:50.359,1.04155,1.0417,1.40,1.00
2008.07.22 13:05:53.608,1.04155,1.0417,1.00,1.00
2008.07.22 13:05:54.004,1.0416,1.0418,1.30,2.80
2008.07.22 13:06:04.781,1.0416,1.0418,1.30,1.70
2008.07.22 13:06:15.385,1.0416,1.0418,1.30,4.90
2008.07.22 13:06:15.439,1.0416,1.0418,1.30,1.80
2008.07.22 13:06:15.516,1.04155,1.0417,1.00,1.00
2008.07.22 13:06:16.267,1.0416,1.0418,1.30,2.80
2008.07.22 13:06:16.871,1.0416,1.04175,1.30,1.00
2008.07.22 13:06:17.071,1.0415,1.0417,1.30,1.00
2008.07.22 13:06:17.272,1.0415,1.0417,1.30,3.50
2008.07.22 13:06:17.474,1.04145,1.0416,1.00,1.00
2008.07.22 13:06:17.732,1.04145,1.0417,1.00,1.00
2008.07.22 13:06:18.237,1.04145,1.0417,1.00,1.00
2008.07.22 13:06:18.491,1.04145,1.04175,1.40,1.30
2008.07.22 13:06:20.202,1.04145,1.04175,2.70,1.00
2008.07.22 13:06:21.317,1.04145,1.04175,1.60,1.00
2008.07.22 13:06:21.644,1.04145,1.04175,1.00,1.30
2008.07.22 13:06:22.017,1.04145,1.0417,1.00,1.00
2008.07.22 13:06:23.776,1.04145,1.0417,1.00,1.00
2008.07.22 13:06:24.859,1.04145,1.04165,1.00,1.00
2008.07.22 13:06:25.676,1.04145,1.0416,1.00,1.00
2008.07.22 13:06:25.818,1.04145,1.0416,1.00,1.00
2008.07.22 13:06:27.894,1.04135,1.0416,1.40,1.00
2008.07.22 13:06:28.180,1.04135,1.0415,1.40,1.00
2008.07.22 13:06:28.290,1.04135,1.0415,1.00,1.00
2008.07.22 13:06:28.557,1.04135,1.0415,1.00,1.00
2008.07.22 13:06:29.350,1.04125,1.0414,1.00,1.00
2008.07.22 13:06:29.764,1.04125,1.0414,1.00,1.00
2008.07.22 13:06:29.906,1.04125,1.04135,1.00,1.00
2008.07.22 13:06:31.499,1.04115,1.04135,1.40,1.00
2008.07.22 13:06:32.867,1.0412,1.04135,2.00,1.00
2008.07.22 13:06:33.507,1.0412,1.0414,2.20,1.00
2008.07.22 13:06:33.689,1.04125,1.0414,1.00,1.00
2008.07.22 13:06:33.904,1.0413,1.0414,1.00,1.00
2008.07.22 13:06:34.303,1.0413,1.04135,1.00,1.00
2008.07.22 13:06:34.490,1.0413,1.0414,1.30,1.00
2008.07.22 13:06:34.926,1.04125,1.0414,1.00,1.00
2008.07.22 13:06:35.155,1.0412,1.0414,1.30,1.00
2008.07.22 13:06:35.392,1.0413,1.04135,1.30,1.00
2008.07.22 13:06:35.924,1.0412,1.04135,1.30,1.00
2008.07.22 13:06:36.260,1.0412,1.04135,1.30,1.30
2008.07.22 13:06:36.599,1.04115,1.0413,1.00,1.00
2008.07.22 13:06:36.767,1.04115,1.04125,1.00,1.00
2008.07.22 13:06:36.931,1.0412,1.04125,1.30,1.00
2008.07.22 13:06:37.527,1.0411,1.0413,1.30,1.00
2008.07.22 13:06:38.775,1.0411,1.0413,1.30,1.80
2008.07.22 13:06:38.937,1.041,1.0412,2.40,1.00
2008.07.22 13:06:39.129,1.041,1.0412,2.40,1.00
2008.07.22 13:06:39.289,1.041,1.0412,1.30,1.00
2008.07.22 13:06:39.452,1.041,1.0412,1.30,1.00
2008.07.22 13:06:40.466,1.041,1.0412,1.30,1.00
2008.07.22 13:06:40.685,1.041,1.0412,1.30,1.00
2008.07.22 13:06:40.962,1.0411,1.04125,1.30,1.00
2008.07.22 13:06:41.247,1.0411,1.0413,1.30,1.00
2008.07.22 13:06:41.524,1.0411,1.0413,1.30,1.00
2008.07.22 13:06:42.410,1.041,1.0412,7.80,1.00
2008.07.22 13:06:42.563,1.04105,1.0412,1.00,1.00
2008.07.22 13:06:42.715,1.04105,1.0412,1.40,1.00
2008.07.22 13:06:43.008,1.0411,1.04125,1.30,1.00
2008.07.22 13:06:43.553,1.0411,1.0413,1.30,1.00
2008.07.22 13:06:46.136,1.0411,1.0413,2.20,1.00
2008.07.22 13:06:46.348,1.0412,1.04135,1.30,1.30
2008.07.22 13:06:46.554,1.0412,1.0414,1.30,1.00
2008.07.22 13:06:47.441,1.0412,1.0414,1.30,1.30
2008.07.22 13:06:47.783,1.0412,1.0414,1.30,2.40
2008.07.22 13:06:48.023,1.0411,1.0413,6.70,1.00
2008.07.22 13:06:48.263,1.0411,1.0413,2.40,1.00
2008.07.22 13:06:48.501,1.0411,1.0413,1.30,1.00
2008.07.22 13:06:48.843,1.0412,1.04135,1.30,1.30
2008.07.22 13:06:48.967,1.0412,1.0413,1.30,1.00
2008.07.22 13:06:49.203,1.0412,1.04135,1.30,1.00
2008.07.22 13:06:49.328,1.04115,1.0413,1.00,1.00
2008.07.22 13:06:49.463,1.0411,1.0413,1.30,1.00
2008.07.22 13:06:49.724,1.0411,1.0413,2.20,1.00
2008.07.22 13:06:50.472,1.04115,1.0413,1.00,1.00
2008.07.22 13:06:51.039,1.0412,1.04135,1.30,1.00
2008.07.22 13:06:51.687,1.04115,1.0412,1.00,1.00
2008.07.22 13:06:51.852,1.0411,1.0412,1.00,1.00
2008.07.22 13:06:52.182,1.0411,1.0412,7.50,1.00
2008.07.22 13:06:52.352,1.0411,1.0413,8.90,1.00
2008.07.22 13:06:52.849,1.0411,1.0413,7.60,1.00
2008.07.22 13:06:53.163,1.0411,1.0413,2.20,1.00
2008.07.22 13:06:53.792,1.0411,1.0412,1.00,1.00
2008.07.22 13:06:53.951,1.0411,1.0412,2.00,1.00
2008.07.22 13:06:54.086,1.0411,1.0412,3.10,1.00
2008.07.22 13:06:54.275,1.04115,1.0413,1.00,3.50
2008.07.22 13:06:54.819,1.04115,1.0413,1.00,1.00
2008.07.22 13:06:58.514,1.0411,1.0413,2.40,1.00
2008.07.22 13:06:58.835,1.0411,1.0413,1.30,1.00
2008.07.22 13:07:00.428,1.04105,1.0412,1.00,1.00
2008.07.22 13:07:05.196,1.04105,1.04125,1.00,1.00
2008.07.22 13:07:10.107,1.04105,1.0412,1.00,1.00
2008.07.22 13:07:15.355,1.0411,1.0412,1.00,1.00
2008.07.22 13:07:15.606,1.0411,1.04125,2.20,1.00
2008.07.22 13:07:15.746,1.0411,1.0413,1.30,1.00
2008.07.22 13:07:16.004,1.04105,1.0412,1.00,1.00
2008.07.22 13:07:17.878,1.04115,1.0412,1.00,1.00
2008.07.22 13:07:17.989,1.0412,1.04125,1.30,1.00
2008.07.22 13:07:18.338,1.0412,1.0414,1.30,6.00
2008.07.22 13:07:18.733,1.0412,1.0414,1.30,1.00
2008.07.22 13:07:20.414,1.0412,1.04135,1.30,1.00
2008.07.22 13:07:22.303,1.0412,1.0414,1.30,1.70
2008.07.22 13:07:23.765,1.04115,1.0413,1.00,1.00
2008.07.22 13:07:25.502,1.04105,1.0413,1.40,1.00
2008.07.22 13:07:32.212,1.0411,1.0413,1.30,1.00
2008.07.22 13:07:36.893,1.0411,1.0412,1.30,1.00
2008.07.22 13:07:37.104,1.04105,1.0412,1.00,1.30
2008.07.22 13:07:37.310,1.041,1.0412,6.70,1.70
2008.07.22 13:07:37.585,1.04095,1.0412,1.40,1.70
2008.07.22 13:07:37.743,1.04095,1.04115,1.00,1.00
2008.07.22 13:07:39.559,1.041,1.04115,1.00,1.00
2008.07.22 13:07:39.899,1.041,1.04125,1.00,1.30
2008.07.22 13:07:40.110,1.0411,1.04125,1.00,1.30
2008.07.22 13:07:40.341,1.0411,1.04125,1.00,1.00
2008.07.22 13:07:40.913,1.04105,1.04125,1.00,1.00
2008.07.22 13:07:41.198,1.04095,1.04125,2.70,1.00
2008.07.22 13:07:41.552,1.04095,1.04125,2.70,2.00
2008.07.22 13:07:41.829,1.04095,1.0412,1.60,1.00
2008.07.22 13:07:42.090,1.041,1.0412,1.00,1.30
2008.07.22 13:07:42.210,1.041,1.0412,1.00,1.40
2008.07.22 13:07:42.439,1.041,1.0412,1.00,3.90
2008.07.22 13:07:42.559,1.04095,1.0412,1.60,1.00
2008.07.22 13:07:42.990,1.0409,1.04115,2.40,1.00
2008.07.22 13:07:43.326,1.0409,1.0411,1.30,1.00
2008.07.22 13:07:43.649,1.04085,1.0411,1.40,1.30
2008.07.22 13:07:44.002,1.04085,1.0411,1.40,1.00
2008.07.22 13:07:44.120,1.04105,1.0411,1.00,1.00
2008.07.22 13:07:44.375,1.04105,1.04115,1.00,1.00
2008.07.22 13:07:44.609,1.0411,1.04115,1.00,1.00
2008.07.22 13:07:45.017,1.0411,1.04125,1.00,1.00
2008.07.22 13:07:45.622,1.04105,1.0412,2.00,1.00
2008.07.22 13:07:45.832,1.041,1.0412,1.00,1.00
2008.07.22 13:07:46.104,1.041,1.04125,1.00,1.30
2008.07.22 13:07:46.614,1.04105,1.04125,1.00,1.30
2008.07.22 13:07:47.045,1.041,1.04125,1.00,1.30
2008.07.22 13:07:47.227,1.041,1.0412,1.00,1.00
2008.07.22 13:07:47.408,1.04105,1.0412,1.00,1.00
2008.07.22 13:07:48.076,1.04105,1.0412,1.40,1.00
2008.07.22 13:07:51.324,1.04105,1.0412,1.00,1.00
2008.07.22 13:07:52.049,1.041,1.0412,1.30,3.50
2008.07.22 13:07:52.217,1.04095,1.0412,1.40,3.50
2008.07.22 13:07:52.375,1.04095,1.0412,1.40,1.30
2008.07.22 13:07:52.757,1.04095,1.0412,1.40,1.80
2008.07.22 13:07:53.571,1.041,1.0412,2.20,3.90
2008.07.22 13:07:53.844,1.041,1.0412,2.20,1.00
2008.07.22 13:07:54.119,1.04095,1.04115,1.40,1.00
2008.07.22 13:07:54.289,1.04095,1.0412,1.40,1.00
2008.07.22 13:07:54.475,1.04095,1.0412,1.40,1.70
2008.07.22 13:07:54.785,1.04095,1.0412,1.00,1.70
2008.07.22 13:07:54.947,1.04095,1.0412,1.00,1.00
2008.07.22 13:07:55.640,1.04095,1.0411,1.00,1.00
2008.07.22 13:07:56.087,1.04095,1.0411,1.00,1.00
2008.07.22 13:07:56.408,1.04095,1.0411,1.00,1.00
2008.07.22 13:07:57.028,1.0409,1.0411,2.20,1.00
2008.07.22 13:07:57.694,1.04095,1.04115,1.00,1.30
2008.07.22 13:07:57.857,1.041,1.0412,1.00,3.50
2008.07.22 13:07:58.443,1.041,1.0412,1.00,1.00
2008.07.22 13:07:58.730,1.041,1.0412,1.30,1.00
2008.07.22 13:07:58.995,1.041,1.0412,1.30,3.50
2008.07.22 13:07:59.272,1.04095,1.0411,1.40,1.00
2008.07.22 13:07:59.653,1.041,1.0412,1.30,1.00
2008.07.22 13:08:01.840,1.04105,1.0412,1.00,1.00
2008.07.22 13:08:02.105,1.0411,1.04125,1.30,1.00
2008.07.22 13:08:02.372,1.04105,1.0412,1.00,1.00
2008.07.22 13:08:03.616,1.04095,1.041,1.00,1.00
2008.07.22 13:08:03.905,1.04095,1.041,2.70,1.00
2008.07.22 13:08:04.194,1.04095,1.0411,2.70,1.00
2008.07.22 13:08:04.483,1.04105,1.0411,1.00,1.00
2008.07.22 13:08:04.724,1.04105,1.0412,1.00,1.00
2008.07.22 13:08:04.850,1.04105,1.0412,1.40,1.00
2008.07.22 13:08:05.912,1.04105,1.0412,1.00,1.00
2008.07.22 13:08:06.147,1.04105,1.0412,1.40,1.00
2008.07.22 13:08:06.334,1.04105,1.04125,1.40,1.00
2008.07.22 13:08:06.645,1.04115,1.0412,1.00,1.00
2008.07.22 13:08:07.252,1.0411,1.0412,1.00,1.00
2008.07.22 13:08:08.097,1.04115,1.0412,1.00,1.00
2008.07.22 13:08:08.290,1.04115,1.0413,1.00,1.30
2008.07.22 13:08:08.482,1.0411,1.0413,1.00,1.30
2008.07.22 13:08:08.812,1.04105,1.0412,1.40,1.00
2008.07.22 13:08:09.127,1.04115,1.0413,1.00,1.30
2008.07.22 13:08:10.380,1.0411,1.0413,2.40,1.30
2008.07.22 13:08:10.526,1.0411,1.0413,1.30,1.30
2008.07.22 13:08:11.343,1.0411,1.0413,1.30,4.50
2008.07.22 13:08:12.121,1.04105,1.0412,1.00,1.00
2008.07.22 13:08:12.722,1.041,1.0412,1.30,1.00
2008.07.22 13:08:13.291,1.041,1.0412,1.30,1.00
2008.07.22 13:08:13.741,1.04095,1.0411,1.00,1.00
2008.07.22 13:08:14.380,1.041,1.0412,1.30,1.00
2008.07.22 13:08:15.502,1.04095,1.0411,1.00,1.00
2008.07.22 13:08:15.590,1.0409,1.0411,1.30,1.00
2008.07.22 13:08:16.260,1.0409,1.0411,1.30,1.00
2008.07.22 13:08:18.245,1.04085,1.041,1.00,1.00
2008.07.22 13:08:18.742,1.0408,1.041,2.20,1.00
2008.07.22 13:08:19.002,1.0408,1.041,1.30,1.00
2008.07.22 13:08:19.180,1.0408,1.041,1.30,1.00
2008.07.22 13:08:19.350,1.0407,1.0409,12.10,1.00
2008.07.22 13:08:19.582,1.0407,1.0409,6.70,1.00
2008.07.22 13:08:19.761,1.0407,1.0409,2.40,1.00
2008.07.22 13:08:19.941,1.0407,1.0409,1.30,1.70
2008.07.22 13:08:20.121,1.04065,1.0408,1.00,1.00
2008.07.22 13:08:20.521,1.0407,1.0408,1.00,1.00
2008.07.22 13:08:20.920,1.04075,1.0409,1.00,1.00
2008.07.22 13:08:21.943,1.04075,1.04095,1.00,1.00
2008.07.22 13:08:22.348,1.04075,1.041,1.40,1.00
2008.07.22 13:08:22.957,1.0408,1.041,1.00,1.00
2008.07.22 13:08:23.507,1.0408,1.041,2.20,1.00
2008.07.22 13:08:23.836,1.0408,1.041,2.20,1.00
2008.07.22 13:08:24.311,1.0408,1.041,2.20,1.00
2008.07.22 13:08:24.751,1.0409,1.041,1.30,1.00
2008.07.22 13:08:24.980,1.0409,1.04105,2.20,1.00
2008.07.22 13:08:25.371,1.0409,1.04105,1.30,1.00
2008.07.22 13:08:25.591,1.04075,1.0409,1.00,1.00
2008.07.22 13:08:26.021,1.0407,1.0409,1.30,1.30
2008.07.22 13:08:26.583,1.0407,1.0409,1.30,1.70
2008.07.22 13:08:27.003,1.04075,1.04095,1.00,1.30
2008.07.22 13:08:27.383,1.0408,1.04095,1.00,1.00
2008.07.22 13:08:27.571,1.04085,1.04105,1.00,1.30
2008.07.22 13:08:27.918,1.04085,1.04105,2.10,1.00
2008.07.22 13:08:28.098,1.0409,1.04105,1.00,1.00
2008.07.22 13:08:28.621,1.0409,1.04115,2.10,1.00
2008.07.22 13:08:29.012,1.041,1.04115,1.00,1.00
2008.07.22 13:08:29.349,1.04105,1.04115,1.00,1.00
2008.07.22 13:08:29.521,1.04095,1.041,2.50,2.10
2008.07.22 13:08:29.893,1.04095,1.041,2.50,1.70
2008.07.22 13:08:30.396,1.0409,1.041,7.80,1.70
2008.07.22 13:08:30.609,1.0409,1.041,6.70,1.70
2008.07.22 13:08:30.821,1.0409,1.0411,6.70,2.00
2008.07.22 13:08:31.262,1.04085,1.041,1.00,2.00
2008.07.22 13:08:31.467,1.0408,1.041,7.80,2.00
2008.07.22 13:08:31.739,1.0408,1.041,2.40,2.00
2008.07.22 13:08:32.017,1.0408,1.041,3.50,3.10
2008.07.22 13:08:32.298,1.0408,1.041,2.20,3.50
2008.07.22 13:08:32.609,1.0408,1.041,2.20,2.40
2008.07.22 13:08:33.047,1.0408,1.041,2.20,2.00
2008.07.22 13:08:35.332,1.0408,1.04105,2.00,1.30
2008.07.22 13:08:36.116,1.04075,1.04095,1.00,1.00
2008.07.22 13:08:36.466,1.04075,1.0409,1.00,1.00
2008.07.22 13:08:36.722,1.04075,1.0409,1.00,1.30
2008.07.22 13:08:36.987,1.0407,1.0409,6.70,1.80
2008.07.22 13:08:37.464,1.0407,1.0409,1.30,1.80
2008.07.22 13:08:37.658,1.04075,1.0409,1.00,1.80
2008.07.22 13:08:37.796,1.04075,1.0409,1.00,1.70
2008.07.22 13:08:38.046,1.04075,1.0409,1.00,1.00
2008.07.22 13:08:38.198,1.04075,1.0409,1.00,1.00
2008.07.22 13:08:38.370,1.04075,1.04095,1.00,1.00
2008.07.22 13:08:38.786,1.0408,1.04095,1.00,1.00
2008.07.22 13:08:39.111,1.0408,1.041,2.20,2.00
2008.07.22 13:08:41.338,1.0408,1.041,1.30,2.00
2008.07.22 13:08:41.445,1.0408,1.041,1.30,1.30
2008.07.22 13:08:41.546,1.0407,1.0409,7.80,1.30
2008.07.22 13:08:41.884,1.0407,1.0409,6.70,1.70
2008.07.22 13:08:42.190,1.0407,1.0409,1.30,1.70
2008.07.22 13:08:43.025,1.04075,1.0409,1.00,1.70
2008.07.22 13:08:43.356,1.04075,1.0409,1.00,1.40
2008.07.22 13:08:43.496,1.0408,1.0409,1.00,1.00
2008.07.22 13:08:43.624,1.04075,1.0409,2.00,1.00
2008.07.22 13:08:44.020,1.0408,1.041,1.00,5.60
2008.07.22 13:08:44.387,1.0409,1.041,1.00,5.20
2008.07.22 13:08:44.752,1.0409,1.0411,2.20,2.00
2008.07.22 13:08:44.953,1.041,1.0411,1.00,2.00
2008.07.22 13:08:45.156,1.041,1.0411,2.20,2.50
2008.07.22 13:08:45.267,1.04095,1.041,3.50,1.20
2008.07.22 13:08:45.560,1.041,1.0412,2.20,2.00
2008.07.22 13:08:46.069,1.041,1.0412,1.00,1.30
2008.07.22 13:08:46.406,1.04095,1.041,2.10,1.20
2008.07.22 13:08:46.737,1.0411,1.0412,1.30,1.80
2008.07.22 13:08:46.917,1.0409,1.0411,7.50,1.30
2008.07.22 13:08:47.093,1.0409,1.0411,6.40,1.30
2008.07.22 13:08:47.464,1.0408,1.04105,6.70,2.40
2008.07.22 13:08:47.651,1.04075,1.0409,1.00,1.30
2008.07.22 13:08:47.839,1.04075,1.0409,1.60,1.30
2008.07.22 13:08:48.257,1.0407,1.0409,2.20,1.30
2008.07.22 13:08:48.672,1.04075,1.0409,1.40,1.30
2008.07.22 13:08:48.884,1.04075,1.0409,1.40,1.00
2008.07.22 13:08:49.125,1.0408,1.0409,1.00,1.00
2008.07.22 13:08:49.803,1.0408,1.04105,2.20,2.50
2008.07.22 13:08:51.172,1.04085,1.04105,1.00,2.50
2008.07.22 13:08:51.432,1.04085,1.04105,1.40,1.00
2008.07.22 13:08:51.699,1.04085,1.0411,1.40,1.70
2008.07.22 13:08:51.966,1.0408,1.04105,2.20,1.00
2008.07.22 13:08:52.108,1.0408,1.04105,2.20,1.30
2008.07.22 13:08:52.249,1.0408,1.0409,1.00,1.00
2008.07.22 13:08:52.502,1.04075,1.0409,1.00,1.00
2008.07.22 13:08:52.768,1.0407,1.0409,2.20,1.00
2008.07.22 13:08:52.902,1.0407,1.0409,2.20,1.30
2008.07.22 13:08:53.043,1.0407,1.0409,2.20,1.00
2008.07.22 13:08:53.383,1.04075,1.0409,1.00,1.00
2008.07.22 13:08:53.716,1.04075,1.0409,1.00,1.00
2008.07.22 13:08:54.282,1.0407,1.0409,1.30,1.00
2008.07.22 13:08:54.421,1.0407,1.04085,1.30,1.00
2008.07.22 13:08:54.567,1.0407,1.04085,2.20,1.00
2008.07.22 13:08:54.708,1.0407,1.04085,1.30,1.00
2008.07.22 13:08:54.847,1.0407,1.04085,2.20,1.00
2008.07.22 13:08:54.984,1.0407,1.04085,3.30,1.00
2008.07.22 13:08:55.124,1.0407,1.04085,2.20,1.00
2008.07.22 13:08:55.288,1.04075,1.04085,1.00,1.00
2008.07.22 13:08:55.446,1.04075,1.0409,1.00,1.00
2008.07.22 13:08:55.739,1.04075,1.0409,1.40,1.00
2008.07.22 13:08:55.921,1.0408,1.0409,1.00,1.00
2008.07.22 13:08:56.602,1.04075,1.0409,2.50,1.00
2008.07.22 13:08:56.882,1.04075,1.0409,1.40,1.00
2008.07.22 13:08:57.341,1.04075,1.0409,1.00,1.00
2008.07.22 13:08:57.533,1.04075,1.0409,1.00,1.00
2008.07.22 13:08:57.648,1.0407,1.0409,1.30,1.70
2008.07.22 13:08:57.752,1.0407,1.0409,1.30,1.30
2008.07.22 13:08:58.078,1.0407,1.0409,1.30,1.70
2008.07.22 13:09:00.100,1.0406,1.0408,1.30,1.30
2008.07.22 13:09:00.449,1.0406,1.0408,1.30,1.70
2008.07.22 13:09:01.238,1.0406,1.0408,1.30,1.30
2008.07.22 13:09:02.410,1.0406,1.0408,1.30,1.70
2008.07.22 13:09:04.629,1.0406,1.0408,1.30,1.30
2008.07.22 13:09:05.427,1.0406,1.04075,1.30,1.00
2008.07.22 13:09:05.619,1.0405,1.0407,7.80,1.00
2008.07.22 13:09:05.712,1.0405,1.0407,6.70,1.30
2008.07.22 13:09:06.030,1.0405,1.0407,1.30,1.30
2008.07.22 13:09:06.475,1.0405,1.0407,2.20,1.30
2008.07.22 13:09:06.563,1.0405,1.0407,2.20,1.00
2008.07.22 13:09:06.839,1.04055,1.0407,1.00,1.00
2008.07.22 13:09:07.117,1.04055,1.0407,1.40,1.00
2008.07.22 13:09:07.631,1.0406,1.0408,1.30,1.70
2008.07.22 13:09:07.934,1.0406,1.04075,1.30,1.00
2008.07.22 13:09:11.658,1.0406,1.04075,1.30,1.30
2008.07.22 13:09:12.094,1.04045,1.0406,1.00,1.00
2008.07.22 13:09:12.311,1.0404,1.0406,7.60,1.00
2008.07.22 13:09:12.486,1.0404,1.0406,2.20,1.00
2008.07.22 13:09:13.319,1.0404,1.0406,2.20,3.50
2008.07.22 13:09:13.485,1.04045,1.0406,1.00,3.50
2008.07.22 13:09:13.794,1.0404,1.0406,2.20,3.50
2008.07.22 13:09:15.734,1.0404,1.0405,1.00,1.00
2008.07.22 13:09:15.902,1.04045,1.0405,1.40,3.50
2008.07.22 13:09:16.328,1.0405,1.0406,1.30,1.00
2008.07.22 13:09:16.660,1.0404,1.0406,3.30,1.00
2008.07.22 13:09:17.045,1.04035,1.0405,2.70,1.00
2008.07.22 13:09:17.269,1.0403,1.0405,8.90,1.00
2008.07.22 13:09:17.495,1.04035,1.0405,1.40,1.00
2008.07.22 13:09:17.906,1.0403,1.0405,2.20,1.00
2008.07.22 13:09:22.418,1.04035,1.0405,1.00,1.00
2008.07.22 13:09:22.710,1.04035,1.0405,1.40,1.00
2008.07.22 13:09:23.119,1.0404,1.0406,1.30,1.80
2008.07.22 13:09:23.841,1.0404,1.0406,1.30,1.70
2008.07.22 13:09:24.824,1.0403,1.0405,2.20,1.00
2008.07.22 13:09:26.896,1.04035,1.0405,1.40,1.00
2008.07.22 13:09:27.268,1.04035,1.0404,2.50,1.00
2008.07.22 13:09:27.402,1.0404,1.04055,1.00,1.00
2008.07.22 13:09:27.681,1.0404,1.04055,1.00,1.00
2008.07.22 13:09:27.861,1.0404,1.0406,1.00,1.00
2008.07.22 13:09:28.067,1.04045,1.0406,1.40,1.00
2008.07.22 13:09:29.324,1.04045,1.0407,1.40,3.90
2008.07.22 13:09:29.403,1.04045,1.0407,1.40,1.00
2008.07.22 13:09:29.483,1.0405,1.0407,1.00,1.00
2008.07.22 13:09:29.899,1.0405,1.0406,1.00,1.00
2008.07.22 13:09:30.272,1.04045,1.0406,1.40,1.00
2008.07.22 13:09:31.743,1.0405,1.0406,1.00,1.00
2008.07.22 13:09:31.943,1.04055,1.0406,1.00,1.00
2008.07.22 13:09:32.132,1.04055,1.0407,1.40,1.00
2008.07.22 13:09:33.205,1.04055,1.0407,1.00,1.00
2008.07.22 13:09:33.541,1.04055,1.0407,1.40,1.00
2008.07.22 13:09:36.466,1.04055,1.04075,1.40,1.00
2008.07.22 13:09:36.579,1.04055,1.0408,1.40,4.90
2008.07.22 13:09:36.794,1.04055,1.0408,1.00,1.30
2008.07.22 13:09:37.199,1.04055,1.04085,1.00,2.50
2008.07.22 13:09:37.599,1.04055,1.0408,1.00,1.40
2008.07.22 13:09:38.610,1.04055,1.04075,1.00,1.00
2008.07.22 13:09:38.746,1.0406,1.04075,1.00,1.00
2008.07.22 13:09:39.271,1.0406,1.0408,1.00,1.30
2008.07.22 13:09:39.460,1.0406,1.0408,2.20,1.30
2008.07.22 13:09:40.519,1.0406,1.0408,2.20,1.00
2008.07.22 13:09:43.171,1.0406,1.0408,2.20,1.30
2008.07.22 13:09:43.381,1.04055,1.0408,1.40,1.30
2008.07.22 13:09:43.579,1.04055,1.0407,1.40,1.00
2008.07.22 13:09:44.043,1.0406,1.0407,1.00,1.00
2008.07.22 13:09:44.150,1.0406,1.0408,1.00,1.30
2008.07.22 13:09:44.360,1.0406,1.0408,1.00,1.00
2008.07.22 13:09:44.658,1.0406,1.0408,2.20,1.00
2008.07.22 13:09:45.188,1.0406,1.0408,1.00,1.00
2008.07.22 13:09:50.084,1.0406,1.0408,2.20,1.00
2008.07.22 13:09:51.778,1.0406,1.0408,1.30,1.00
2008.07.22 13:09:52.042,1.0406,1.0407,1.00,1.00
2008.07.22 13:09:52.667,1.0406,1.0408,1.30,1.70
2008.07.22 13:09:53.116,1.0406,1.0408,2.20,1.70
2008.07.22 13:09:53.485,1.0406,1.0408,2.20,1.30
2008.07.22 13:09:53.566,1.0406,1.0408,1.30,1.70
2008.07.22 13:09:54.027,1.0406,1.0408,2.20,1.70
2008.07.22 13:09:54.650,1.0406,1.0408,2.20,1.30
2008.07.22 13:09:55.147,1.0407,1.0408,1.30,1.00
2008.07.22 13:09:55.579,1.0407,1.0408,1.00,1.70
2008.07.22 13:09:55.777,1.0407,1.0408,1.00,1.00
2008.07.22 13:09:55.954,1.04065,1.0408,1.00,1.00
2008.07.22 13:09:56.150,1.0406,1.0407,2.10,1.00
2008.07.22 13:09:56.447,1.04055,1.0407,1.40,1.00
2008.07.22 13:09:57.027,1.04055,1.0407,1.00,1.00
2008.07.22 13:09:57.188,1.04055,1.0407,1.40,1.00
2008.07.22 13:09:57.342,1.0406,1.0408,2.20,1.70
2008.07.22 13:09:57.497,1.0406,1.0408,2.20,4.90
2008.07.22 13:09:57.778,1.0406,1.0407,1.00,1.00
2008.07.22 13:09:58.056,1.04055,1.0407,2.50,1.00
2008.07.22 13:09:58.394,1.04055,1.0407,1.00,1.00
2008.07.22 13:09:58.716,1.0406,1.0407,1.00,1.00
2008.07.22 13:09:59.047,1.0406,1.0408,2.20,1.00
2008.07.22 13:09:59.176,1.0406,1.0408,1.30,1.00
2008.07.22 13:09:59.544,1.04055,1.0407,1.00,1.00
2008.07.22 13:10:02.426,1.04055,1.0407,1.40,1.00
2008.07.22 13:10:02.818,1.04055,1.0407,1.00,1.00
2008.07.22 13:10:07.005,1.04045,1.0406,1.60,1.00
2008.07.22 13:10:07.382,1.04045,1.0406,1.00,1.00
2008.07.22 13:10:10.200,1.04045,1.0406,1.00,3.50
2008.07.22 13:10:10.801,1.0404,1.0406,1.30,3.50
2008.07.22 13:10:11.596,1.0404,1.0406,2.20,3.50
2008.07.22 13:10:11.822,1.04045,1.0406,1.00,3.50
2008.07.22 13:10:11.863,1.04045,1.0406,1.00,1.00
2008.07.22 13:10:12.114,1.0405,1.0406,1.30,3.20
2008.07.22 13:10:12.268,1.0405,1.0407,1.30,5.10
2008.07.22 13:10:14.760,1.0404,1.0406,2.20,3.50
2008.07.22 13:10:14.923,1.0404,1.0406,1.30,3.50
2008.07.22 13:10:15.482,1.0404,1.0406,2.20,3.50
2008.07.22 13:10:15.690,1.0404,1.0406,1.30,1.00
2008.07.22 13:10:15.896,1.0404,1.0406,1.30,3.50
2008.07.22 13:10:16.343,1.04045,1.0406,1.00,1.00
2008.07.22 13:10:16.601,1.0404,1.0406,1.30,3.50
2008.07.22 13:10:17.092,1.04045,1.0406,1.00,1.00
2008.07.22 13:10:17.394,1.0404,1.0406,1.30,1.00
2008.07.22 13:10:17.793,1.0404,1.0406,1.30,1.00
2008.07.22 13:10:17.899,1.0404,1.0406,1.30,1.00
2008.07.22 13:10:19.808,1.04045,1.0406,1.00,1.00
2008.07.22 13:10:19.923,1.0405,1.04065,1.30,1.00
2008.07.22 13:10:20.032,1.0405,1.0407,1.30,1.70
2008.07.22 13:10:21.661,1.0405,1.0407,1.30,1.00
2008.07.22 13:10:22.093,1.0405,1.0407,1.30,1.00
2008.07.22 13:10:22.299,1.0405,1.0407,2.20,1.00
2008.07.22 13:10:22.780,1.0405,1.0407,3.20,1.00
2008.07.22 13:10:23.379,1.04055,1.0407,2.40,1.00
2008.07.22 13:10:23.644,1.0406,1.0408,1.30,1.30
2008.07.22 13:10:25.712,1.0406,1.0408,1.30,1.70
2008.07.22 13:10:26.122,1.0406,1.04075,1.30,1.00
2008.07.22 13:10:26.441,1.04055,1.0407,1.00,1.00
2008.07.22 13:10:26.993,1.0405,1.0407,1.30,1.00
2008.07.22 13:10:27.273,1.0405,1.0407,2.20,1.00
2008.07.22 13:10:27.550,1.04055,1.0407,1.00,1.00
2008.07.22 13:10:28.200,1.04055,1.0407,1.40,1.00
2008.07.22 13:10:28.612,1.0406,1.0408,1.30,1.70
2008.07.22 13:10:34.183,1.04065,1.0408,1.00,1.70
2008.07.22 13:10:34.388,1.04065,1.0408,1.00,1.00
2008.07.22 13:10:34.768,1.0407,1.0408,1.30,1.00
2008.07.22 13:10:34.980,1.0407,1.04085,1.30,1.00
2008.07.22 13:10:35.160,1.04065,1.04085,1.00,1.00
2008.07.22 13:10:35.297,1.04065,1.0409,1.00,1.70
2008.07.22 13:10:35.525,1.04065,1.0409,1.00,1.80
2008.07.22 13:10:35.661,1.04065,1.0408,1.00,1.00
2008.07.22 13:10:36.276,1.04065,1.0409,1.00,1.70
2008.07.22 13:10:37.461,1.04065,1.04085,1.00,1.00
2008.07.22 13:10:37.643,1.0405,1.04075,9.80,1.00
2008.07.22 13:10:37.823,1.0405,1.04075,7.60,1.30
2008.07.22 13:10:38.256,1.0405,1.0407,2.20,1.00
2008.07.22 13:10:38.737,1.04055,1.0407,1.00,1.00
2008.07.22 13:10:39.249,1.0406,1.04075,1.30,1.00
2008.07.22 13:10:39.305,1.0406,1.0408,1.30,1.80
2008.07.22 13:10:42.582,1.04055,1.0407,1.00,1.00
2008.07.22 13:10:42.666,1.0405,1.0407,2.20,1.00
2008.07.22 13:10:42.813,1.0405,1.0407,1.30,1.00
2008.07.22 13:10:43.258,1.0405,1.0407,1.30,1.30
2008.07.22 13:10:44.163,1.0405,1.0407,1.30,1.00
2008.07.22 13:10:44.465,1.0405,1.0407,1.30,1.00
2008.07.22 13:10:45.245,1.0405,1.0407,2.20,1.00
2008.07.22 13:10:45.530,1.04055,1.0407,1.40,1.00
2008.07.22 13:10:46.104,1.04055,1.0407,1.00,1.00
2008.07.22 13:10:46.908,1.04055,1.0407,1.40,1.00
2008.07.22 13:10:47.414,1.0406,1.0408,1.30,1.00
2008.07.22 13:10:48.317,1.0406,1.0408,1.30,1.30
2008.07.22 13:10:48.460,1.0406,1.04075,1.30,1.00
2008.07.22 13:10:50.013,1.04055,1.0407,1.00,1.00
2008.07.22 13:10:52.657,1.0405,1.0407,1.30,1.00
2008.07.22 13:10:52.801,1.04045,1.0406,1.00,1.00
2008.07.22 13:10:52.942,1.0404,1.0406,7.80,1.00
2008.07.22 13:10:53.471,1.0404,1.0406,6.70,1.00
2008.07.22 13:10:53.806,1.0404,1.0406,1.30,1.00
2008.07.22 13:10:54.268,1.0404,1.0406,1.30,3.50
2008.07.22 13:10:55.352,1.0404,1.0406,2.20,1.00
2008.07.22 13:10:55.620,1.04045,1.0406,1.00,1.00
2008.07.22 13:10:55.763,1.04045,1.0406,1.40,1.00
2008.07.22 13:10:56.032,1.04045,1.0406,1.00,1.00
2008.07.22 13:10:56.608,1.04045,1.0406,1.40,1.00
2008.07.22 13:10:56.884,1.0405,1.0406,1.00,1.00
2008.07.22 13:10:57.325,1.04045,1.0406,2.70,1.00
2008.07.22 13:10:57.450,1.04045,1.0406,1.40,1.00
2008.07.22 13:10:57.690,1.0405,1.0406,1.00,1.00
2008.07.22 13:10:57.936,1.04055,1.0406,1.00,1.00
2008.07.22 13:10:58.198,1.0405,1.0406,1.00,1.00
2008.07.22 13:10:58.963,1.04055,1.0406,1.00,1.00
2008.07.22 13:10:59.239,1.0405,1.0406,1.00,1.00
2008.07.22 13:10:59.341,1.04045,1.0406,1.40,1.00
2008.07.22 13:11:02.828,1.04055,1.0406,1.00,1.00
2008.07.22 13:11:03.002,1.04055,1.0407,1.00,1.00
2008.07.22 13:11:03.988,1.04045,1.0407,1.40,1.00
2008.07.22 13:11:04.250,1.04045,1.0407,1.00,1.00
2008.07.22 13:11:04.441,1.04045,1.0407,2.50,3.50
2008.07.22 13:11:04.553,1.04055,1.0407,1.00,3.50
2008.07.22 13:11:04.664,1.04045,1.0407,1.40,1.00
2008.07.22 13:11:04.955,1.0405,1.0407,1.30,1.00
2008.07.22 13:11:05.423,1.0405,1.0407,2.20,1.00
2008.07.22 13:11:06.140,1.0405,1.0407,1.30,1.00
2008.07.22 13:11:07.100,1.04055,1.0407,1.00,1.00
2008.07.22 13:11:07.669,1.0406,1.0408,1.30,1.80
2008.07.22 13:11:07.802,1.0406,1.04075,1.30,1.00
2008.07.22 13:11:07.894,1.0406,1.04075,1.30,2.50
2008.07.22 13:11:08.060,1.0406,1.04065,1.30,1.00
2008.07.22 13:11:08.208,1.04045,1.0406,1.00,1.00
2008.07.22 13:11:08.299,1.0404,1.0406,6.70,1.00
2008.07.22 13:11:08.389,1.0404,1.0406,6.70,4.50
2008.07.22 13:11:08.478,1.0404,1.0406,1.30,4.90
2008.07.22 13:11:12.549,1.0404,1.0406,1.30,3.90
2008.07.22 13:11:12.843,1.0404,1.0406,2.20,3.90
2008.07.22 13:11:12.928,1.04045,1.0406,1.00,3.90
2008.07.22 13:11:12.979,1.04045,1.0406,1.00,1.00
2008.07.22 13:11:13.412,1.0404,1.0406,1.30,1.00
2008.07.22 13:11:13.569,1.0404,1.0406,1.30,4.90
2008.07.22 13:11:13.850,1.0404,1.0406,2.20,1.00
2008.07.22 13:11:14.117,1.04045,1.0406,1.00,1.00
2008.07.22 13:11:14.362,1.04045,1.0406,1.40,1.00
2008.07.22 13:11:14.593,1.0405,1.0407,2.20,1.00
2008.07.22 13:11:16.146,1.0405,1.0407,1.30,1.00
2008.07.22 13:11:16.356,1.0405,1.0407,1.30,1.30
2008.07.22 13:11:17.327,1.0405,1.0407,1.30,1.70
2008.07.22 13:11:26.193,1.0405,1.04065,1.30,1.00
2008.07.22 13:11:34.052,1.0405,1.0407,1.30,1.70
2008.07.22 13:11:34.977,1.0405,1.0407,1.30,1.80
2008.07.22 13:11:35.950,1.0405,1.04065,1.30,1.00
2008.07.22 13:11:37.962,1.0405,1.0407,1.30,1.80
2008.07.22 13:11:39.522,1.0405,1.04065,1.30,1.00
2008.07.22 13:11:39.650,1.0404,1.0406,1.30,1.00
2008.07.22 13:11:40.381,1.0404,1.0406,2.40,1.00
2008.07.22 13:11:40.509,1.0404,1.0406,7.80,1.00
2008.07.22 13:11:41.235,1.0404,1.0406,6.70,1.00
2008.07.22 13:11:41.623,1.0404,1.0406,1.30,1.00
2008.07.22 13:11:41.820,1.04045,1.0406,1.00,1.00
2008.07.22 13:11:42.477,1.0405,1.0407,1.30,1.80
2008.07.22 13:11:44.819,1.0405,1.0407,1.30,1.00
2008.07.22 13:11:45.522,1.0405,1.0407,1.30,1.00
2008.07.22 13:11:47.818,1.04045,1.0406,1.40,1.00
2008.07.22 13:11:48.115,1.04045,1.0406,1.00,1.00
2008.07.22 13:11:48.184,1.0404,1.0406,7.60,1.00
2008.07.22 13:11:48.367,1.0404,1.0406,2.20,1.00
2008.07.22 13:11:48.733,1.04045,1.0406,1.00,3.50
2008.07.22 13:11:49.099,1.04045,1.0406,1.40,1.00
2008.07.22 13:11:49.389,1.0404,1.0406,2.20,1.00
2008.07.22 13:11:49.531,1.04045,1.0406,1.00,3.50
2008.07.22 13:11:49.671,1.04045,1.0406,1.40,3.20
2008.07.22 13:11:49.810,1.04055,1.04065,1.00,1.00
2008.07.22 13:11:50.070,1.0406,1.0407,1.00,1.00
2008.07.22 13:11:50.354,1.0406,1.0408,1.00,6.00
2008.07.22 13:11:50.503,1.04065,1.0408,1.00,1.70
2008.07.22 13:11:51.150,1.0406,1.0408,2.00,1.00
2008.07.22 13:11:51.379,1.04065,1.0408,1.40,1.00
2008.07.22 13:11:54.099,1.04065,1.0408,1.00,2.40
2008.07.22 13:11:54.238,1.04055,1.0406,4.50,1.00
2008.07.22 13:11:54.368,1.0405,1.0406,5.40,1.30
2008.07.22 13:11:54.508,1.0405,1.0406,5.40,3.90
2008.07.22 13:11:54.636,1.0405,1.0406,6.40,3.90
2008.07.22 13:11:54.767,1.0405,1.0406,6.40,1.00
2008.07.22 13:11:54.898,1.04045,1.0406,1.00,1.00
2008.07.22 13:11:55.027,1.04045,1.0406,1.00,3.90
2008.07.22 13:11:55.416,1.04045,1.0406,1.00,3.50
2008.07.22 13:11:55.556,1.04045,1.0406,1.00,1.00
2008.07.22 13:11:56.676,1.04045,1.0406,1.40,1.00
2008.07.22 13:11:56.869,1.0405,1.0406,2.00,1.00
2008.07.22 13:11:57.064,1.0405,1.0407,2.20,1.00
2008.07.22 13:11:57.277,1.0405,1.0407,2.20,1.00
2008.07.22 13:11:57.366,1.04055,1.0407,1.00,1.00
2008.07.22 13:11:58.566,1.0405,1.0407,1.30,1.30
2008.07.22 13:11:58.825,1.0405,1.0407,1.30,1.70
2008.07.22 13:11:59.046,1.0405,1.0407,1.30,1.30
2008.07.22 13:12:00.315,1.0405,1.0407,1.30,1.70
2008.07.22 13:12:00.568,1.0405,1.0407,1.30,1.80
2008.07.22 13:12:00.700,1.0404,1.0406,3.50,1.00
2008.07.22 13:12:00.974,1.0404,1.04055,2.40,1.00
2008.07.22 13:12:01.236,1.0404,1.0405,5.80,1.00
2008.07.22 13:12:01.726,1.0403,1.0405,6.60,1.00
2008.07.22 13:12:02.080,1.0403,1.0405,2.20,1.00
2008.07.22 13:12:02.595,1.0403,1.0405,1.30,1.00
2008.07.22 13:12:03.174,1.04035,1.0405,1.00,1.00
2008.07.22 13:12:04.683,1.0403,1.0405,1.30,1.00
2008.07.22 13:12:05.019,1.0403,1.0405,2.20,1.00
2008.07.22 13:12:05.345,1.0403,1.0405,1.30,1.00
2008.07.22 13:12:05.582,1.0403,1.0405,2.20,1.00
2008.07.22 13:12:05.914,1.04035,1.0405,1.00,1.00
2008.07.22 13:12:06.522,1.04035,1.0405,1.40,1.00
2008.07.22 13:12:07.144,1.0404,1.0406,1.30,1.00
2008.07.22 13:12:07.345,1.0404,1.0406,1.30,4.90
2008.07.22 13:12:07.546,1.0404,1.04055,1.30,1.00
2008.07.22 13:12:07.745,1.0403,1.0405,1.30,1.00
2008.07.22 13:12:08.322,1.0403,1.0405,2.40,1.00
2008.07.22 13:12:10.134,1.04035,1.0405,1.00,1.00
2008.07.22 13:12:10.674,1.0404,1.0406,1.30,4.90
2008.07.22 13:12:11.119,1.0404,1.0406,1.30,3.90
2008.07.22 13:12:11.228,1.04035,1.0405,1.00,4.50
2008.07.22 13:12:11.577,1.04035,1.0405,1.00,1.00
2008.07.22 13:12:11.913,1.0404,1.0406,1.30,1.70
2008.07.22 13:12:12.245,1.0404,1.0406,1.30,4.90
2008.07.22 13:12:13.233,1.0403,1.0405,3.50,1.00
2008.07.22 13:12:13.864,1.04035,1.0405,1.00,1.00
2008.07.22 13:12:14.342,1.0404,1.0406,1.30,4.50
2008.07.22 13:12:14.798,1.0404,1.04055,1.30,1.00
2008.07.22 13:12:14.900,1.0403,1.0405,7.80,1.00
2008.07.22 13:12:15.005,1.0403,1.0405,8.90,1.00
2008.07.22 13:12:15.277,1.0403,1.0405,7.80,1.00
2008.07.22 13:12:16.186,1.0403,1.0405,2.40,1.00
2008.07.22 13:12:16.372,1.0403,1.0405,3.50,1.00
2008.07.22 13:12:16.703,1.04035,1.0405,1.00,1.00
2008.07.22 13:12:16.990,1.0404,1.0406,1.30,4.90
2008.07.22 13:12:17.274,1.0404,1.0406,1.30,4.50
2008.07.22 13:12:17.553,1.0404,1.0406,1.30,1.30
2008.07.22 13:12:17.761,1.0404,1.0406,2.20,1.30
2008.07.22 13:12:17.974,1.0404,1.0406,2.20,1.00
2008.07.22 13:12:18.377,1.0404,1.0406,1.30,1.00
2008.07.22 13:12:18.686,1.0404,1.0406,1.30,1.30
2008.07.22 13:12:19.291,1.0404,1.0406,2.20,1.00
2008.07.22 13:12:19.593,1.0404,1.0406,1.30,1.00
2008.07.22 13:12:21.339,1.0404,1.0406,1.30,1.30
2008.07.22 13:12:25.307,1.0404,1.0406,1.30,4.50
2008.07.22 13:12:26.019,1.0404,1.0406,1.30,1.00
2008.07.22 13:12:26.421,1.0404,1.0406,2.40,1.00
2008.07.22 13:12:27.131,1.0404,1.0406,1.30,1.00
2008.07.22 13:12:29.540,1.04045,1.0406,1.40,1.00
2008.07.22 13:12:29.711,1.0405,1.04065,1.30,1.00
2008.07.22 13:12:29.878,1.0405,1.0407,1.30,3.50
2008.07.22 13:12:30.749,1.04045,1.0406,1.60,1.00
2008.07.22 13:12:31.012,1.04045,1.0406,1.00,1.00
2008.07.22 13:12:32.336,1.04045,1.0406,1.40,1.00
2008.07.22 13:12:32.532,1.0405,1.0406,1.00,1.00
2008.07.22 13:12:32.650,1.0405,1.0406,2.00,1.00
2008.07.22 13:12:32.790,1.0405,1.0406,1.00,1.00
2008.07.22 13:12:32.859,1.04045,1.0406,3.70,1.00
2008.07.22 13:12:33.078,1.0405,1.0407,1.30,1.00
2008.07.22 13:12:34.901,1.0405,1.0407,2.20,1.00
2008.07.22 13:12:35.148,1.0406,1.04075,1.30,1.30
2008.07.22 13:12:35.197,1.0406,1.04075,1.30,1.00
2008.07.22 13:12:37.686,1.0405,1.0407,1.30,1.30
2008.07.22 13:12:38.065,1.0405,1.0407,2.20,1.30
2008.07.22 13:12:39.163,1.0405,1.0407,2.20,1.00
2008.07.22 13:12:39.314,1.04055,1.0407,1.40,1.00
2008.07.22 13:12:39.686,1.0406,1.04075,1.30,1.00
2008.07.22 13:12:40.667,1.04065,1.0407,1.00,1.00
2008.07.22 13:12:40.953,1.0407,1.04075,1.30,1.20
2008.07.22 13:12:41.240,1.04055,1.0407,1.00,1.00
2008.07.22 13:12:41.400,1.04055,1.0407,1.00,1.00
2008.07.22 13:12:42.948,1.0406,1.0407,1.00,1.00
2008.07.22 13:12:43.496,1.0406,1.0408,2.20,1.70
2008.07.22 13:12:43.971,1.0406,1.04075,2.20,1.00
2008.07.22 13:12:44.095,1.0406,1.04075,1.30,1.00
2008.07.22 13:12:44.347,1.0405,1.0407,2.20,1.00
2008.07.22 13:12:46.804,1.0405,1.0407,1.30,1.00
2008.07.22 13:12:47.690,1.0405,1.0407,1.30,1.30
2008.07.22 13:12:48.739,1.0405,1.0407,1.30,1.70
2008.07.22 13:12:49.575,1.04045,1.0406,1.00,1.00
2008.07.22 13:12:50.120,1.0404,1.0406,2.20,1.00
2008.07.22 13:12:50.570,1.0405,1.0407,1.30,1.80
2008.07.22 13:12:50.734,1.0404,1.0406,1.30,1.00
2008.07.22 13:12:51.715,1.0404,1.0406,1.30,4.50
2008.07.22 13:12:52.175,1.0404,1.0406,1.30,4.90
2008.07.22 13:12:52.675,1.04035,1.0405,1.00,1.00
2008.07.22 13:12:53.180,1.0404,1.0405,1.00,1.00
2008.07.22 13:12:53.484,1.04035,1.0405,1.00,1.00
2008.07.22 13:12:53.789,1.0403,1.0405,8.90,3.50
2008.07.22 13:12:53.903,1.0403,1.0405,2.20,3.50
2008.07.22 13:12:55.989,1.0403,1.0404,1.00,1.00
2008.07.22 13:12:56.243,1.04025,1.0404,1.00,1.00
2008.07.22 13:12:57.206,1.04025,1.0403,1.40,1.00
2008.07.22 13:12:57.599,1.04025,1.0403,1.00,1.00
2008.07.22 13:12:57.953,1.04025,1.0404,1.40,1.00
2008.07.22 13:12:58.313,1.04025,1.0404,1.00,1.00
2008.07.22 13:13:00.083,1.0403,1.0405,1.30,1.70
2008.07.22 13:13:00.327,1.0403,1.0405,1.30,4.00
2008.07.22 13:13:00.480,1.0403,1.0405,1.30,2.80
2008.07.22 13:13:00.929,1.0403,1.0405,1.30,1.70
2008.07.22 13:13:02.073,1.0404,1.0405,1.30,1.00
2008.07.22 13:13:02.533,1.04045,1.0405,1.00,1.00
2008.07.22 13:13:02.684,1.0405,1.04065,1.30,1.20
2008.07.22 13:13:03.215,1.0405,1.0406,1.30,1.00
2008.07.22 13:13:03.351,1.0405,1.0407,1.30,5.60
2008.07.22 13:13:03.480,1.0405,1.0407,1.30,1.30
2008.07.22 13:13:04.832,1.0405,1.0407,2.20,1.30
2008.07.22 13:13:04.943,1.0405,1.0407,2.20,1.00
2008.07.22 13:13:06.496,1.0405,1.0407,1.30,1.00
2008.07.22 13:13:06.609,1.0405,1.04065,1.30,1.00
2008.07.22 13:13:06.722,1.0405,1.0406,1.30,1.00
2008.07.22 13:13:06.830,1.0404,1.0406,6.70,1.30
2008.07.22 13:13:07.162,1.0404,1.0406,1.30,1.30
2008.07.22 13:13:08.762,1.0405,1.0406,1.00,1.30
2008.07.22 13:13:08.831,1.0405,1.04065,2.20,2.50
2008.07.22 13:13:08.983,1.0405,1.04065,2.20,1.60
2008.07.22 13:13:09.051,1.0405,1.04065,2.20,1.00
2008.07.22 13:13:09.150,1.0405,1.0407,2.20,1.30
2008.07.22 13:13:09.532,1.0405,1.0407,1.30,1.30
2008.07.22 13:13:09.873,1.0405,1.0406,1.00,1.00
2008.07.22 13:13:10.200,1.04045,1.0406,1.40,1.00
2008.07.22 13:13:12.672,1.04045,1.0406,1.00,1.00
2008.07.22 13:13:13.033,1.04045,1.0406,1.40,1.00
2008.07.22 13:13:19.717,1.04045,1.0406,2.50,1.00
2008.07.22 13:13:19.938,1.04045,1.0406,1.40,1.30
2008.07.22 13:13:22.387,1.04045,1.0406,1.40,1.00
2008.07.22 13:13:22.567,1.04055,1.0406,1.00,1.00
2008.07.22 13:13:22.763,1.04055,1.0406,1.40,1.00
2008.07.22 13:13:23.099,1.04055,1.0407,1.40,1.30
2008.07.22 13:13:24.910,1.04055,1.0407,1.40,1.70
2008.07.22 13:13:26.214,1.04055,1.0407,1.00,1.70
2008.07.22 13:13:28.905,1.0405,1.0407,2.20,1.70
2008.07.22 13:13:29.556,1.0405,1.04065,2.20,1.00
2008.07.22 13:13:29.993,1.0405,1.0407,2.20,1.70
2008.07.22 13:13:31.167,1.04055,1.0407,1.00,1.70
2008.07.22 13:13:31.235,1.04055,1.0407,1.40,1.70
2008.07.22 13:13:31.582,1.0406,1.0407,1.30,1.40
2008.07.22 13:13:35.942,1.04065,1.0407,1.00,1.40
2008.07.22 13:13:36.092,1.04065,1.0407,1.00,1.00
2008.07.22 13:13:36.220,1.0407,1.0408,1.30,2.10
2008.07.22 13:13:36.651,1.0407,1.0408,1.30,1.00
2008.07.22 13:13:38.411,1.0407,1.0408,1.30,1.40
2008.07.22 13:13:38.826,1.0407,1.0408,1.30,1.00
2008.07.22 13:13:39.146,1.0408,1.04085,1.30,1.40
2008.07.22 13:13:39.602,1.04075,1.0409,1.00,2.40
2008.07.22 13:13:39.919,1.0407,1.0408,1.30,1.40
2008.07.22 13:13:40.100,1.04065,1.0408,1.00,1.70
2008.07.22 13:13:41.105,1.04065,1.0408,1.00,1.30
2008.07.22 13:13:44.336,1.0406,1.0408,2.20,1.30
2008.07.22 13:13:45.219,1.04065,1.0408,1.00,1.30
2008.07.22 13:13:45.323,1.04065,1.0408,1.40,1.30
2008.07.22 13:13:45.579,1.0407,1.0408,1.30,1.00
2008.07.22 13:13:46.411,1.0406,1.0408,1.30,1.30
2008.07.22 13:13:50.919,1.04065,1.0408,1.00,1.30
2008.07.22 13:13:51.169,1.0407,1.04085,1.30,1.00
2008.07.22 13:13:51.408,1.04065,1.0408,1.40,1.00
2008.07.22 13:13:52.050,1.04065,1.0408,1.00,1.00
2008.07.22 13:13:53.938,1.04065,1.0408,1.40,1.00
2008.07.22 13:13:54.160,1.0406,1.0408,2.20,1.00
2008.07.22 13:13:57.068,1.0406,1.0408,1.30,1.00
2008.07.22 13:13:57.499,1.0406,1.0408,2.20,1.00
2008.07.22 13:13:57.733,1.0406,1.0408,2.20,1.30
2008.07.22 13:14:01.799,1.0406,1.0407,1.00,1.00
2008.07.22 13:14:02.019,1.04065,1.0407,1.00,1.00
2008.07.22 13:14:02.369,1.0406,1.0407,2.00,1.00
2008.07.22 13:14:02.547,1.0406,1.0407,1.00,1.00
2008.07.22 13:14:03.069,1.04055,1.0407,1.40,1.00
2008.07.22 13:14:04.055,1.04055,1.0407,1.00,1.00
2008.07.22 13:14:04.641,1.04055,1.0407,1.00,1.30
2008.07.22 13:14:05.420,1.04055,1.0407,1.00,1.00
2008.07.22 13:14:05.646,1.04055,1.0407,1.00,1.00
2008.07.22 13:14:06.197,1.04055,1.0407,1.00,1.00
2008.07.22 13:14:06.318,1.04055,1.0407,1.00,1.00
2008.07.22 13:14:07.037,1.0405,1.0407,2.20,1.00
2008.07.22 13:14:09.863,1.04055,1.0407,1.40,1.00
2008.07.22 13:14:09.915,1.0406,1.0407,1.30,1.00
2008.07.22 13:14:10.020,1.0406,1.04075,1.30,1.00
2008.07.22 13:14:10.346,1.0406,1.0407,1.30,1.00
2008.07.22 13:14:10.636,1.0406,1.04075,1.30,1.00
2008.07.22 13:14:12.825,1.04055,1.0407,1.00,1.00
2008.07.22 13:14:13.127,1.04055,1.0407,1.00,1.00
2008.07.22 13:14:13.460,1.04055,1.0407,1.40,1.00
2008.07.22 13:14:13.715,1.04055,1.0407,1.40,1.00
2008.07.22 13:14:14.555,1.0406,1.0408,1.30,1.70
2008.07.22 13:14:15.804,1.0406,1.0408,2.20,1.70
2008.07.22 13:14:15.923,1.0406,1.0408,2.20,1.00
2008.07.22 13:14:16.043,1.04065,1.0408,1.00,1.00
2008.07.22 13:14:16.343,1.04065,1.0408,1.00,1.00
2008.07.22 13:14:16.543,1.0406,1.0408,2.40,1.00
2008.07.22 13:14:16.609,1.0406,1.04085,2.40,1.00
2008.07.22 13:14:16.673,1.0406,1.04085,1.30,1.00
2008.07.22 13:14:16.805,1.04065,1.0408,1.00,1.00
2008.07.22 13:14:16.902,1.04065,1.0408,1.00,1.00
2008.07.22 13:14:18.185,1.04065,1.04085,1.00,1.00
2008.07.22 13:14:18.549,1.0407,1.04085,1.00,1.00
2008.07.22 13:14:18.715,1.0407,1.0409,1.00,1.00
2008.07.22 13:14:19.178,1.0407,1.0409,1.30,1.30
2008.07.22 13:14:19.482,1.0407,1.0409,1.30,1.70
2008.07.22 13:14:19.792,1.04065,1.0409,1.40,1.70
2008.07.22 13:14:20.631,1.0407,1.0409,1.30,1.70
2008.07.22 13:14:26.391,1.0407,1.0409,1.30,1.80
2008.07.22 13:14:26.609,1.04065,1.0408,1.40,1.00
2008.07.22 13:14:27.451,1.0407,1.0409,1.30,1.80
2008.07.22 13:14:35.802,1.04065,1.0408,1.00,1.00
2008.07.22 13:14:39.926,1.0406,1.0408,2.20,1.00
2008.07.22 13:14:43.633,1.04065,1.0408,1.00,1.00
2008.07.22 13:14:44.295,1.0406,1.0408,2.20,1.00
2008.07.22 13:14:48.708,1.04065,1.0408,1.00,1.00
2008.07.22 13:14:48.816,1.04065,1.0408,1.40,1.00
2008.07.22 13:14:48.929,1.0407,1.0408,1.00,1.00
2008.07.22 13:14:48.994,1.0407,1.04085,1.00,1.00
2008.07.22 13:14:49.057,1.0407,1.04085,2.00,1.00
2008.07.22 13:14:49.137,1.0407,1.0409,2.00,1.00
2008.07.22 13:14:49.229,1.0407,1.0409,2.20,1.00
2008.07.22 13:14:49.266,1.0407,1.0409,2.20,1.00
2008.07.22 13:14:49.341,1.0407,1.0409,2.20,1.30
2008.07.22 13:14:49.695,1.0407,1.0409,2.20,1.00
2008.07.22 13:14:51.926,1.0407,1.0409,2.20,1.00
2008.07.22 13:14:54.506,1.04075,1.0409,1.00,1.00
2008.07.22 13:14:54.815,1.04075,1.04095,1.00,1.00
2008.07.22 13:14:54.952,1.04075,1.041,1.00,2.80
2008.07.22 13:14:55.556,1.04075,1.041,1.40,2.80
2008.07.22 13:14:56.331,1.04075,1.041,1.40,2.40
2008.07.22 13:14:56.991,1.0408,1.041,1.00,2.40
2008.07.22 13:14:57.212,1.04075,1.041,1.40,2.40
2008.07.22 13:14:57.836,1.04075,1.041,2.50,2.40
2008.07.22 13:14:57.970,1.0408,1.041,1.00,2.40
2008.07.22 13:14:58.473,1.0408,1.041,2.20,2.40
2008.07.22 13:15:03.043,1.04085,1.041,1.00,2.10
2008.07.22 13:15:03.286,1.0408,1.04105,2.20,1.30
2008.07.22 13:15:03.517,1.0409,1.04105,1.30,1.30
2008.07.22 13:15:09.653,1.0408,1.04105,1.30,1.30
2008.07.22 13:15:10.032,1.0408,1.04095,1.30,1.00
2008.07.22 13:15:10.236,1.0408,1.04095,1.00,1.00
2008.07.22 13:15:10.483,1.04075,1.04095,1.00,1.00
2008.07.22 13:15:10.728,1.04075,1.0409,1.00,1.00
2008.07.22 13:15:13.200,1.0408,1.04095,1.30,1.00
2008.07.22 13:15:15.591,1.04075,1.04095,1.00,1.00
2008.07.22 13:15:15.750,1.04075,1.04095,1.40,1.00
2008.07.22 13:15:15.950,1.0408,1.04095,1.30,1.00
2008.07.22 13:15:16.123,1.0408,1.041,1.30,6.00
2008.07.22 13:15:16.521,1.0408,1.041,1.30,2.80
2008.07.22 13:15:16.682,1.04075,1.041,1.00,6.00
2008.07.22 13:15:18.414,1.04075,1.0409,1.00,1.00
2008.07.22 13:15:19.059,1.0408,1.041,1.30,7.10
2008.07.22 13:15:20.081,1.0407,1.0409,1.30,1.00
2008.07.22 13:15:21.961,1.0407,1.0409,1.30,1.30
2008.07.22 13:15:22.194,1.0407,1.0409,2.20,1.30
2008.07.22 13:15:22.489,1.0408,1.04095,1.30,1.30
2008.07.22 13:15:22.789,1.0408,1.04095,2.20,1.00
2008.07.22 13:15:22.950,1.041,1.04105,1.30,2.80
2008.07.22 13:15:23.111,1.04095,1.041,2.80,2.50
2008.07.22 13:15:23.332,1.04095,1.041,2.80,2.20
2008.07.22 13:15:23.705,1.04095,1.041,2.80,1.80
2008.07.22 13:15:28.701,1.0409,1.0411,1.30,2.10
2008.07.22 13:15:28.787,1.0409,1.0411,2.20,2.10
2008.07.22 13:15:28.878,1.0409,1.0411,1.30,2.10
2008.07.22 13:15:40.261,1.0409,1.0411,2.20,2.10
2008.07.22 13:15:43.728,1.04095,1.0411,1.00,2.10
2008.07.22 13:15:43.802,1.041,1.0411,1.00,1.00
2008.07.22 13:15:43.947,1.041,1.0411,1.00,2.10
2008.07.22 13:15:44.020,1.041,1.0412,1.30,2.00
2008.07.22 13:15:45.441,1.04095,1.0411,1.00,2.10
2008.07.22 13:15:46.612,1.041,1.0411,1.00,1.00
2008.07.22 13:15:46.822,1.04105,1.0412,1.40,1.00
2008.07.22 13:15:47.056,1.04105,1.0412,1.40,1.00
2008.07.22 13:15:47.262,1.04105,1.0412,1.00,1.00
2008.07.22 13:15:47.820,1.041,1.0412,1.30,1.00
2008.07.22 13:15:52.324,1.041,1.04115,1.30,1.00
2008.07.22 13:15:52.720,1.041,1.0412,1.30,3.90
2008.07.22 13:15:53.493,1.04095,1.0411,1.00,1.00
2008.07.22 13:16:34.300,1.04085,1.041,1.60,1.00
2008.07.22 13:16:34.445,1.04085,1.041,1.00,1.00
2008.07.22 13:16:34.505,1.0408,1.041,1.30,1.00
2008.07.22 13:16:34.788,1.0408,1.041,1.30,3.50
2008.07.22 13:16:34.921,1.0408,1.041,1.30,3.90
2008.07.22 13:16:35.525,1.0408,1.041,1.30,1.00
2008.07.22 13:16:35.886,1.0408,1.041,1.30,1.00
2008.07.22 13:16:36.239,1.0408,1.041,2.20,1.00
2008.07.22 13:16:37.481,1.0408,1.041,1.30,1.00
2008.07.22 13:16:37.681,1.0408,1.041,1.30,3.50
2008.07.22 13:16:37.888,1.04075,1.0409,1.60,1.00
2008.07.22 13:16:38.080,1.04085,1.0409,1.00,1.00
2008.07.22 13:16:38.280,1.04085,1.041,1.40,3.50
2008.07.22 13:16:38.486,1.04085,1.041,1.40,1.00
2008.07.22 13:16:38.913,1.0409,1.04105,1.30,1.00
2008.07.22 13:16:39.109,1.0409,1.0411,1.30,3.50
2008.07.22 13:16:40.009,1.0409,1.0411,1.30,1.00
2008.07.22 13:16:40.561,1.04085,1.041,1.00,1.00
2008.07.22 13:16:40.715,1.0409,1.041,3.20,1.00
2008.07.22 13:16:41.239,1.0409,1.0411,1.30,1.00
2008.07.22 13:16:41.711,1.0409,1.041,3.20,1.00
2008.07.22 13:16:41.954,1.04085,1.041,1.00,1.00
2008.07.22 13:16:43.828,1.0408,1.041,1.30,1.00
2008.07.22 13:16:43.998,1.0407,1.0409,15.10,1.00
2008.07.22 13:16:44.337,1.04065,1.0409,1.60,1.00
2008.07.22 13:16:44.510,1.0407,1.0409,1.30,1.00
2008.07.22 13:16:45.139,1.0407,1.0409,2.20,1.00
2008.07.22 13:16:45.456,1.0407,1.0409,1.30,1.00
2008.07.22 13:16:45.951,1.0407,1.0409,2.20,1.00
2008.07.22 13:16:46.131,1.04075,1.0409,1.00,1.00
2008.07.22 13:16:46.317,1.0408,1.0409,1.30,1.00
2008.07.22 13:16:46.669,1.0408,1.04095,1.30,1.00
2008.07.22 13:16:47.535,1.04075,1.0409,1.00,1.00
2008.07.22 13:16:48.243,1.04075,1.0409,1.00,1.00
2008.07.22 13:16:48.954,1.0407,1.0409,1.30,1.00
2008.07.22 13:16:49.266,1.0407,1.04085,1.30,1.00
2008.07.22 13:16:50.439,1.0407,1.0409,1.30,1.00
2008.07.22 13:16:50.691,1.0407,1.04085,1.30,1.00
2008.07.22 13:16:50.899,1.0407,1.0409,1.30,1.00
2008.07.22 13:16:52.308,1.0407,1.04085,1.30,1.00
2008.07.22 13:16:52.665,1.0407,1.04085,1.30,1.30
2008.07.22 13:16:53.020,1.0407,1.04085,1.30,1.00
2008.07.22 13:16:53.363,1.0407,1.0409,1.30,1.00
2008.07.22 13:16:53.674,1.0407,1.04085,1.30,1.00
2008.07.22 13:16:55.160,1.0407,1.0409,1.30,1.00
2008.07.22 13:16:57.396,1.0408,1.0409,1.30,1.00
2008.07.22 13:16:58.202,1.0407,1.0409,1.30,1.00
2008.07.22 13:16:58.947,1.0407,1.04085,1.30,1.00
2008.07.22 13:16:59.105,1.0406,1.0408,1.30,1.00
2008.07.22 13:17:03.062,1.0406,1.0408,2.20,1.00
2008.07.22 13:17:03.333,1.04065,1.0408,1.00,1.00
2008.07.22 13:17:03.468,1.0407,1.04085,1.30,1.00
2008.07.22 13:17:05.774,1.0407,1.0409,1.30,1.00
2008.07.22 13:17:06.160,1.0407,1.04085,1.30,1.00
2008.07.22 13:17:06.324,1.0407,1.0409,1.30,1.00
2008.07.22 13:17:06.497,1.0407,1.04085,1.30,1.00
2008.07.22 13:17:07.205,1.0407,1.0409,1.30,1.00
2008.07.22 13:17:08.235,1.0407,1.04085,1.30,1.00
2008.07.22 13:17:08.761,1.0406,1.0408,1.30,1.00
2008.07.22 13:17:16.097,1.0406,1.0408,2.20,1.00
2008.07.22 13:17:16.241,1.0407,1.0409,1.30,1.00
2008.07.22 13:17:16.830,1.0407,1.0409,1.30,1.70
2008.07.22 13:17:17.412,1.04075,1.0409,1.00,1.70
2008.07.22 13:17:17.699,1.04075,1.0409,1.40,1.30
2008.07.22 13:17:17.947,1.04075,1.0409,1.40,1.00
2008.07.22 13:17:19.189,1.04075,1.0409,1.00,1.00
2008.07.22 13:17:19.360,1.04075,1.0408,1.40,1.00
2008.07.22 13:17:19.609,1.04075,1.0409,1.40,1.00
2008.07.22 13:17:20.898,1.0408,1.0409,1.00,1.00
2008.07.22 13:17:21.416,1.0408,1.0409,2.00,1.00
2008.07.22 13:17:22.777,1.0408,1.041,2.20,1.00
2008.07.22 13:17:25.447,1.0409,1.04105,1.30,1.00
2008.07.22 13:17:25.700,1.0409,1.0411,1.30,1.00
2008.07.22 13:17:26.177,1.0409,1.04105,1.30,1.00
2008.07.22 13:17:26.310,1.0409,1.04105,1.30,1.30
2008.07.22 13:17:26.906,1.0408,1.041,2.20,1.00
2008.07.22 13:17:28.102,1.0409,1.0411,2.20,1.80
2008.07.22 13:17:28.333,1.0409,1.0411,2.20,1.00
2008.07.22 13:17:28.566,1.0409,1.0411,2.20,1.00
2008.07.22 13:17:28.807,1.04095,1.0411,1.00,1.00
2008.07.22 13:17:29.043,1.04095,1.041,1.00,1.00
2008.07.22 13:17:29.344,1.04085,1.041,1.40,1.00
2008.07.22 13:17:34.134,1.0409,1.041,1.00,1.00
2008.07.22 13:17:34.586,1.04095,1.041,1.00,1.00
2008.07.22 13:17:35.814,1.0409,1.041,1.00,1.00
2008.07.22 13:17:36.096,1.0409,1.0411,2.20,1.00
2008.07.22 13:17:36.336,1.04095,1.0411,1.00,1.00
2008.07.22 13:17:44.234,1.0409,1.0411,1.30,1.00
2008.07.22 13:17:44.438,1.0409,1.0411,1.30,3.50
2008.07.22 13:17:44.551,1.04085,1.041,1.00,1.00
2008.07.22 13:17:47.190,1.0408,1.041,9.80,1.00
2008.07.22 13:17:47.421,1.0408,1.0409,6.40,1.00
2008.07.22 13:17:47.901,1.0408,1.0409,6.40,1.00
2008.07.22 13:17:48.214,1.0408,1.0409,1.00,1.00
2008.07.22 13:17:53.801,1.04085,1.0409,1.00,1.00
2008.07.22 13:17:53.913,1.04085,1.041,1.00,1.00
2008.07.22 13:17:54.382,1.0408,1.0409,1.00,1.00
2008.07.22 13:17:54.672,1.04085,1.0409,1.00,1.00
2008.07.22 13:17:55.144,1.04085,1.041,1.00,1.00
2008.07.22 13:17:56.099,1.0408,1.041,1.30,1.00
2008.07.22 13:17:56.358,1.04075,1.0409,2.70,1.00
2008.07.22 13:17:56.456,1.0408,1.0409,1.00,1.00
2008.07.22 13:18:02.337,1.04085,1.0409,1.00,1.00
2008.07.22 13:18:03.048,1.04085,1.041,1.00,1.00
2008.07.22 13:18:03.467,1.04085,1.041,1.40,1.00
2008.07.22 13:18:03.678,1.0409,1.0411,1.30,1.00
2008.07.22 13:18:05.227,1.04105,1.0411,1.00,1.00
2008.07.22 13:18:05.811,1.0411,1.0413,1.30,7.20
2008.07.22 13:18:05.935,1.0411,1.0413,1.30,1.80
2008.07.22 13:18:06.300,1.0411,1.04125,1.30,1.00
2008.07.22 13:18:06.466,1.041,1.0412,1.30,1.00
2008.07.22 13:18:07.275,1.04095,1.0411,1.60,1.00
2008.07.22 13:18:07.606,1.04095,1.0411,1.00,1.00
2008.07.22 13:18:07.921,1.0409,1.0411,1.30,1.00
2008.07.22 13:18:08.093,1.0409,1.0411,1.30,3.50
2008.07.22 13:18:08.341,1.04085,1.041,1.00,1.00
2008.07.22 13:18:18.742,1.04085,1.041,1.40,1.00
2008.07.22 13:18:18.980,1.0409,1.0411,1.30,3.90
2008.07.22 13:18:19.047,1.0409,1.0411,1.30,1.00
2008.07.22 13:18:19.731,1.0409,1.0411,2.20,1.00
2008.07.22 13:18:21.008,1.04095,1.0411,1.00,1.00
2008.07.22 13:18:22.173,1.041,1.0411,1.00,1.00
2008.07.22 13:18:22.737,1.04095,1.0411,1.00,1.00
2008.07.22 13:18:23.046,1.041,1.0412,1.30,1.00
2008.07.22 13:18:23.377,1.041,1.0412,1.30,1.70
2008.07.22 13:18:26.044,1.04095,1.0411,1.00,1.00
2008.07.22 13:18:31.015,1.0409,1.0411,1.30,1.00
2008.07.22 13:18:31.081,1.0409,1.0411,1.30,3.50
2008.07.22 13:18:31.526,1.0409,1.0411,1.30,3.90
2008.07.22 13:18:31.699,1.04085,1.041,1.00,1.00
2008.07.22 13:18:33.224,1.0409,1.0411,1.30,1.00
2008.07.22 13:18:34.510,1.0409,1.0411,1.30,1.00
2008.07.22 13:18:34.862,1.0409,1.0411,1.30,3.50
2008.07.22 13:18:35.211,1.04085,1.041,1.00,1.00
2008.07.22 13:18:38.470,1.04085,1.0409,1.00,1.00
2008.07.22 13:18:38.578,1.0408,1.0409,3.10,1.00
2008.07.22 13:18:38.825,1.0408,1.0409,2.00,1.00
2008.07.22 13:18:38.940,1.04075,1.0409,2.70,1.00
2008.07.22 13:18:39.073,1.0408,1.0409,1.00,1.00
2008.07.22 13:18:42.949,1.0407,1.0409,2.40,1.00
2008.07.22 13:18:43.573,1.0407,1.0408,5.40,1.00
2008.07.22 13:18:43.722,1.04065,1.0408,1.60,1.00
2008.07.22 13:18:44.298,1.04065,1.0408,1.00,1.00
2008.07.22 13:18:44.461,1.0407,1.0408,1.00,1.00
2008.07.22 13:18:44.904,1.0407,1.04085,1.30,1.00
2008.07.22 13:18:45.200,1.0406,1.0408,1.30,1.00
2008.07.22 13:18:45.502,1.04065,1.0408,1.00,1.00
2008.07.22 13:18:47.161,1.0406,1.0408,1.30,1.00
2008.07.22 13:18:49.161,1.0406,1.0408,1.30,3.50
2008.07.22 13:18:49.247,1.04055,1.0407,1.60,1.00
2008.07.22 13:18:49.426,1.04055,1.0407,1.00,1.00
2008.07.22 13:18:50.049,1.04045,1.0406,2.70,1.00
2008.07.22 13:18:50.392,1.0405,1.0407,1.30,1.00
2008.07.22 13:18:50.729,1.0405,1.0407,1.30,1.00
2008.07.22 13:18:51.055,1.0405,1.0407,1.30,3.90
2008.07.22 13:18:51.505,1.04045,1.0406,1.00,1.00
2008.07.22 13:18:59.768,1.0404,1.0406,2.20,1.00
2008.07.22 13:19:00.054,1.0405,1.04065,1.30,1.00
2008.07.22 13:19:05.314,1.0405,1.0407,1.30,3.90
2008.07.22 13:19:05.374,1.0405,1.0407,1.30,3.50
2008.07.22 13:19:05.507,1.0405,1.0407,2.20,3.50
2008.07.22 13:19:05.576,1.0405,1.0407,2.20,1.00
2008.07.22 13:19:05.752,1.0406,1.04075,1.30,1.30
2008.07.22 13:19:13.821,1.0406,1.0407,1.30,3.20
2008.07.22 13:19:13.942,1.0406,1.0407,1.30,3.60
2008.07.22 13:19:16.598,1.0406,1.0407,1.30,4.70
2008.07.22 13:19:16.753,1.0405,1.04065,1.30,1.00
2008.07.22 13:19:21.518,1.0405,1.04065,1.30,1.30
2008.07.22 13:19:22.979,1.0405,1.04065,1.30,1.00
2008.07.22 13:19:23.632,1.0405,1.04065,1.30,1.30
2008.07.22 13:19:24.879,1.0405,1.0407,2.20,3.60
2008.07.22 13:19:25.181,1.0405,1.04075,1.30,1.30
2008.07.22 13:19:25.547,1.0405,1.04075,2.20,1.30
2008.07.22 13:19:25.914,1.0405,1.04075,2.20,1.00
2008.07.22 13:19:26.010,1.0405,1.04075,3.50,1.00
2008.07.22 13:19:26.199,1.04055,1.04085,1.00,1.30
2008.07.22 13:19:26.323,1.0406,1.04085,1.30,1.30
2008.07.22 13:19:26.421,1.0406,1.04085,1.30,1.00
2008.07.22 13:19:26.821,1.0406,1.04085,1.30,2.00
2008.07.22 13:19:27.050,1.0407,1.04085,1.30,2.00
2008.07.22 13:19:27.491,1.0406,1.0408,1.30,3.90
2008.07.22 13:19:27.731,1.0406,1.0408,1.30,1.80
2008.07.22 13:19:28.188,1.0406,1.04075,1.30,1.00
2008.07.22 13:19:32.309,1.0406,1.0408,1.30,1.00
2008.07.22 13:19:32.657,1.0406,1.0408,1.30,1.00
2008.07.22 13:19:32.808,1.0406,1.0408,2.20,3.50
2008.07.22 13:19:32.975,1.0406,1.0408,2.20,1.00
2008.07.22 13:19:33.517,1.0406,1.0408,1.30,1.00
2008.07.22 13:19:33.776,1.0406,1.0408,1.30,1.00
2008.07.22 13:19:34.416,1.0406,1.0408,1.30,3.90
2008.07.22 13:19:34.680,1.0406,1.04075,1.30,1.00
2008.07.22 13:19:34.908,1.04055,1.0407,1.00,1.00
2008.07.22 13:19:43.044,1.0405,1.0407,1.30,1.00
2008.07.22 13:19:43.484,1.0405,1.0407,1.30,1.00
2008.07.22 13:19:44.543,1.0406,1.0407,1.30,1.00
2008.07.22 13:19:48.803,1.0406,1.04075,1.30,1.30
2008.07.22 13:19:50.555,1.04065,1.0408,1.00,1.00
2008.07.22 13:19:50.844,1.04065,1.04085,1.00,1.00
2008.07.22 13:19:50.891,1.0407,1.0409,1.30,4.90
2008.07.22 13:19:51.793,1.0407,1.04085,1.30,1.00
2008.07.22 13:19:51.965,1.0407,1.0409,1.30,4.90
2008.07.22 13:19:53.593,1.0407,1.04085,1.30,1.00
2008.07.22 13:19:54.404,1.0407,1.0408,1.30,1.00
2008.07.22 13:19:54.918,1.0407,1.04085,1.30,1.00
2008.07.22 13:19:55.623,1.0407,1.0409,1.30,4.90
2008.07.22 13:19:57.068,1.0407,1.0409,1.30,4.50
2008.07.22 13:19:57.306,1.0407,1.0409,1.30,4.90
2008.07.22 13:19:57.577,1.0407,1.04085,1.30,1.00
2008.07.22 13:19:58.276,1.0407,1.04085,1.30,1.30
2008.07.22 13:19:58.982,1.0407,1.04085,1.30,1.00
2008.07.22 13:20:02.316,1.0407,1.0409,1.30,1.80
2008.07.22 13:20:10.673,1.0407,1.04085,1.30,1.00
2008.07.22 13:20:11.034,1.0407,1.04085,1.30,2.50
2008.07.22 13:20:11.536,1.0407,1.0408,1.30,1.00
2008.07.22 13:20:16.687,1.0407,1.0408,1.30,3.60
2008.07.22 13:20:18.017,1.0406,1.04075,1.30,1.00
2008.07.22 13:20:18.227,1.0406,1.04075,1.30,1.30
2008.07.22 13:20:18.435,1.0406,1.04075,1.30,2.50
2008.07.22 13:20:19.172,1.0406,1.0407,1.30,1.00
2008.07.22 13:20:26.384,1.0407,1.04075,1.30,1.20
2008.07.22 13:20:26.904,1.0407,1.04075,1.30,1.30
2008.07.22 13:20:27.052,1.0407,1.04075,1.30,1.00
2008.07.22 13:20:27.556,1.0406,1.04075,1.30,1.30
2008.07.22 13:20:27.754,1.0406,1.0407,1.30,1.00
2008.07.22 13:20:29.402,1.0406,1.0408,1.30,5.60
2008.07.22 13:20:29.604,1.0406,1.0408,2.20,5.60
2008.07.22 13:20:29.874,1.04065,1.04085,1.00,1.00
2008.07.22 13:20:30.112,1.04065,1.0409,1.00,4.90
2008.07.22 13:20:30.356,1.0407,1.0409,1.30,4.90
2008.07.22 13:20:30.594,1.0407,1.0409,1.30,4.50
2008.07.22 13:20:30.844,1.0408,1.04095,1.30,2.40
2008.07.22 13:20:31.641,1.0408,1.0409,1.30,4.70
2008.07.22 13:20:31.760,1.0408,1.04095,1.30,2.40
2008.07.22 13:20:33.098,1.0408,1.0409,1.30,4.70
2008.07.22 13:20:33.395,1.0407,1.04085,1.30,1.00
2008.07.22 13:20:34.656,1.0407,1.04085,1.30,1.30
2008.07.22 13:20:39.975,1.0407,1.04085,1.30,1.00
2008.07.22 13:20:41.443,1.0408,1.041,1.30,1.40
2008.07.22 13:20:41.674,1.0408,1.04105,1.30,1.30
2008.07.22 13:20:41.994,1.0409,1.04105,1.30,1.30
2008.07.22 13:20:43.027,1.0409,1.04105,1.30,3.60
2008.07.22 13:20:43.386,1.0408,1.04095,1.30,1.00
2008.07.22 13:20:43.492,1.0408,1.041,1.30,1.70
2008.07.22 13:20:43.692,1.0409,1.041,1.30,1.40
2008.07.22 13:20:44.403,1.0409,1.041,1.30,1.00
2008.07.22 13:20:44.745,1.0408,1.041,1.30,1.00
2008.07.22 13:20:45.688,1.0408,1.04105,1.30,1.30
2008.07.22 13:20:45.802,1.0408,1.04105,2.20,1.30
2008.07.22 13:20:46.076,1.0408,1.04105,1.00,1.30
2008.07.22 13:20:46.224,1.04075,1.04105,1.40,1.30
2008.07.22 13:20:46.740,1.0408,1.041,1.30,3.60
2008.07.22 13:20:47.170,1.0408,1.041,1.30,3.90
2008.07.22 13:20:50.251,1.0408,1.04095,1.30,1.00
2008.07.22 13:20:50.520,1.0408,1.0409,1.30,3.20
2008.07.22 13:20:50.788,1.0407,1.0409,1.30,3.90
2008.07.22 13:20:52.407,1.0407,1.0409,1.30,4.90
2008.07.22 13:20:52.907,1.0407,1.0409,1.30,3.90
2008.07.22 13:20:53.575,1.0407,1.04085,1.30,1.00
2008.07.22 13:20:53.779,1.0406,1.0408,4.40,1.00
2008.07.22 13:20:56.094,1.0406,1.04085,4.40,1.30
2008.07.22 13:20:56.462,1.0406,1.04085,4.40,2.50
2008.07.22 13:20:57.117,1.0407,1.04085,1.30,2.50
2008.07.22 13:20:57.878,1.0408,1.0409,1.30,1.60
2008.07.22 13:20:59.429,1.0408,1.0409,1.30,1.00
2008.07.22 13:21:02.302,1.0408,1.04095,1.30,2.50
2008.07.22 13:21:02.705,1.0408,1.0409,1.30,1.00
2008.07.22 13:21:03.538,1.0408,1.04095,1.30,2.50
2008.07.22 13:21:04.875,1.0408,1.0409,1.30,4.30
2008.07.22 13:21:05.146,1.0407,1.0409,1.30,3.50
2008.07.22 13:21:05.415,1.0408,1.04095,1.30,2.50
2008.07.22 13:21:05.682,1.0408,1.0409,1.30,1.00
2008.07.22 13:21:08.155,1.0408,1.0409,1.30,1.40
2008.07.22 13:21:15.534,1.0408,1.04095,1.30,3.60
2008.07.22 13:21:15.874,1.0408,1.04095,1.30,2.50
2008.07.22 13:21:17.037,1.0408,1.04095,1.30,1.00
2008.07.22 13:21:18.021,1.0408,1.04105,1.30,2.50
2008.07.22 13:21:18.510,1.0408,1.04105,1.30,1.30
2008.07.22 13:21:18.719,1.0408,1.04105,1.30,1.00
2008.07.22 13:21:20.291,1.0408,1.04105,1.30,1.30
2008.07.22 13:21:23.788,1.0408,1.04105,2.20,1.30
2008.07.22 13:21:23.888,1.04085,1.04105,1.00,1.00
2008.07.22 13:21:24.060,1.04085,1.04105,1.40,1.00
2008.07.22 13:21:24.160,1.04085,1.0411,1.40,4.70
2008.07.22 13:21:24.259,1.0409,1.0411,1.30,3.60
2008.07.22 13:21:24.388,1.0409,1.04105,1.30,1.00
2008.07.22 13:21:24.560,1.0409,1.0411,1.30,3.60
2008.07.22 13:21:24.912,1.0409,1.0411,2.20,3.60
2008.07.22 13:21:25.196,1.0409,1.0411,2.20,1.00
2008.07.22 13:21:26.708,1.0409,1.0411,2.20,3.60
2008.07.22 13:21:31.007,1.0409,1.0411,2.20,1.00
2008.07.22 13:21:31.263,1.0409,1.04115,2.20,1.30
2008.07.22 13:21:31.838,1.04095,1.04115,1.00,1.30
2008.07.22 13:21:31.926,1.04095,1.04115,1.40,1.00
2008.07.22 13:21:32.156,1.04095,1.0412,1.40,1.00
2008.07.22 13:21:32.386,1.041,1.0412,1.30,1.00
2008.07.22 13:21:32.835,1.041,1.0412,2.20,1.00
2008.07.22 13:21:33.097,1.041,1.04125,2.20,1.30
2008.07.22 13:21:33.359,1.041,1.04125,1.30,1.00
2008.07.22 13:21:33.630,1.041,1.04115,2.20,1.00
2008.07.22 13:21:33.821,1.041,1.0412,2.20,1.00
2008.07.22 13:21:34.027,1.041,1.0412,2.20,1.00
2008.07.22 13:21:34.222,1.04105,1.0412,1.40,1.00
2008.07.22 13:21:34.579,1.0411,1.0413,1.30,5.80
2008.07.22 13:21:34.768,1.0411,1.04125,1.30,1.00
2008.07.22 13:21:35.099,1.0411,1.04125,1.30,1.30
2008.07.22 13:21:35.429,1.0411,1.0413,1.30,3.90
2008.07.22 13:21:35.762,1.0411,1.0413,1.30,3.60
2008.07.22 13:21:39.606,1.0411,1.0413,1.30,3.90
2008.07.22 13:21:39.668,1.0411,1.04115,1.30,1.00
2008.07.22 13:21:40.181,1.04105,1.0411,1.80,3.20
2008.07.22 13:21:40.518,1.04095,1.0411,1.00,3.50
2008.07.22 13:21:40.861,1.0409,1.0411,1.30,3.90
2008.07.22 13:21:42.095,1.0409,1.0411,2.20,3.90
2008.07.22 13:21:42.213,1.0409,1.0411,2.20,3.60
2008.07.22 13:21:42.252,1.0409,1.0411,1.30,3.60
2008.07.22 13:21:42.370,1.0409,1.0411,2.20,1.00
2008.07.22 13:21:42.421,1.04095,1.0411,1.00,1.00
2008.07.22 13:21:42.869,1.041,1.0411,1.30,1.00
2008.07.22 13:21:43.908,1.041,1.04115,1.30,1.00
2008.07.22 13:21:44.327,1.041,1.0412,1.30,3.60
2008.07.22 13:21:44.585,1.04095,1.04115,1.00,1.00
2008.07.22 13:21:45.365,1.04095,1.04115,1.40,1.00
2008.07.22 13:21:46.028,1.04095,1.04125,1.00,2.50
2008.07.22 13:21:46.349,1.041,1.04125,1.30,1.30
2008.07.22 13:21:47.024,1.04095,1.0412,1.00,3.50
2008.07.22 13:21:47.105,1.0409,1.0411,7.80,3.20
2008.07.22 13:21:47.308,1.0409,1.04115,6.70,1.30
2008.07.22 13:21:47.499,1.0409,1.0411,1.30,3.60
2008.07.22 13:21:47.677,1.0409,1.0411,1.30,1.00
2008.07.22 13:21:47.890,1.0409,1.0411,1.30,3.90
2008.07.22 13:21:48.069,1.041,1.04115,1.30,1.30
2008.07.22 13:21:49.889,1.041,1.04115,1.30,1.00
2008.07.22 13:21:50.542,1.041,1.0412,1.30,1.00
2008.07.22 13:21:50.946,1.0411,1.04125,1.30,1.30
2008.07.22 13:21:52.272,1.041,1.0412,1.30,1.00
2008.07.22 13:21:52.403,1.041,1.04115,1.30,1.00
2008.07.22 13:21:53.087,1.041,1.04115,1.30,1.30
2008.07.22 13:21:53.330,1.0409,1.0411,1.30,3.50
2008.07.22 13:21:53.502,1.0409,1.0411,1.30,1.00
2008.07.22 13:21:54.295,1.0409,1.0411,1.30,1.30
2008.07.22 13:21:54.465,1.0408,1.041,7.80,1.00
2008.07.22 13:21:54.766,1.04085,1.041,1.00,1.00
2008.07.22 13:21:55.063,1.0409,1.0411,1.30,1.80
2008.07.22 13:21:55.766,1.0409,1.0411,1.30,1.70
2008.07.22 13:21:57.853,1.0409,1.0411,2.20,1.00
2008.07.22 13:21:58.171,1.0409,1.0411,2.20,1.00
2008.07.22 13:21:58.603,1.0409,1.0411,1.30,1.00
2008.07.22 13:22:00.044,1.0409,1.0411,1.30,1.00
2008.07.22 13:22:00.806,1.0409,1.0411,1.30,1.00
2008.07.22 13:22:01.528,1.0409,1.0411,1.30,3.50
2008.07.22 13:22:02.089,1.04095,1.0411,1.00,3.50
2008.07.22 13:22:02.221,1.04095,1.0411,1.00,1.00
2008.07.22 13:22:07.677,1.041,1.0412,1.30,1.80
2008.07.22 13:22:07.739,1.041,1.0412,1.30,1.30
2008.07.22 13:22:07.899,1.041,1.0412,1.30,1.00
2008.07.22 13:22:08.494,1.041,1.0412,1.30,1.00
2008.07.22 13:22:17.384,1.041,1.0412,1.30,3.50
2008.07.22 13:22:21.017,1.041,1.0412,1.30,1.00
2008.07.22 13:22:21.309,1.041,1.04115,1.30,1.00
2008.07.22 13:22:21.734,1.0409,1.0411,2.40,1.00
2008.07.22 13:22:21.855,1.0409,1.0411,1.30,1.00
2008.07.22 13:22:23.593,1.04085,1.041,1.60,1.00
2008.07.22 13:22:23.711,1.04085,1.041,1.00,1.00
2008.07.22 13:22:23.829,1.04085,1.041,1.60,1.00
2008.07.22 13:22:24.065,1.0409,1.0411,1.30,1.00
2008.07.22 13:22:24.849,1.0409,1.0411,1.30,1.30
2008.07.22 13:22:26.149,1.0409,1.04105,1.30,1.00
2008.07.22 13:22:26.295,1.0408,1.041,7.80,1.00
2008.07.22 13:22:26.585,1.0408,1.041,6.70,1.00
2008.07.22 13:22:26.757,1.0408,1.041,1.30,1.00
2008.07.22 13:22:30.133,1.0408,1.041,3.30,1.00
2008.07.22 13:22:30.230,1.041,1.04105,1.00,1.50
2008.07.22 13:22:30.345,1.041,1.04105,2.00,1.50
2008.07.22 13:22:30.757,1.041,1.04105,2.20,1.00
2008.07.22 13:22:31.115,1.041,1.0412,1.30,3.90
2008.07.22 13:22:31.806,1.041,1.0412,2.20,3.90
2008.07.22 13:22:32.304,1.041,1.0412,2.20,1.70
2008.07.22 13:22:32.819,1.041,1.0412,1.30,1.70
2008.07.22 13:22:34.462,1.041,1.0412,1.30,4.90
2008.07.22 13:22:34.663,1.041,1.0412,1.30,6.00
2008.07.22 13:22:35.105,1.041,1.0412,1.30,1.00
2008.07.22 13:22:35.808,1.041,1.0412,2.20,1.00
2008.07.22 13:22:37.291,1.041,1.0412,2.20,1.00
2008.07.22 13:22:43.672,1.041,1.0412,1.30,1.00
2008.07.22 13:22:43.968,1.041,1.0412,2.20,1.00
2008.07.22 13:22:44.133,1.041,1.0412,2.20,1.00
2008.07.22 13:22:44.203,1.041,1.0412,2.20,1.00
2008.07.22 13:22:44.623,1.041,1.0411,1.00,1.00
2008.07.22 13:22:44.689,1.04095,1.0411,1.00,1.00
2008.07.22 13:22:44.810,1.0409,1.0411,7.60,1.00
2008.07.22 13:22:44.941,1.04095,1.0411,1.00,1.00
2008.07.22 13:22:45.090,1.04095,1.0411,1.40,1.00
2008.07.22 13:22:45.447,1.041,1.0412,1.30,1.80
2008.07.22 13:22:49.054,1.041,1.0412,1.30,1.30
2008.07.22 13:22:49.096,1.041,1.0412,1.30,1.00
2008.07.22 13:22:54.347,1.041,1.0412,1.30,1.00
2008.07.22 13:22:59.488,1.041,1.0412,1.30,1.70
2008.07.22 13:23:08.519,1.041,1.0412,1.30,4.90
2008.07.22 13:23:08.826,1.041,1.0412,1.30,4.50
2008.07.22 13:23:09.735,1.041,1.0412,1.30,1.30
2008.07.22 13:23:09.964,1.041,1.0412,1.30,1.80
2008.07.22 13:23:10.207,1.041,1.0412,1.30,4.90
2008.07.22 13:23:11.438,1.0409,1.0411,2.20,1.00
2008.07.22 13:23:11.594,1.0409,1.041,1.00,1.00
2008.07.22 13:23:16.954,1.0409,1.0411,2.20,1.00
2008.07.22 13:23:17.953,1.0409,1.0411,1.30,1.00
2008.07.22 13:23:18.322,1.04085,1.041,1.40,1.00
2008.07.22 13:23:19.133,1.0409,1.0411,1.30,1.00
2008.07.22 13:23:20.029,1.0409,1.0411,1.30,1.20
2008.07.22 13:23:20.414,1.04075,1.0409,1.00,1.00
2008.07.22 13:23:20.756,1.0408,1.041,1.30,1.00
2008.07.22 13:23:22.096,1.0408,1.041,1.30,1.70
2008.07.22 13:23:22.265,1.0408,1.04095,1.30,1.00
2008.07.22 13:23:22.461,1.0408,1.04095,1.30,1.30
2008.07.22 13:23:22.785,1.0408,1.0409,1.30,1.00
2008.07.22 13:23:22.815,1.0407,1.0409,1.30,1.00
2008.07.22 13:23:23.607,1.04065,1.0408,1.40,1.00
2008.07.22 13:23:24.390,1.04065,1.0408,1.00,1.00
2008.07.22 13:23:25.319,1.04065,1.0408,1.40,1.00
2008.07.22 13:23:26.614,1.04065,1.0408,1.00,1.00
2008.07.22 13:23:26.795,1.0406,1.0407,1.00,1.00
2008.07.22 13:23:26.922,1.0406,1.0407,4.30,1.00
2008.07.22 13:23:27.140,1.04055,1.0407,1.40,1.00
2008.07.22 13:23:30.450,1.0406,1.0408,1.30,1.00
2008.07.22 13:23:31.014,1.0407,1.0408,1.30,1.00
2008.07.22 13:23:31.295,1.0407,1.04085,1.30,1.00
2008.07.22 13:23:31.579,1.0408,1.04085,1.30,1.00
2008.07.22 13:23:31.810,1.0408,1.0409,2.20,3.20
2008.07.22 13:23:31.945,1.0408,1.04095,2.20,1.00
2008.07.22 13:23:32.298,1.0408,1.041,1.30,1.00
2008.07.22 13:23:32.435,1.04075,1.0409,1.00,1.00
2008.07.22 13:23:32.612,1.0407,1.0409,8.90,1.00
2008.07.22 13:23:32.939,1.04075,1.0409,1.00,1.00
2008.07.22 13:23:33.593,1.04075,1.04095,1.00,1.00
2008.07.22 13:23:34.903,1.0407,1.04095,2.20,1.00
2008.07.22 13:23:35.128,1.0407,1.04095,2.20,1.30
2008.07.22 13:23:35.349,1.04075,1.04095,1.40,1.00
2008.07.22 13:23:35.686,1.04075,1.041,1.40,1.80
2008.07.22 13:23:36.088,1.0408,1.041,1.00,1.80
2008.07.22 13:23:36.280,1.0408,1.041,1.00,1.00
2008.07.22 13:23:36.848,1.0408,1.041,2.20,1.00
2008.07.22 13:23:37.066,1.04085,1.041,1.00,1.00
2008.07.22 13:23:37.362,1.04085,1.041,1.40,1.00
2008.07.22 13:23:38.842,1.0408,1.0409,1.00,1.00
2008.07.22 13:23:39.291,1.0408,1.041,2.20,1.00
2008.07.22 13:23:39.487,1.0408,1.041,2.20,1.00
2008.07.22 13:23:41.645,1.04085,1.041,1.40,1.00
2008.07.22 13:23:42.115,1.04085,1.041,1.00,1.00
2008.07.22 13:23:43.946,1.0408,1.041,1.30,1.00
2008.07.22 13:23:44.188,1.0408,1.041,2.20,1.00
2008.07.22 13:23:45.063,1.0408,1.041,1.30,1.00
2008.07.22 13:23:45.408,1.0408,1.041,1.30,1.00
2008.07.22 13:23:45.845,1.0409,1.04105,1.30,2.50
2008.07.22 13:23:46.162,1.0409,1.04105,1.30,1.60
2008.07.22 13:23:46.421,1.0409,1.04105,1.30,1.00
2008.07.22 13:23:46.562,1.04085,1.041,1.00,1.00
2008.07.22 13:23:47.587,1.0408,1.041,1.30,1.00
2008.07.22 13:23:47.989,1.0408,1.041,1.30,1.00
2008.07.22 13:23:49.419,1.0408,1.041,1.30,1.00
2008.07.22 13:23:49.684,1.04085,1.041,1.00,1.00
2008.07.22 13:23:49.946,1.04085,1.041,1.40,1.00
2008.07.22 13:23:50.474,1.04085,1.041,1.40,1.00
2008.07.22 13:23:52.877,1.0409,1.041,1.00,1.00
2008.07.22 13:23:53.074,1.04095,1.041,1.00,1.00
2008.07.22 13:23:53.275,1.041,1.04115,1.00,1.00
2008.07.22 13:23:53.487,1.04105,1.0411,1.00,1.00
2008.07.22 13:24:05.809,1.04095,1.0411,1.00,1.00
2008.07.22 13:24:06.895,1.04095,1.041,1.00,1.00
2008.07.22 13:24:06.970,1.04085,1.041,1.00,1.00
2008.07.22 13:24:12.631,1.04095,1.041,1.00,1.00
2008.07.22 13:24:12.811,1.04095,1.04105,1.00,1.00
2008.07.22 13:24:12.996,1.04095,1.0411,1.00,1.00
2008.07.22 13:24:17.588,1.0409,1.0411,1.30,1.00
2008.07.22 13:24:17.669,1.0409,1.041,3.20,1.00
2008.07.22 13:24:17.749,1.04085,1.041,1.40,1.00
2008.07.22 13:24:21.266,1.0409,1.041,1.00,1.00
2008.07.22 13:24:21.364,1.04095,1.041,1.00,1.00
2008.07.22 13:24:29.808,1.0409,1.041,3.20,1.00
2008.07.22 13:24:30.098,1.0408,1.041,7.60,1.00
2008.07.22 13:24:30.375,1.0408,1.041,2.20,1.00
2008.07.22 13:24:44.941,1.0408,1.041,1.30,1.00
2008.07.22 13:24:45.331,1.0407,1.0409,8.90,1.00
2008.07.22 13:24:45.615,1.0407,1.0409,6.70,3.90
2008.07.22 13:24:45.898,1.0407,1.0408,1.00,1.00
2008.07.22 13:24:47.607,1.04065,1.0408,2.50,1.00
2008.07.22 13:24:47.850,1.04065,1.0408,1.40,1.00
2008.07.22 13:24:48.861,1.0407,1.0408,1.00,1.00
2008.07.22 13:24:49.038,1.0407,1.0408,4.10,1.00
2008.07.22 13:24:54.831,1.0407,1.0408,3.20,1.00
2008.07.22 13:24:55.033,1.0406,1.0408,12.10,1.00
2008.07.22 13:24:55.098,1.0406,1.0408,8.90,1.00
2008.07.22 13:24:55.172,1.0406,1.0408,7.60,1.00
2008.07.22 13:24:55.219,1.0406,1.0408,2.20,1.00
2008.07.22 13:25:01.755,1.04065,1.0408,1.00,1.00
2008.07.22 13:25:01.797,1.0407,1.04085,1.30,1.00
2008.07.22 13:25:02.236,1.0407,1.0409,1.30,1.00
2008.07.22 13:25:02.939,1.0407,1.0409,2.20,1.00
2008.07.22 13:25:03.831,1.0407,1.0409,2.20,1.00
2008.07.22 13:25:08.213,1.0407,1.0409,1.30,1.00
2008.07.22 13:25:08.416,1.0406,1.0408,8.90,1.00
2008.07.22 13:25:09.034,1.0406,1.0408,7.60,1.30
2008.07.22 13:25:09.240,1.0406,1.0408,2.20,1.80
2008.07.22 13:25:10.767,1.0406,1.0408,1.30,1.80
2008.07.22 13:25:11.502,1.0406,1.04075,1.30,1.00
2008.07.22 13:25:19.812,1.0406,1.04075,1.30,1.60
2008.07.22 13:25:19.884,1.0406,1.0407,1.30,1.00
2008.07.22 13:25:20.026,1.0406,1.04075,1.30,2.50
2008.07.22 13:25:20.203,1.0405,1.0407,2.20,1.00
2008.07.22 13:25:20.821,1.0405,1.0407,2.20,1.00
2008.07.22 13:25:25.288,1.0406,1.0407,1.30,1.00
2008.07.22 13:25:26.275,1.0406,1.04075,1.30,1.30
2008.07.22 13:25:29.846,1.0405,1.0407,2.20,1.00
2008.07.22 13:25:29.952,1.0405,1.0407,2.20,1.30
2008.07.22 13:25:30.050,1.0405,1.0407,1.30,1.30
2008.07.22 13:25:31.045,1.0405,1.0407,1.30,1.80
2008.07.22 13:25:31.111,1.0405,1.0407,2.20,1.80
2008.07.22 13:25:31.461,1.0405,1.04065,2.20,1.00
2008.07.22 13:25:31.619,1.0405,1.04065,1.30,1.00
2008.07.22 13:25:35.561,1.0404,1.0406,2.20,1.00
2008.07.22 13:25:38.500,1.0405,1.04065,1.30,1.30
2008.07.22 13:25:38.788,1.0405,1.04065,1.30,1.00
2008.07.22 13:25:41.865,1.04035,1.0404,1.60,1.00
2008.07.22 13:25:42.006,1.04035,1.0404,2.70,1.00
2008.07.22 13:25:42.509,1.04035,1.0404,1.40,1.00
2008.07.22 13:25:43.081,1.04035,1.0405,1.40,1.00
2008.07.22 13:25:48.634,1.04045,1.0406,1.00,1.70
2008.07.22 13:25:48.857,1.04045,1.0406,1.00,1.00
2008.07.22 13:25:49.101,1.04045,1.0405,1.00,1.00
2008.07.22 13:25:52.075,1.0404,1.0405,1.00,1.00
2008.07.22 13:25:52.224,1.04035,1.0405,2.50,1.00
2008.07.22 13:25:52.331,1.04035,1.0405,1.40,1.00
2008.07.22 13:25:52.526,1.0404,1.0405,1.00,1.00
2008.07.22 13:26:02.604,1.04035,1.0405,2.70,1.00
2008.07.22 13:26:02.740,1.04035,1.0405,2.10,1.00
2008.07.22 13:26:02.802,1.04035,1.0404,1.00,1.00
2008.07.22 13:26:02.863,1.0403,1.0404,7.50,1.00
2008.07.22 13:26:02.926,1.0403,1.0404,7.40,1.00
2008.07.22 13:26:03.212,1.0403,1.0404,2.00,1.00
2008.07.22 13:26:04.614,1.0403,1.0404,1.00,1.00
2008.07.22 13:26:04.651,1.04025,1.0403,2.60,1.00
2008.07.22 13:26:04.897,1.04025,1.0403,1.00,1.00
2008.07.22 13:26:04.936,1.04025,1.0403,1.00,1.00
2008.07.22 13:26:04.975,1.04025,1.0403,1.40,1.00
2008.07.22 13:26:05.202,1.04025,1.0403,2.50,1.00
2008.07.22 13:26:05.277,1.0403,1.0405,1.00,1.00
2008.07.22 13:26:05.312,1.0403,1.0405,2.20,1.00
2008.07.22 13:26:05.407,1.0403,1.0405,2.20,1.00
2008.07.22 13:26:06.106,1.04035,1.0405,1.00,1.00
2008.07.22 13:26:06.854,1.0403,1.0405,1.30,1.00
2008.07.22 13:26:07.269,1.0403,1.0405,2.20,1.00
2008.07.22 13:26:09.140,1.04035,1.0405,1.00,1.00
2008.07.22 13:26:09.309,1.04035,1.0405,1.40,1.00
