2010.10.01 14:00:00.272,0.81,0.8101,1.00,1.00
2010.10.01 14:00:00.816,0.80995,0.81,4.00,1.60
2010.10.01 14:00:01.502,0.8097,0.80995,1.00,1.60
2010.10.01 14:00:01.985,0.80945,0.8097,1.00,1.60
2010.10.01 14:00:02.546,0.80965,0.8097,1.00,1.00
2010.10.01 14:00:02.900,0.80965,0.8097,1.00,1.00
2010.10.01 14:00:03.624,0.80945,0.8097,8.00,1.60
2010.10.01 14:00:03.983,0.80945,0.8097,1.80,1.00
2010.10.01 14:00:05.563,0.8098,0.81,1.20,1.00
2010.10.01 14:00:06.044,0.80985,0.81,1.60,4.00
2010.10.01 14:00:06.936,0.80935,0.8094,16.80,1.00
2010.10.01 14:00:07.387,0.80935,0.80945,1.00,1.00
2010.10.01 14:00:07.733,0.8092,0.8093,4.00,1.00
2010.10.01 14:00:08.451,0.80935,0.80955,1.00,1.60
2010.10.01 14:00:08.987,0.80955,0.8096,3.10,4.00
2010.10.01 14:00:09.387,0.80965,0.8097,1.00,12.00
2010.10.01 14:00:10.027,0.8099,0.81005,1.00,1.00
2010.10.01 14:00:10.722,0.80985,0.81,1.60,1.00
2010.10.01 14:00:11.597,0.80985,0.81005,1.00,1.00
2010.10.01 14:00:11.849,0.80995,0.81005,1.00,4.00
2010.10.01 14:00:12.840,0.81005,0.8103,1.20,5.60
2010.10.01 14:00:13.708,0.8101,0.8103,1.00,4.80
2010.10.01 14:00:14.069,0.81015,0.8102,1.00,4.00
2010.10.01 14:00:15.098,0.81025,0.8103,1.00,8.00
2010.10.01 14:00:15.892,0.8103,0.81035,1.00,16.00
2010.10.01 14:00:16.677,0.81015,0.8103,1.80,4.00
2010.10.01 14:00:17.025,0.8102,0.8104,1.00,1.00
2010.10.01 14:00:17.806,0.8102,0.81045,1.00,9.60
2010.10.01 14:00:18.579,0.8104,0.81065,1.00,9.60
2010.10.01 14:00:18.968,0.81025,0.8105,1.00,1.60
2010.10.01 14:00:19.708,0.8103,0.81055,1.00,1.60
2010.10.01 14:00:20.065,0.81025,0.8105,1.80,1.60
2010.10.01 14:00:20.992,0.81025,0.81035,2.60,1.00
2010.10.01 14:00:21.341,0.81015,0.81035,1.00,1.60
2010.10.01 14:00:21.807,0.81015,0.81035,1.00,1.00
2010.10.01 14:00:22.061,0.8102,0.8104,4.00,1.00
2010.10.01 14:00:22.684,0.81025,0.8104,1.00,1.00
2010.10.01 14:00:23.048,0.8102,0.81045,1.00,1.00
2010.10.01 14:00:23.819,0.8102,0.81045,1.00,1.80
2010.10.01 14:00:24.176,0.81025,0.81045,1.00,8.00
2010.10.01 14:00:25.029,0.81025,0.81045,1.00,4.00
2010.10.01 14:00:25.373,0.81035,0.81055,1.00,4.00
2010.10.01 14:00:26.129,0.8104,0.81055,1.00,5.60
2010.10.01 14:00:26.696,0.81065,0.81075,1.40,2.40
2010.10.01 14:00:27.434,0.81075,0.8109,1.00,1.60
2010.10.01 14:00:27.982,0.81075,0.81095,1.00,1.60
2010.10.01 14:00:28.868,0.8107,0.81095,1.00,5.60
2010.10.01 14:00:29.183,0.8107,0.8109,1.20,1.00
2010.10.01 14:00:29.933,0.8107,0.8109,1.00,1.00
2010.10.01 14:00:30.718,0.81065,0.8109,1.80,1.60
2010.10.01 14:00:31.076,0.8106,0.8108,1.00,1.60
2010.10.01 14:00:31.701,0.81055,0.81075,1.00,1.60
2010.10.01 14:00:32.052,0.81045,0.8107,1.00,3.20
2010.10.01 14:00:32.802,0.8105,0.8107,1.60,1.00
2010.10.01 14:00:33.159,0.8105,0.81075,1.00,1.60
2010.10.01 14:00:33.854,0.8105,0.81075,1.00,3.20
2010.10.01 14:00:34.226,0.8106,0.81075,1.00,1.60
2010.10.01 14:00:34.706,0.8106,0.81075,1.00,1.00
2010.10.01 14:00:35.080,0.8107,0.8109,1.00,8.00
2010.10.01 14:00:35.838,0.8107,0.81095,1.00,9.60
2010.10.01 14:00:37.094,0.8107,0.81085,1.00,5.60
2010.10.01 14:00:37.424,0.8106,0.81085,8.20,1.60
2010.10.01 14:00:37.945,0.81065,0.81085,4.00,1.60
2010.10.01 14:00:38.249,0.8106,0.8108,8.20,1.00
2010.10.01 14:00:38.542,0.8106,0.8108,8.20,1.60
2010.10.01 14:00:39.819,0.8104,0.81045,8.00,1.60
2010.10.01 14:00:40.304,0.8102,0.81045,2.60,3.20
2010.10.01 14:00:40.532,0.81015,0.8104,1.00,1.60
2010.10.01 14:00:42.361,0.8103,0.81045,1.00,4.00
2010.10.01 14:00:42.876,0.8103,0.81055,4.00,2.40
2010.10.01 14:00:43.292,0.8103,0.8105,4.00,2.40
2010.10.01 14:00:43.542,0.8103,0.8105,2.60,8.00
2010.10.01 14:00:44.338,0.8103,0.81055,11.40,1.60
2010.10.01 14:00:44.639,0.8104,0.8106,1.00,4.80
2010.10.01 14:00:45.140,0.8104,0.8106,4.20,1.00
2010.10.01 14:00:45.433,0.8104,0.8106,4.00,1.60
2010.10.01 14:00:46.205,0.81035,0.8106,12.20,1.60
2010.10.01 14:00:46.563,0.81035,0.8105,4.00,1.00
2010.10.01 14:00:47.329,0.8103,0.8105,5.00,2.40
2010.10.01 14:00:48.451,0.81035,0.8104,16.00,1.00
2010.10.01 14:00:48.922,0.81025,0.8103,5.80,1.00
2010.10.01 14:00:49.696,0.8103,0.81035,1.00,1.00
2010.10.01 14:00:50.459,0.8105,0.81055,1.00,16.00
2010.10.01 14:00:50.821,0.8105,0.8107,1.00,12.80
2010.10.01 14:00:51.510,0.8105,0.81055,1.00,4.00
2010.10.01 14:00:52.023,0.81045,0.8106,5.00,8.00
2010.10.01 14:00:52.390,0.8105,0.81065,4.00,1.00
2010.10.01 14:00:53.116,0.8105,0.81065,4.00,1.60
2010.10.01 14:00:53.471,0.81045,0.8106,8.10,1.60
2010.10.01 14:00:54.673,0.81045,0.8106,4.00,2.50
2010.10.01 14:00:55.226,0.8104,0.8106,8.00,1.60
2010.10.01 14:00:55.471,0.8104,0.8106,10.80,1.00
2010.10.01 14:00:56.562,0.8104,0.8106,4.40,1.60
2010.10.01 14:00:57.298,0.8104,0.8106,1.00,1.00
2010.10.01 14:00:57.571,0.81045,0.8106,1.00,1.00
2010.10.01 14:00:58.296,0.8105,0.81065,1.00,4.00
2010.10.01 14:00:58.952,0.81055,0.81065,2.40,4.00
2010.10.01 14:00:59.274,0.8105,0.81075,11.40,4.00
2010.10.01 14:01:00.144,0.8105,0.81065,4.00,4.00
2010.10.01 14:01:00.905,0.81045,0.81065,8.00,5.60
2010.10.01 14:01:01.265,0.8105,0.81065,2.40,4.00
2010.10.01 14:01:02.088,0.8105,0.81065,2.40,4.00
2010.10.01 14:01:02.414,0.81045,0.81055,8.00,4.00
2010.10.01 14:01:02.921,0.81045,0.81055,8.00,4.80
2010.10.01 14:01:03.291,0.81035,0.8104,12.00,1.00
2010.10.01 14:01:04.108,0.8102,0.8104,5.20,1.60
2010.10.01 14:01:04.820,0.81025,0.81035,2.40,1.00
2010.10.01 14:01:05.177,0.8101,0.81025,1.00,1.60
2010.10.01 14:01:05.956,0.8101,0.81025,1.00,1.60
2010.10.01 14:01:06.739,0.8101,0.81025,1.00,9.60
2010.10.01 14:01:07.101,0.8101,0.81025,1.00,10.40
2010.10.01 14:01:07.624,0.8101,0.8102,1.00,2.40
2010.10.01 14:01:07.998,0.80995,0.8101,1.00,1.00
2010.10.01 14:01:08.778,0.8099,0.8101,2.50,9.60
2010.10.01 14:01:09.133,0.8099,0.8101,2.40,10.50
2010.10.01 14:01:09.803,0.8099,0.8101,2.40,6.50
2010.10.01 14:01:10.149,0.8099,0.8101,2.50,10.40
2010.10.01 14:01:10.943,0.8099,0.8101,2.40,6.40
2010.10.01 14:01:11.295,0.80985,0.81005,1.60,1.60
2010.10.01 14:01:11.999,0.80985,0.81,2.40,1.60
2010.10.01 14:01:12.368,0.8099,0.81005,2.40,2.40
2010.10.01 14:01:12.840,0.80985,0.81005,4.90,2.40
2010.10.01 14:01:13.191,0.8099,0.81,2.40,8.00
2010.10.01 14:01:14.268,0.80985,0.81,5.10,4.00
2010.10.01 14:01:15.067,0.8099,0.81005,3.30,4.00
2010.10.01 14:01:15.770,0.80985,0.81005,5.10,4.00
2010.10.01 14:01:16.131,0.80985,0.81,4.10,2.40
2010.10.01 14:01:16.898,0.80985,0.80995,8.10,1.60
2010.10.01 14:01:17.254,0.8097,0.8099,8.80,1.60
2010.10.01 14:01:18.030,0.8097,0.8099,4.10,1.60
2010.10.01 14:01:18.864,0.8097,0.8099,1.00,1.60
2010.10.01 14:01:20.159,0.80965,0.8099,3.60,9.60
2010.10.01 14:01:20.638,0.80965,0.80985,8.00,1.60
2010.10.01 14:01:20.869,0.8096,0.80975,8.00,1.00
2010.10.01 14:01:21.554,0.8096,0.80975,8.00,1.60
2010.10.01 14:01:21.791,0.80955,0.8097,9.60,1.60
2010.10.01 14:01:22.690,0.80945,0.80965,9.60,1.60
2010.10.01 14:01:23.346,0.8095,0.8096,4.00,4.00
2010.10.01 14:01:23.705,0.80935,0.8096,9.90,1.60
2010.10.01 14:01:24.133,0.80935,0.8096,9.90,2.40
2010.10.01 14:01:24.513,0.8094,0.80955,8.00,1.60
2010.10.01 14:01:25.259,0.80935,0.80955,9.90,1.00
2010.10.01 14:01:25.620,0.80935,0.80955,4.00,2.40
2010.10.01 14:01:26.064,0.80935,0.80955,4.00,1.00
2010.10.01 14:01:26.406,0.80935,0.80955,7.40,1.00
2010.10.01 14:01:26.949,0.80935,0.80955,8.20,1.00
2010.10.01 14:01:27.749,0.80935,0.80955,4.00,4.90
2010.10.01 14:01:28.105,0.80925,0.8093,16.00,1.00
2010.10.01 14:01:28.850,0.8093,0.80935,4.00,6.50
2010.10.01 14:01:29.206,0.8092,0.8094,2.70,8.00
2010.10.01 14:01:29.983,0.80925,0.8095,4.40,5.60
2010.10.01 14:01:30.760,0.80925,0.80945,1.00,1.60
2010.10.01 14:01:31.115,0.80925,0.80945,1.00,1.00
2010.10.01 14:01:31.576,0.80925,0.8095,2.40,9.60
2010.10.01 14:01:31.953,0.8092,0.80945,2.70,2.40
2010.10.01 14:01:32.488,0.8092,0.8094,1.00,2.40
2010.10.01 14:01:32.850,0.8092,0.80935,8.00,1.00
2010.10.01 14:01:33.307,0.8092,0.80935,8.00,2.40
2010.10.01 14:01:33.664,0.8091,0.8093,4.00,4.00
2010.10.01 14:01:34.402,0.8091,0.8092,4.00,4.00
2010.10.01 14:01:34.758,0.80905,0.80915,4.00,1.00
2010.10.01 14:01:35.230,0.80895,0.80915,12.20,1.00
2010.10.01 14:01:35.599,0.8089,0.8091,8.00,5.60
2010.10.01 14:01:36.317,0.8089,0.8091,8.00,3.20
2010.10.01 14:01:36.670,0.80885,0.8089,8.00,5.60
2010.10.01 14:01:37.495,0.80875,0.8089,1.00,11.20
2010.10.01 14:01:38.258,0.80875,0.80885,1.00,4.00
2010.10.01 14:01:38.620,0.80865,0.8089,3.40,9.60
2010.10.01 14:01:39.077,0.80865,0.8089,7.40,5.60
2010.10.01 14:01:39.458,0.80865,0.80875,4.00,1.00
2010.10.01 14:01:40.197,0.8086,0.8088,8.00,1.60
2010.10.01 14:01:40.563,0.8086,0.8088,1.00,4.00
2010.10.01 14:01:41.558,0.8086,0.8088,1.00,8.00
2010.10.01 14:01:42.069,0.8086,0.8088,1.00,12.00
2010.10.01 14:01:43.085,0.80855,0.80875,1.60,9.60
2010.10.01 14:01:43.396,0.80855,0.8087,4.00,2.40
2010.10.01 14:01:44.313,0.8086,0.80875,2.40,2.40
2010.10.01 14:01:45.049,0.8088,0.80885,1.80,8.00
2010.10.01 14:01:45.403,0.80875,0.8088,2.40,16.00
2010.10.01 14:01:46.132,0.80865,0.80875,2.40,8.00
2010.10.01 14:01:46.665,0.8087,0.8089,4.00,4.80
2010.10.01 14:01:47.499,0.80875,0.8089,8.00,1.60
2010.10.01 14:01:47.776,0.8088,0.80895,4.20,1.00
2010.10.01 14:01:48.453,0.80885,0.8089,1.00,12.00
2010.10.01 14:01:48.691,0.8089,0.80895,3.20,12.00
2010.10.01 14:01:49.168,0.8089,0.80895,3.20,8.00
2010.10.01 14:01:49.549,0.8089,0.80905,1.20,8.00
2010.10.01 14:01:50.288,0.80885,0.80905,1.00,7.20
2010.10.01 14:01:50.643,0.80895,0.80905,8.00,2.40
2010.10.01 14:01:51.419,0.80895,0.80905,8.00,1.00
2010.10.01 14:01:51.769,0.8089,0.80905,4.00,3.20
2010.10.01 14:01:52.535,0.80885,0.80905,2.80,3.20
2010.10.01 14:01:53.307,0.80885,0.809,2.40,1.00
2010.10.01 14:01:53.666,0.80885,0.809,1.60,1.00
2010.10.01 14:01:54.120,0.80885,0.80905,1.60,2.40
2010.10.01 14:01:55.088,0.80895,0.80905,1.00,1.00
2010.10.01 14:01:55.925,0.809,0.80915,4.00,5.70
2010.10.01 14:01:56.122,0.80895,0.80915,1.70,1.60
2010.10.01 14:01:56.900,0.80895,0.8091,1.60,2.40
2010.10.01 14:01:57.913,0.80895,0.80905,4.00,1.00
2010.10.01 14:01:58.711,0.8089,0.8091,4.00,1.60
2010.10.01 14:01:59.044,0.8089,0.8091,1.00,1.00
2010.10.01 14:01:59.764,0.8089,0.8091,4.20,4.00
2010.10.01 14:02:00.122,0.80895,0.8092,3.50,12.80
2010.10.01 14:02:00.699,0.80895,0.8092,3.60,10.40
2010.10.01 14:02:01.045,0.809,0.80915,8.00,1.60
2010.10.01 14:02:01.757,0.809,0.80915,8.00,3.20
2010.10.01 14:02:02.115,0.80895,0.80915,8.20,3.20
2010.10.01 14:02:02.739,0.80895,0.80915,9.60,4.10
2010.10.01 14:02:03.092,0.8089,0.8091,8.00,4.10
2010.10.01 14:02:03.718,0.8089,0.8091,8.00,4.00
2010.10.01 14:02:04.315,0.80885,0.80905,1.00,5.60
2010.10.01 14:02:05.052,0.80885,0.80905,1.80,4.00
2010.10.01 14:02:05.353,0.8089,0.8091,1.00,1.00
2010.10.01 14:02:06.313,0.8089,0.8091,4.20,3.20
2010.10.01 14:02:07.099,0.8089,0.8091,5.00,2.40
2010.10.01 14:02:07.450,0.8089,0.8091,5.20,2.40
2010.10.01 14:02:08.214,0.8089,0.8091,1.00,2.40
2010.10.01 14:02:08.579,0.80895,0.8091,2.40,1.60
2010.10.01 14:02:09.304,0.8089,0.8091,4.00,2.40
2010.10.01 14:02:10.068,0.80885,0.80905,2.40,1.60
2010.10.01 14:02:10.441,0.80875,0.80895,1.00,9.60
2010.10.01 14:02:11.042,0.80875,0.809,2.70,9.60
2010.10.01 14:02:11.391,0.8088,0.809,4.20,1.60
2010.10.01 14:02:12.054,0.8088,0.809,4.00,2.40
2010.10.01 14:02:12.399,0.80875,0.809,10.80,7.20
2010.10.01 14:02:12.966,0.80875,0.80895,9.20,1.00
2010.10.01 14:02:13.854,0.80875,0.8089,4.00,4.00
2010.10.01 14:02:14.472,0.80865,0.80885,1.00,4.00
2010.10.01 14:02:14.667,0.80865,0.80885,1.00,12.00
2010.10.01 14:02:15.364,0.80865,0.80885,1.00,9.60
2010.10.01 14:02:15.738,0.8087,0.80885,4.30,8.00
2010.10.01 14:02:16.182,0.8087,0.80885,5.90,4.00
2010.10.01 14:02:16.582,0.8088,0.809,1.00,2.40
2010.10.01 14:02:17.295,0.8088,0.809,8.80,1.60
2010.10.01 14:02:17.627,0.80885,0.80905,1.00,13.60
2010.10.01 14:02:18.578,0.8089,0.80905,1.00,1.60
2010.10.01 14:02:19.344,0.8089,0.80905,1.00,9.60
2010.10.01 14:02:19.683,0.8089,0.80915,7.60,10.40
2010.10.01 14:02:20.017,0.8089,0.80915,11.60,4.00
2010.10.01 14:02:20.767,0.809,0.80915,1.00,1.60
2010.10.01 14:02:21.496,0.8089,0.80915,11.40,4.00
2010.10.01 14:02:21.854,0.80885,0.809,8.00,3.20
2010.10.01 14:02:22.945,0.8088,0.809,1.00,3.20
2010.10.01 14:02:23.739,0.80885,0.80905,1.00,17.70
2010.10.01 14:02:24.092,0.8088,0.80895,2.40,1.60
2010.10.01 14:02:24.925,0.8088,0.809,2.40,12.00
2010.10.01 14:02:25.277,0.80875,0.809,8.30,10.40
2010.10.01 14:02:26.041,0.80875,0.80895,8.00,5.60
2010.10.01 14:02:26.391,0.80875,0.80895,8.00,9.60
2010.10.01 14:02:27.141,0.8087,0.8089,10.80,2.40
2010.10.01 14:02:27.481,0.8087,0.80885,8.00,3.20
2010.10.01 14:02:27.945,0.80865,0.80885,12.00,3.20
2010.10.01 14:02:28.303,0.80865,0.8088,1.60,1.00
2010.10.01 14:02:29.915,0.80865,0.8088,1.60,1.00
2010.10.01 14:02:30.273,0.8085,0.80865,4.00,2.40
2010.10.01 14:02:30.741,0.8085,0.80865,4.00,4.00
2010.10.01 14:02:31.101,0.8084,0.8086,4.40,3.20
2010.10.01 14:02:31.861,0.8084,0.8086,1.00,4.10
2010.10.01 14:02:32.214,0.8084,0.8086,1.00,4.00
2010.10.01 14:02:32.562,0.8084,0.8086,1.00,8.00
2010.10.01 14:02:33.331,0.80835,0.80855,13.20,1.00
2010.10.01 14:02:34.466,0.80835,0.8085,8.00,5.60
2010.10.01 14:02:35.272,0.8083,0.8085,1.00,4.80
2010.10.01 14:02:35.624,0.8083,0.8085,8.30,4.00
2010.10.01 14:02:36.359,0.8083,0.8085,8.00,2.50
2010.10.01 14:02:36.720,0.80825,0.80845,13.90,1.00
2010.10.01 14:02:37.439,0.80825,0.80845,9.00,2.50
2010.10.01 14:02:38.190,0.80825,0.8083,8.00,1.00
2010.10.01 14:02:38.540,0.8082,0.80825,8.00,3.20
2010.10.01 14:02:38.888,0.80805,0.80825,4.00,2.50
2010.10.01 14:02:39.668,0.80805,0.80825,2.60,5.60
2010.10.01 14:02:40.473,0.80815,0.8083,1.00,4.00
2010.10.01 14:02:40.826,0.8082,0.8084,1.00,9.60
2010.10.01 14:02:41.552,0.80825,0.80845,1.10,10.40
2010.10.01 14:02:41.905,0.80825,0.8085,7.40,12.80
2010.10.01 14:02:42.211,0.80825,0.8085,3.40,12.00
2010.10.01 14:02:42.961,0.80825,0.8084,3.40,1.00
2010.10.01 14:02:43.296,0.8082,0.80835,8.00,3.20
2010.10.01 14:02:43.754,0.8082,0.80835,8.00,4.80
2010.10.01 14:02:44.094,0.8081,0.80835,11.60,9.60
2010.10.01 14:02:44.832,0.8081,0.80835,11.60,5.60
2010.10.01 14:02:45.193,0.80815,0.80835,9.80,2.40
2010.10.01 14:02:46.005,0.80815,0.80835,2.70,1.60
2010.10.01 14:02:46.360,0.80815,0.80835,2.60,9.60
2010.10.01 14:02:47.148,0.8081,0.8083,4.20,1.00
2010.10.01 14:02:47.904,0.8081,0.8083,4.20,8.00
2010.10.01 14:02:48.266,0.8082,0.8083,2.40,8.00
2010.10.01 14:02:48.978,0.80815,0.8083,4.80,4.00
2010.10.01 14:02:49.335,0.8081,0.8083,2.40,2.40
2010.10.01 14:02:49.924,0.80805,0.8083,3.40,10.40
2010.10.01 14:02:50.270,0.80805,0.80825,2.60,11.20
2010.10.01 14:02:51.073,0.808,0.80825,4.30,12.00
2010.10.01 14:02:51.417,0.8079,0.8081,1.20,1.00
2010.10.01 14:02:52.749,0.8079,0.80815,9.10,8.80
2010.10.01 14:02:53.435,0.80795,0.80815,1.00,8.80
2010.10.01 14:02:53.723,0.80795,0.80815,9.00,1.60
2010.10.01 14:02:54.474,0.80795,0.8082,1.00,12.00
2010.10.01 14:02:54.755,0.8079,0.8081,10.40,1.60
2010.10.01 14:02:55.379,0.8079,0.80815,6.20,10.50
2010.10.01 14:02:55.656,0.80795,0.80815,1.00,2.40
2010.10.01 14:02:56.237,0.80795,0.80815,2.80,1.00
2010.10.01 14:02:56.599,0.808,0.8082,2.40,12.80
2010.10.01 14:02:57.353,0.808,0.8082,1.00,2.40
2010.10.01 14:02:57.712,0.80795,0.8081,1.00,4.80
2010.10.01 14:02:58.427,0.8079,0.8081,2.70,4.80
2010.10.01 14:02:58.773,0.8079,0.80805,2.40,1.00
2010.10.01 14:02:59.489,0.80785,0.80805,9.60,1.00
2010.10.01 14:02:59.842,0.8078,0.80805,7.50,13.60
2010.10.01 14:03:00.584,0.80785,0.80805,1.00,16.00
2010.10.01 14:03:00.946,0.80785,0.80805,1.60,9.60
2010.10.01 14:03:01.600,0.80785,0.80795,1.60,1.00
2010.10.01 14:03:01.956,0.8078,0.80795,2.40,1.00
2010.10.01 14:03:02.482,0.8078,0.80795,2.40,3.20
2010.10.01 14:03:02.839,0.8077,0.8079,2.40,4.10
2010.10.01 14:03:03.453,0.8077,0.8079,2.40,8.10
2010.10.01 14:03:03.805,0.80765,0.8078,9.60,1.00
2010.10.01 14:03:04.423,0.80765,0.8078,9.60,1.60
2010.10.01 14:03:04.711,0.8076,0.80775,4.00,4.00
2010.10.01 14:03:05.241,0.8076,0.8077,4.00,1.60
2010.10.01 14:03:05.529,0.80745,0.80755,12.00,1.00
2010.10.01 14:03:06.271,0.80735,0.8075,1.00,4.00
2010.10.01 14:03:06.625,0.8074,0.80755,1.00,6.40
2010.10.01 14:03:07.319,0.80735,0.8075,1.00,4.00
2010.10.01 14:03:07.673,0.8074,0.8075,1.00,4.00
2010.10.01 14:03:08.718,0.8074,0.80755,1.00,4.00
2010.10.01 14:03:09.062,0.8074,0.8076,1.00,12.00
2010.10.01 14:03:09.895,0.80745,0.8076,3.60,4.00
2010.10.01 14:03:10.253,0.80745,0.8077,9.90,14.40
2010.10.01 14:03:10.904,0.80735,0.8075,3.20,3.20
2010.10.01 14:03:11.244,0.8073,0.8075,4.90,4.00
2010.10.01 14:03:11.972,0.8073,0.8075,6.60,3.30
2010.10.01 14:03:12.324,0.80735,0.8075,4.00,1.00
2010.10.01 14:03:12.761,0.80735,0.8075,4.00,1.60
2010.10.01 14:03:13.132,0.8073,0.8074,4.80,1.60
2010.10.01 14:03:13.911,0.8073,0.80745,1.00,4.80
2010.10.01 14:03:14.269,0.80725,0.8074,10.40,1.60
2010.10.01 14:03:15.008,0.80725,0.8074,4.00,2.40
2010.10.01 14:03:15.367,0.8072,0.8074,6.50,2.40
2010.10.01 14:03:16.130,0.8072,0.8074,6.40,1.60
2010.10.01 14:03:16.482,0.8072,0.8074,6.40,1.60
2010.10.01 14:03:16.812,0.80725,0.80745,1.00,9.60
2010.10.01 14:03:17.555,0.8073,0.8075,1.00,9.70
2010.10.01 14:03:18.341,0.8073,0.8075,4.00,2.40
2010.10.01 14:03:18.696,0.8073,0.8075,1.00,4.00
2010.10.01 14:03:19.289,0.80735,0.80755,3.20,12.90
2010.10.01 14:03:20.087,0.8074,0.80755,1.00,5.60
2010.10.01 14:03:20.569,0.8074,0.80755,1.00,1.60
2010.10.01 14:03:20.873,0.80735,0.80755,1.00,3.20
2010.10.01 14:03:21.483,0.80735,0.80755,1.00,4.00
2010.10.01 14:03:21.836,0.80735,0.8076,6.00,12.90
2010.10.01 14:03:22.645,0.80735,0.8076,2.80,12.90
2010.10.01 14:03:22.978,0.8074,0.8076,1.00,9.60
2010.10.01 14:03:23.463,0.8074,0.8076,1.00,8.80
2010.10.01 14:03:23.827,0.80745,0.8077,2.60,10.40
2010.10.01 14:03:24.423,0.80745,0.8077,9.20,8.00
2010.10.01 14:03:24.782,0.8075,0.80765,1.00,4.00
2010.10.01 14:03:25.538,0.8075,0.80775,2.00,11.20
2010.10.01 14:03:26.231,0.80755,0.80775,1.00,9.60
2010.10.01 14:03:26.276,0.80755,0.80775,1.70,8.80
2010.10.01 14:03:26.569,0.8076,0.80775,4.00,8.00
2010.10.01 14:03:27.442,0.8076,0.8078,3.30,8.80
2010.10.01 14:03:27.795,0.80765,0.8078,1.20,8.00
2010.10.01 14:03:28.319,0.80765,0.80785,1.00,5.60
2010.10.01 14:03:28.672,0.8077,0.8079,1.00,8.00
2010.10.01 14:03:29.398,0.8077,0.80785,1.00,1.60
2010.10.01 14:03:29.758,0.80775,0.80795,1.60,4.80
2010.10.01 14:03:30.524,0.80775,0.80795,2.00,5.60
2010.10.01 14:03:30.886,0.8078,0.808,1.00,5.60
2010.10.01 14:03:31.667,0.8079,0.80805,1.00,9.60
2010.10.01 14:03:32.021,0.8079,0.8081,1.00,4.10
2010.10.01 14:03:32.790,0.80795,0.8081,1.00,8.00
2010.10.01 14:03:33.580,0.80795,0.80815,3.40,4.00
2010.10.01 14:03:33.935,0.80795,0.80815,4.80,8.00
2010.10.01 14:03:34.497,0.80795,0.80815,1.00,10.40
2010.10.01 14:03:34.859,0.808,0.80815,1.00,7.20
2010.10.01 14:03:35.717,0.808,0.8082,1.00,12.00
2010.10.01 14:03:37.072,0.8081,0.8082,1.00,11.20
2010.10.01 14:03:37.469,0.80815,0.8082,17.60,2.40
2010.10.01 14:03:37.964,0.80815,0.80825,12.00,1.00
2010.10.01 14:03:38.290,0.80805,0.80825,1.00,5.60
2010.10.01 14:03:39.038,0.80805,0.80825,2.40,1.60
2010.10.01 14:03:39.393,0.8081,0.8083,1.00,4.00
2010.10.01 14:03:40.212,0.8081,0.8083,4.10,8.80
2010.10.01 14:03:40.926,0.8081,0.8083,4.10,9.60
2010.10.01 14:03:41.282,0.80815,0.8083,1.00,5.60
2010.10.01 14:03:41.837,0.80815,0.8083,2.40,5.60
2010.10.01 14:03:42.205,0.80815,0.80835,1.70,5.60
2010.10.01 14:03:42.989,0.8082,0.80835,1.00,5.60
2010.10.01 14:03:43.356,0.80835,0.8084,1.00,4.00
2010.10.01 14:03:44.081,0.80835,0.80845,1.00,8.00
2010.10.01 14:03:44.437,0.80835,0.80855,1.00,13.60
2010.10.01 14:03:45.124,0.80835,0.80855,1.00,13.60
2010.10.01 14:03:45.491,0.80835,0.80855,1.00,6.40
2010.10.01 14:03:46.239,0.80835,0.80855,1.00,6.40
2010.10.01 14:03:46.601,0.8083,0.8085,3.60,1.00
2010.10.01 14:03:47.309,0.8083,0.8085,3.40,1.00
2010.10.01 14:03:47.663,0.80835,0.8085,1.00,1.00
2010.10.01 14:03:48.306,0.80835,0.8085,1.00,1.00
2010.10.01 14:03:50.080,0.80835,0.80855,1.00,20.10
2010.10.01 14:03:50.660,0.80835,0.80855,1.00,16.10
2010.10.01 14:03:51.636,0.8084,0.80855,1.00,2.40
2010.10.01 14:03:52.340,0.80845,0.80865,1.00,10.40
2010.10.01 14:03:52.554,0.80845,0.80865,1.90,2.40
2010.10.01 14:03:53.015,0.80845,0.80865,9.90,2.40
2010.10.01 14:03:53.386,0.8085,0.8087,1.00,12.00
2010.10.01 14:03:54.211,0.8085,0.8087,1.00,4.00
2010.10.01 14:03:54.960,0.8085,0.8087,1.00,4.00
2010.10.01 14:03:55.325,0.80845,0.8086,1.00,4.00
2010.10.01 14:03:56.703,0.8084,0.80855,4.00,4.80
2010.10.01 14:03:57.052,0.80835,0.80855,5.00,2.40
2010.10.01 14:03:57.528,0.8084,0.80855,1.00,2.40
2010.10.01 14:03:57.715,0.80845,0.80865,1.00,12.00
2010.10.01 14:03:58.445,0.80845,0.80865,5.90,8.00
2010.10.01 14:03:58.802,0.80845,0.8087,6.00,12.00
2010.10.01 14:03:59.599,0.80845,0.8087,6.00,13.60
2010.10.01 14:04:00.400,0.80845,0.80865,3.30,11.20
2010.10.01 14:04:00.752,0.80845,0.80865,2.50,11.20
2010.10.01 14:04:01.589,0.80845,0.80865,2.70,11.20
2010.10.01 14:04:02.346,0.80835,0.80855,8.00,4.80
2010.10.01 14:04:02.794,0.80845,0.80855,1.00,4.80
2010.10.01 14:04:02.978,0.80835,0.80855,1.00,7.20
2010.10.01 14:04:03.487,0.80835,0.80855,1.00,16.80
2010.10.01 14:04:03.853,0.8084,0.8086,1.00,4.80
2010.10.01 14:04:04.607,0.8084,0.8086,1.00,4.80
2010.10.01 14:04:04.971,0.8084,0.8086,1.00,1.60
2010.10.01 14:04:05.727,0.8084,0.8086,1.00,1.60
2010.10.01 14:04:06.089,0.80835,0.80855,6.50,3.20
2010.10.01 14:04:06.826,0.80835,0.80855,2.40,3.20
2010.10.01 14:04:07.188,0.8084,0.80865,5.90,13.60
2010.10.01 14:04:07.943,0.8084,0.80865,10.00,4.80
2010.10.01 14:04:08.288,0.80845,0.80865,1.00,8.00
2010.10.01 14:04:08.808,0.80845,0.80865,1.00,7.20
2010.10.01 14:04:09.183,0.80845,0.8087,11.60,8.80
2010.10.01 14:04:10.090,0.80845,0.80855,4.80,1.00
2010.10.01 14:04:10.440,0.8083,0.80845,1.00,4.80
2010.10.01 14:04:11.254,0.8083,0.8085,4.30,2.40
2010.10.01 14:04:11.599,0.8083,0.8085,4.00,2.40
2010.10.01 14:04:12.390,0.8083,0.8085,1.00,9.60
2010.10.01 14:04:13.157,0.8083,0.8085,1.00,4.00
2010.10.01 14:04:13.511,0.8083,0.80855,2.00,15.20
2010.10.01 14:04:13.978,0.8083,0.80845,2.00,8.00
2010.10.01 14:04:14.566,0.8083,0.80845,1.10,1.60
2010.10.01 14:04:15.970,0.80825,0.8083,4.00,4.00
2010.10.01 14:04:16.601,0.80815,0.8082,4.00,3.20
2010.10.01 14:04:16.854,0.80805,0.8082,6.60,2.40
2010.10.01 14:04:17.566,0.80815,0.8083,2.40,10.40
2010.10.01 14:04:17.924,0.8081,0.8083,4.00,6.40
2010.10.01 14:04:18.616,0.80805,0.8083,13.90,1.60
2010.10.01 14:04:18.978,0.8081,0.80835,11.50,6.40
2010.10.01 14:04:19.810,0.8081,0.8083,6.70,1.60
2010.10.01 14:04:20.551,0.80815,0.8083,4.10,1.00
2010.10.01 14:04:20.909,0.80815,0.80835,8.10,2.40
2010.10.01 14:04:21.637,0.8082,0.8084,1.00,1.60
2010.10.01 14:04:21.953,0.80825,0.8084,1.00,1.60
2010.10.01 14:04:22.770,0.8082,0.80845,7.60,10.40
2010.10.01 14:04:23.538,0.80825,0.80845,5.20,8.00
2010.10.01 14:04:23.895,0.8083,0.8085,4.00,2.40
2010.10.01 14:04:24.679,0.8082,0.80845,1.20,12.90
2010.10.01 14:04:25.422,0.80825,0.8084,1.60,2.40
2010.10.01 14:04:25.769,0.80815,0.80835,12.80,1.00
2010.10.01 14:04:26.240,0.80815,0.80835,4.00,1.00
2010.10.01 14:04:26.585,0.80815,0.8083,1.60,2.40
2010.10.01 14:04:27.285,0.8081,0.8083,1.00,2.40
2010.10.01 14:04:27.647,0.80815,0.8083,4.10,1.00
2010.10.01 14:04:28.162,0.8082,0.8083,2.40,1.00
2010.10.01 14:04:28.521,0.8082,0.8084,7.20,1.60
2010.10.01 14:04:29.615,0.80825,0.80845,1.00,6.40
2010.10.01 14:04:29.879,0.8083,0.80845,2.00,2.40
2010.10.01 14:04:30.323,0.8084,0.80855,2.40,10.40
2010.10.01 14:04:30.594,0.8083,0.8085,8.10,1.60
2010.10.01 14:04:31.250,0.8083,0.8085,4.10,1.60
2010.10.01 14:04:31.611,0.80825,0.80845,1.70,5.60
2010.10.01 14:04:31.855,0.8083,0.80845,1.00,8.00
2010.10.01 14:04:32.347,0.80835,0.8085,1.00,5.60
2010.10.01 14:04:32.598,0.80835,0.8085,1.00,1.00
2010.10.01 14:04:33.250,0.8084,0.80855,1.00,5.60
2010.10.01 14:04:33.603,0.8084,0.80855,1.00,5.60
2010.10.01 14:04:34.631,0.80835,0.80845,1.00,1.60
2010.10.01 14:04:34.826,0.8082,0.80825,8.00,3.20
2010.10.01 14:04:35.132,0.8082,0.80825,8.00,1.60
2010.10.01 14:04:35.547,0.8082,0.80825,4.00,1.00
2010.10.01 14:04:35.747,0.80815,0.80835,4.20,5.60
2010.10.01 14:04:36.645,0.80815,0.8083,3.60,8.00
2010.10.01 14:04:37.736,0.80815,0.80835,5.70,7.20
2010.10.01 14:04:38.201,0.80815,0.80835,8.10,8.80
2010.10.01 14:04:38.578,0.8082,0.80835,2.70,1.00
2010.10.01 14:04:39.293,0.8082,0.8084,2.70,8.00
2010.10.01 14:04:39.650,0.8082,0.80835,4.00,1.00
2010.10.01 14:04:40.475,0.80815,0.80835,9.60,4.00
2010.10.01 14:04:41.272,0.8082,0.80835,4.00,1.60
2010.10.01 14:04:42.047,0.8082,0.80835,1.00,2.40
2010.10.01 14:04:42.672,0.80825,0.8084,1.00,8.80
2010.10.01 14:04:43.151,0.80825,0.8084,3.40,4.00
2010.10.01 14:04:43.500,0.80825,0.8084,1.60,9.60
2010.10.01 14:04:43.949,0.8082,0.8084,1.00,9.60
2010.10.01 14:04:44.314,0.80825,0.8084,10.40,1.60
2010.10.01 14:04:45.062,0.80825,0.8084,5.60,1.60
2010.10.01 14:04:45.412,0.8082,0.8084,1.00,1.60
2010.10.01 14:04:46.173,0.80815,0.8084,13.20,4.00
2010.10.01 14:04:46.524,0.80825,0.8084,1.00,1.60
2010.10.01 14:04:47.286,0.80825,0.80845,2.70,12.00
2010.10.01 14:04:47.651,0.8083,0.8084,1.00,8.00
2010.10.01 14:04:48.334,0.80835,0.8084,1.00,8.00
2010.10.01 14:04:48.627,0.80825,0.80845,4.40,1.00
2010.10.01 14:04:49.246,0.8083,0.80845,1.00,1.00
2010.10.01 14:04:49.625,0.80825,0.80845,4.40,3.20
2010.10.01 14:04:50.206,0.80825,0.80845,4.10,4.00
2010.10.01 14:04:50.553,0.80825,0.80845,4.40,1.60
2010.10.01 14:04:50.897,0.8083,0.80845,1.00,1.00
2010.10.01 14:04:51.329,0.8083,0.80845,1.00,2.40
2010.10.01 14:04:51.684,0.80825,0.80845,4.00,12.00
2010.10.01 14:04:52.483,0.80825,0.8084,2.50,1.00
2010.10.01 14:04:53.787,0.80815,0.80825,8.00,1.00
2010.10.01 14:04:54.432,0.80805,0.80825,4.00,5.60
2010.10.01 14:04:54.691,0.80805,0.80825,12.00,1.00
2010.10.01 14:04:54.947,0.8081,0.80825,1.00,1.00
2010.10.01 14:04:55.388,0.80805,0.80825,12.90,1.00
2010.10.01 14:04:55.735,0.80805,0.80825,4.80,1.00
2010.10.01 14:04:56.596,0.80805,0.80815,8.00,1.00
2010.10.01 14:04:57.989,0.8081,0.8082,1.00,3.20
2010.10.01 14:04:58.089,0.8081,0.80835,1.00,14.50
2010.10.01 14:04:58.757,0.8081,0.80835,2.70,11.20
2010.10.01 14:04:58.848,0.8081,0.8083,4.10,1.00
2010.10.01 14:04:59.351,0.8081,0.8083,4.00,1.00
2010.10.01 14:04:59.713,0.80805,0.80825,5.80,1.60
2010.10.01 14:05:00.467,0.80805,0.80825,1.80,1.60
2010.10.01 14:05:00.796,0.80815,0.80835,3.30,5.60
2010.10.01 14:05:01.541,0.80815,0.80835,11.60,1.60
2010.10.01 14:05:01.896,0.80805,0.80825,4.80,1.60
2010.10.01 14:05:02.633,0.80805,0.8082,2.50,1.00
2010.10.01 14:05:02.991,0.80805,0.8082,6.40,1.00
2010.10.01 14:05:03.762,0.8082,0.80835,2.40,11.30
2010.10.01 14:05:04.114,0.8082,0.80835,2.40,1.00
2010.10.01 14:05:04.845,0.8082,0.8084,2.40,14.40
2010.10.01 14:05:05.205,0.8082,0.8084,1.60,10.40
2010.10.01 14:05:05.939,0.8082,0.8084,1.60,6.40
2010.10.01 14:05:06.287,0.80825,0.8084,1.00,10.40
2010.10.01 14:05:07.065,0.8082,0.8084,1.00,12.00
2010.10.01 14:05:07.427,0.80815,0.80835,1.90,4.00
2010.10.01 14:05:08.076,0.80815,0.80835,1.00,9.80
2010.10.01 14:05:08.435,0.8081,0.8083,1.00,1.00
2010.10.01 14:05:09.203,0.8081,0.8083,1.00,9.80
2010.10.01 14:05:09.938,0.8081,0.8083,1.00,10.60
2010.10.01 14:05:09.968,0.8081,0.8083,1.00,9.80
2010.10.01 14:05:10.303,0.80815,0.8083,1.00,9.80
2010.10.01 14:05:10.808,0.8081,0.8083,1.20,5.80
2010.10.01 14:05:11.167,0.8082,0.8084,1.00,8.00
2010.10.01 14:05:11.929,0.8082,0.8084,3.60,8.00
2010.10.01 14:05:12.286,0.80825,0.80845,4.20,8.00
2010.10.01 14:05:12.718,0.80825,0.80845,1.80,9.80
2010.10.01 14:05:13.074,0.8082,0.8084,11.50,1.00
2010.10.01 14:05:13.691,0.8082,0.8084,3.50,1.00
2010.10.01 14:05:14.045,0.8082,0.8084,5.80,4.10
2010.10.01 14:05:14.767,0.8082,0.80845,5.80,15.10
2010.10.01 14:05:15.128,0.8083,0.80845,2.40,8.00
2010.10.01 14:05:15.929,0.8083,0.8085,3.30,1.80
2010.10.01 14:05:16.675,0.8083,0.8085,3.30,9.80
2010.10.01 14:05:17.022,0.8083,0.80845,1.00,1.00
2010.10.01 14:05:18.399,0.80825,0.80845,3.60,1.00
2010.10.01 14:05:19.075,0.80835,0.80855,1.60,12.30
2010.10.01 14:05:19.322,0.8084,0.80855,1.00,13.80
2010.10.01 14:05:19.916,0.8083,0.8085,1.00,2.60
2010.10.01 14:05:20.272,0.80825,0.80845,10.40,1.60
2010.10.01 14:05:20.680,0.80825,0.80845,6.40,5.60
2010.10.01 14:05:21.049,0.80825,0.80845,5.20,4.80
2010.10.01 14:05:21.849,0.80825,0.80845,1.00,5.80
2010.10.01 14:05:22.199,0.80835,0.80845,1.00,8.00
2010.10.01 14:05:22.808,0.80835,0.80845,1.00,8.00
2010.10.01 14:05:23.166,0.8084,0.8086,8.00,2.40
2010.10.01 14:05:23.926,0.80845,0.8086,8.00,2.40
2010.10.01 14:05:24.285,0.8085,0.8086,1.00,2.40
2010.10.01 14:05:25.036,0.80845,0.80865,1.10,4.20
2010.10.01 14:05:25.797,0.8085,0.80855,8.00,1.00
2010.10.01 14:05:26.179,0.80835,0.8084,8.00,1.00
2010.10.01 14:05:26.658,0.80835,0.8084,4.00,1.00
2010.10.01 14:05:27.014,0.80825,0.80835,4.20,1.00
2010.10.01 14:05:27.552,0.80825,0.8084,4.20,1.00
2010.10.01 14:05:27.920,0.80825,0.8084,8.60,1.00
2010.10.01 14:05:28.271,0.80825,0.80845,8.60,4.00
2010.10.01 14:05:29.414,0.80835,0.80855,3.40,1.00
2010.10.01 14:05:30.263,0.8083,0.80855,8.30,9.00
2010.10.01 14:05:30.608,0.80835,0.80855,4.20,10.40
2010.10.01 14:05:31.384,0.8083,0.8085,10.60,1.60
2010.10.01 14:05:32.104,0.8083,0.8085,10.60,3.20
2010.10.01 14:05:32.479,0.8082,0.80835,1.00,3.20
2010.10.01 14:05:33.245,0.80815,0.80835,11.50,3.20
2010.10.01 14:05:34.007,0.80815,0.8083,8.00,2.20
2010.10.01 14:05:34.370,0.8082,0.8083,1.00,4.00
2010.10.01 14:05:35.144,0.80815,0.80835,12.20,1.60
2010.10.01 14:05:35.870,0.8082,0.8084,4.00,3.50
2010.10.01 14:05:36.260,0.80815,0.8084,10.00,10.70
2010.10.01 14:05:36.995,0.80815,0.80835,8.60,1.00
2010.10.01 14:05:37.347,0.80815,0.8083,4.00,1.00
2010.10.01 14:05:37.928,0.8081,0.8083,13.30,1.00
2010.10.01 14:05:38.293,0.8081,0.8082,4.00,1.00
2010.10.01 14:05:38.990,0.8081,0.80815,4.00,1.00
2010.10.01 14:05:39.345,0.80805,0.8082,1.60,1.00
2010.10.01 14:05:39.795,0.80805,0.8082,1.60,1.80
2010.10.01 14:05:40.151,0.80805,0.80825,2.60,7.20
2010.10.01 14:05:40.957,0.80815,0.8083,1.00,1.00
2010.10.01 14:05:41.721,0.80815,0.80835,1.60,9.00
2010.10.01 14:05:42.275,0.80815,0.80835,8.30,1.00
2010.10.01 14:05:42.821,0.8081,0.8082,4.00,1.00
2010.10.01 14:05:43.173,0.80795,0.80815,2.40,1.00
2010.10.01 14:05:43.883,0.8082,0.80825,2.40,16.10
2010.10.01 14:05:44.227,0.80815,0.80835,9.00,3.20
2010.10.01 14:05:44.886,0.80815,0.80835,9.80,3.20
2010.10.01 14:05:45.248,0.80815,0.80835,1.00,3.40
2010.10.01 14:05:46.127,0.8081,0.8082,8.00,1.00
2010.10.01 14:05:46.770,0.808,0.80825,8.60,4.20
2010.10.01 14:05:47.121,0.80805,0.8082,1.00,1.00
2010.10.01 14:05:47.536,0.80805,0.80825,1.00,4.20
2010.10.01 14:05:47.906,0.80805,0.80825,1.60,2.40
2010.10.01 14:05:48.692,0.80805,0.80825,1.80,2.50
2010.10.01 14:05:49.046,0.8081,0.80835,1.30,11.20
2010.10.01 14:05:49.795,0.80815,0.80835,4.00,3.20
2010.10.01 14:05:50.156,0.8081,0.80825,1.00,1.00
2010.10.01 14:05:50.830,0.80805,0.80825,8.00,1.80
2010.10.01 14:05:51.180,0.80805,0.80825,1.40,3.20
2010.10.01 14:05:51.954,0.8081,0.8083,3.40,9.80
2010.10.01 14:05:52.312,0.8081,0.8083,2.60,1.80
2010.10.01 14:05:52.808,0.80805,0.8083,14.20,1.80
2010.10.01 14:05:53.126,0.8081,0.8083,2.40,9.70
2010.10.01 14:05:53.761,0.8081,0.8083,2.40,1.10
2010.10.01 14:05:54.241,0.80815,0.80835,1.80,8.20
2010.10.01 14:05:54.711,0.80815,0.8083,3.40,8.00
2010.10.01 14:05:55.078,0.80815,0.80835,6.60,8.00
2010.10.01 14:05:55.570,0.80815,0.80835,7.40,4.00
2010.10.01 14:05:56.790,0.8083,0.8085,2.40,12.00
2010.10.01 14:05:57.559,0.8083,0.8085,1.00,1.00
2010.10.01 14:05:57.894,0.8083,0.80855,5.20,4.70
2010.10.01 14:05:58.363,0.80835,0.80855,1.00,3.90
2010.10.01 14:05:58.719,0.8086,0.80865,1.00,12.80
2010.10.01 14:05:59.622,0.8086,0.80865,1.00,8.00
2010.10.01 14:05:59.958,0.8086,0.80885,2.80,11.40
2010.10.01 14:06:00.710,0.8086,0.8088,8.10,1.60
2010.10.01 14:06:01.748,0.8086,0.8088,8.20,1.60
2010.10.01 14:06:02.542,0.80875,0.80885,1.00,8.00
2010.10.01 14:06:03.213,0.80875,0.80885,2.60,8.00
2010.10.01 14:06:03.567,0.80875,0.8089,1.00,8.00
2010.10.01 14:06:04.370,0.8087,0.8089,5.20,1.00
2010.10.01 14:06:04.718,0.8087,0.8089,8.20,1.00
2010.10.01 14:06:05.485,0.8087,0.8089,4.10,1.60
2010.10.01 14:06:05.837,0.8087,0.8089,4.00,1.60
2010.10.01 14:06:06.608,0.8088,0.80885,1.00,4.00
2010.10.01 14:06:07.186,0.8088,0.80885,1.00,8.00
2010.10.01 14:06:07.545,0.80875,0.8089,2.70,9.60
2010.10.01 14:06:08.015,0.80875,0.8089,2.70,8.80
2010.10.01 14:06:08.378,0.80875,0.80895,4.00,8.00
2010.10.01 14:06:09.158,0.80875,0.80895,7.60,1.60
2010.10.01 14:06:10.152,0.80875,0.80895,10.40,2.40
2010.10.01 14:06:10.867,0.8088,0.80895,2.40,1.00
2010.10.01 14:06:11.201,0.80875,0.80895,1.20,1.00
2010.10.01 14:06:11.717,0.8088,0.80895,1.00,1.00
2010.10.01 14:06:12.076,0.80885,0.80905,1.00,10.60
2010.10.01 14:06:12.661,0.80895,0.809,1.00,4.00
2010.10.01 14:06:13.244,0.80885,0.809,1.80,8.00
2010.10.01 14:06:13.728,0.80885,0.809,1.20,8.00
2010.10.01 14:06:14.261,0.80875,0.809,10.60,4.00
2010.10.01 14:06:15.341,0.80875,0.809,14.80,1.00
2010.10.01 14:06:15.880,0.80885,0.80895,8.00,4.70
2010.10.01 14:06:16.273,0.80885,0.80895,8.00,1.00
2010.10.01 14:06:16.740,0.8088,0.809,8.00,1.90
2010.10.01 14:06:17.105,0.80885,0.809,4.00,2.30
2010.10.01 14:06:17.886,0.8088,0.80905,1.00,12.70
2010.10.01 14:06:18.635,0.8088,0.809,1.00,8.00
2010.10.01 14:06:18.985,0.8088,0.80895,1.00,8.00
2010.10.01 14:06:19.425,0.8088,0.80895,1.00,4.00
2010.10.01 14:06:19.764,0.80875,0.809,13.80,3.50
2010.10.01 14:06:20.532,0.80875,0.80895,8.80,1.00
2010.10.01 14:06:20.890,0.80875,0.80895,8.80,1.00
2010.10.01 14:06:21.624,0.80875,0.80895,8.80,1.70
2010.10.01 14:06:21.977,0.80875,0.80885,4.00,1.00
2010.10.01 14:06:22.732,0.8087,0.80885,6.60,1.00
2010.10.01 14:06:23.104,0.8088,0.80895,2.40,8.90
2010.10.01 14:06:23.858,0.8088,0.80895,2.40,1.00
2010.10.01 14:06:24.174,0.8088,0.809,3.40,2.40
2010.10.01 14:06:24.980,0.8088,0.80895,3.20,1.00
2010.10.01 14:06:26.322,0.8089,0.80905,1.00,1.00
2010.10.01 14:06:26.979,0.8089,0.8091,2.60,1.60
2010.10.01 14:06:27.221,0.8089,0.8091,4.40,1.00
2010.10.01 14:06:28.445,0.8091,0.80915,1.00,10.60
2010.10.01 14:06:28.644,0.8091,0.8093,1.00,2.30
2010.10.01 14:06:29.184,0.80915,0.8093,2.40,1.70
2010.10.01 14:06:29.431,0.80915,0.8093,2.40,1.00
2010.10.01 14:06:29.788,0.80915,0.8093,2.40,1.00
2010.10.01 14:06:30.550,0.80915,0.8093,2.40,1.00
2010.10.01 14:06:30.895,0.8091,0.8093,10.70,1.00
2010.10.01 14:06:31.711,0.80915,0.80935,1.00,5.60
2010.10.01 14:06:33.259,0.8091,0.8093,11.40,1.60
2010.10.01 14:06:34.080,0.80905,0.80915,4.00,1.60
2010.10.01 14:06:34.146,0.809,0.80915,1.00,1.60
2010.10.01 14:06:35.243,0.809,0.80915,8.30,1.60
2010.10.01 14:06:35.466,0.809,0.80915,1.00,1.60
2010.10.01 14:06:36.122,0.80875,0.8088,4.00,1.00
2010.10.01 14:06:38.074,0.8085,0.80865,4.00,1.00
2010.10.01 14:06:38.537,0.8085,0.8087,4.00,1.70
2010.10.01 14:06:38.649,0.80845,0.80865,11.20,1.00
2010.10.01 14:06:40.555,0.80855,0.80875,3.40,1.70
2010.10.01 14:06:41.081,0.80855,0.80875,3.60,3.40
2010.10.01 14:06:41.406,0.8086,0.80875,1.00,1.00
2010.10.01 14:06:41.828,0.8087,0.8088,1.00,10.40
2010.10.01 14:06:42.211,0.80875,0.8088,3.40,4.00
2010.10.01 14:06:42.757,0.80885,0.80905,1.00,4.00
2010.10.01 14:06:43.142,0.80885,0.80895,4.10,4.00
2010.10.01 14:06:43.914,0.80885,0.809,4.10,4.00
2010.10.01 14:06:44.660,0.80885,0.80905,1.00,4.20
2010.10.01 14:06:44.684,0.80885,0.809,1.00,1.00
2010.10.01 14:06:45.468,0.80875,0.80895,9.80,4.10
2010.10.01 14:06:45.956,0.80875,0.8089,4.00,1.70
2010.10.01 14:06:46.303,0.80885,0.80895,6.10,8.00
2010.10.01 14:06:46.771,0.80885,0.80895,7.00,8.00
2010.10.01 14:06:47.154,0.8089,0.8091,1.00,6.40
2010.10.01 14:06:47.934,0.8089,0.8091,1.00,8.10
2010.10.01 14:06:48.295,0.80895,0.8091,1.00,4.00
2010.10.01 14:06:49.052,0.80895,0.8091,5.80,1.00
2010.10.01 14:06:49.406,0.8089,0.80905,4.00,1.00
2010.10.01 14:06:50.260,0.80885,0.8091,11.60,1.80
2010.10.01 14:06:50.603,0.80885,0.8091,10.80,2.60
2010.10.01 14:06:51.059,0.80885,0.8091,10.90,2.60
2010.10.01 14:06:51.415,0.80885,0.8091,10.80,5.90
2010.10.01 14:06:51.755,0.80885,0.80905,9.60,3.20
2010.10.01 14:06:52.531,0.8088,0.80905,9.20,6.50
2010.10.01 14:06:52.879,0.8088,0.80905,9.20,6.40
2010.10.01 14:06:53.650,0.8088,0.80905,5.20,15.30
2010.10.01 14:06:53.997,0.8088,0.80905,1.20,15.30
2010.10.01 14:06:54.796,0.8089,0.80905,3.40,8.00
2010.10.01 14:06:55.550,0.8089,0.80905,1.00,8.00
2010.10.01 14:06:55.911,0.8089,0.80915,1.40,12.00
2010.10.01 14:06:56.503,0.8089,0.80915,10.20,3.20
2010.10.01 14:06:56.855,0.809,0.80915,1.00,8.00
2010.10.01 14:06:57.566,0.809,0.80915,5.10,4.00
2010.10.01 14:06:57.930,0.809,0.8092,8.00,5.80
2010.10.01 14:06:58.581,0.809,0.8091,4.00,1.00
2010.10.01 14:06:58.883,0.809,0.8091,4.00,1.80
2010.10.01 14:06:59.905,0.80885,0.80905,1.60,1.60
2010.10.01 14:07:00.653,0.8088,0.809,9.80,1.00
2010.10.01 14:07:00.995,0.80885,0.809,1.00,1.00
2010.10.01 14:07:01.353,0.8088,0.809,1.00,4.20
2010.10.01 14:07:01.776,0.80875,0.809,13.00,4.20
2010.10.01 14:07:02.571,0.80875,0.8089,8.00,2.40
2010.10.01 14:07:03.174,0.80865,0.80885,4.40,1.00
2010.10.01 14:07:03.395,0.80865,0.80885,9.10,1.00
2010.10.01 14:07:04.260,0.8087,0.80885,1.00,3.20
2010.10.01 14:07:04.612,0.8087,0.80885,1.00,3.40
2010.10.01 14:07:05.374,0.80865,0.80885,4.10,5.00
2010.10.01 14:07:05.627,0.8086,0.8088,12.50,1.00
2010.10.01 14:07:05.884,0.8086,0.80885,12.60,7.50
2010.10.01 14:07:06.347,0.8086,0.80885,8.60,7.50
2010.10.01 14:07:06.693,0.8086,0.80885,12.60,5.90
2010.10.01 14:07:07.033,0.8086,0.8088,12.40,1.00
2010.10.01 14:07:07.736,0.8087,0.80885,1.00,3.20
2010.10.01 14:07:08.011,0.8088,0.80895,1.00,1.60
2010.10.01 14:07:09.560,0.80875,0.80895,2.00,1.60
2010.10.01 14:07:10.036,0.80875,0.80895,4.60,1.60
2010.10.01 14:07:10.367,0.8088,0.809,4.00,2.40
2010.10.01 14:07:10.688,0.8088,0.809,4.10,2.40
2010.10.01 14:07:11.107,0.8088,0.809,4.10,4.80
2010.10.01 14:07:11.472,0.80875,0.80895,10.00,2.60
2010.10.01 14:07:12.583,0.80875,0.80895,6.80,2.60
2010.10.01 14:07:12.936,0.80885,0.809,1.00,4.20
2010.10.01 14:07:13.700,0.80885,0.809,1.00,1.00
2010.10.01 14:07:15.079,0.80885,0.80895,1.00,2.60
2010.10.01 14:07:16.176,0.8088,0.8089,1.00,1.00
2010.10.01 14:07:16.929,0.80875,0.80885,1.00,1.00
2010.10.01 14:07:17.272,0.8087,0.8089,4.30,2.40
2010.10.01 14:07:18.026,0.80875,0.80885,1.00,1.00
2010.10.01 14:07:18.770,0.80865,0.80885,8.10,1.00
2010.10.01 14:07:18.850,0.8086,0.8088,9.90,1.00
2010.10.01 14:07:19.857,0.8086,0.8088,8.30,1.00
2010.10.01 14:07:20.196,0.8086,0.8088,1.00,2.60
2010.10.01 14:07:20.970,0.8086,0.8088,1.00,2.60
2010.10.01 14:07:21.322,0.8086,0.8088,1.00,2.60
2010.10.01 14:07:22.410,0.80855,0.8088,10.70,6.60
2010.10.01 14:07:23.521,0.8086,0.8088,1.00,6.60
2010.10.01 14:07:23.827,0.80855,0.8088,10.70,6.60
2010.10.01 14:07:24.832,0.8086,0.8088,1.00,1.80
2010.10.01 14:07:25.165,0.80865,0.80885,2.40,10.40
2010.10.01 14:07:25.607,0.80865,0.80885,3.50,9.60
2010.10.01 14:07:25.951,0.8088,0.80895,4.80,1.60
2010.10.01 14:07:26.285,0.8088,0.80895,6.00,1.60
2010.10.01 14:07:27.094,0.8088,0.80905,6.00,7.50
2010.10.01 14:07:27.409,0.8088,0.80905,5.10,9.80
2010.10.01 14:07:28.186,0.8088,0.809,4.00,1.80
2010.10.01 14:07:28.540,0.80875,0.80895,1.70,1.60
2010.10.01 14:07:29.252,0.80875,0.80895,1.00,3.20
2010.10.01 14:07:29.601,0.80875,0.80895,1.00,11.40
2010.10.01 14:07:31.340,0.80875,0.80895,1.00,12.20
2010.10.01 14:07:32.087,0.8087,0.80895,1.20,13.90
2010.10.01 14:07:32.446,0.8087,0.80895,3.80,10.50
2010.10.01 14:07:32.620,0.8087,0.80895,10.00,6.70
2010.10.01 14:07:33.069,0.80875,0.80895,1.00,2.40
2010.10.01 14:07:33.262,0.8089,0.80905,1.00,1.60
2010.10.01 14:07:33.436,0.8089,0.80905,1.00,1.60
2010.10.01 14:07:33.951,0.8089,0.80905,1.00,1.60
2010.10.01 14:07:34.315,0.8089,0.8091,4.30,1.60
2010.10.01 14:07:35.084,0.8089,0.8091,4.30,6.60
2010.10.01 14:07:35.446,0.8089,0.80905,1.00,1.60
2010.10.01 14:07:36.991,0.8089,0.8091,4.60,8.00
2010.10.01 14:07:37.159,0.8089,0.80915,12.60,5.80
2010.10.01 14:07:37.841,0.8089,0.80915,12.50,5.80
2010.10.01 14:07:38.020,0.8089,0.80915,13.40,8.20
2010.10.01 14:07:38.371,0.80895,0.80915,1.00,3.40
2010.10.01 14:07:39.147,0.8089,0.8091,8.20,1.00
2010.10.01 14:07:39.498,0.8089,0.8091,1.00,5.80
2010.10.01 14:07:40.304,0.8089,0.809,1.00,1.00
2010.10.01 14:07:41.104,0.80885,0.80895,8.00,2.60
2010.10.01 14:07:41.442,0.8087,0.80895,5.00,17.00
2010.10.01 14:07:42.179,0.8087,0.8089,1.00,8.80
2010.10.01 14:07:42.538,0.8087,0.8089,2.40,2.50
2010.10.01 14:07:42.882,0.80875,0.80895,8.90,4.80
2010.10.01 14:07:43.294,0.80875,0.80895,12.90,1.00
2010.10.01 14:07:43.644,0.80875,0.809,16.10,2.40
2010.10.01 14:07:44.834,0.8088,0.809,8.00,2.40
2010.10.01 14:07:45.194,0.8088,0.809,1.00,1.60
2010.10.01 14:07:45.956,0.80885,0.809,1.00,1.00
2010.10.01 14:07:46.197,0.80885,0.80905,10.50,1.60
2010.10.01 14:07:46.431,0.8089,0.8091,1.10,1.60
2010.10.01 14:07:47.086,0.8089,0.80915,8.20,4.60
2010.10.01 14:07:47.875,0.8089,0.8091,8.00,3.20
2010.10.01 14:07:48.233,0.8089,0.80905,1.00,1.60
2010.10.01 14:07:48.989,0.8089,0.80905,1.00,1.80
2010.10.01 14:07:49.350,0.80885,0.80905,8.00,7.00
2010.10.01 14:07:49.974,0.80885,0.809,4.00,1.00
2010.10.01 14:07:50.343,0.80885,0.809,1.00,1.00
2010.10.01 14:07:51.090,0.80885,0.80905,1.00,7.00
2010.10.01 14:07:51.448,0.8089,0.80915,4.60,8.30
2010.10.01 14:07:51.777,0.80895,0.80915,4.10,4.20
2010.10.01 14:07:52.207,0.80895,0.80915,4.10,3.40
2010.10.01 14:07:52.539,0.80905,0.80925,1.00,11.20
2010.10.01 14:07:52.891,0.80905,0.80925,1.00,6.40
2010.10.01 14:07:53.605,0.80905,0.8092,1.20,1.00
2010.10.01 14:07:53.892,0.80905,0.80925,1.00,10.60
2010.10.01 14:07:54.188,0.80905,0.80925,1.20,8.80
2010.10.01 14:07:54.883,0.8091,0.80925,1.00,2.40
2010.10.01 14:07:55.620,0.8091,0.80925,1.00,2.40
2010.10.01 14:07:55.674,0.8091,0.80925,1.00,2.40
2010.10.01 14:07:56.038,0.80905,0.80925,1.40,3.20
2010.10.01 14:07:56.595,0.80905,0.80925,1.40,1.00
2010.10.01 14:07:56.952,0.80905,0.8092,4.80,1.00
2010.10.01 14:07:57.472,0.80905,0.80925,4.80,2.40
2010.10.01 14:07:57.842,0.80905,0.8092,4.00,3.40
2010.10.01 14:07:58.193,0.809,0.8092,8.10,5.00
2010.10.01 14:07:58.956,0.809,0.80915,8.00,1.80
2010.10.01 14:07:59.316,0.80895,0.8091,10.50,1.00
2010.10.01 14:07:59.913,0.80895,0.8091,9.70,1.00
2010.10.01 14:08:00.280,0.80895,0.8091,4.00,1.00
2010.10.01 14:08:00.627,0.8089,0.8091,1.00,1.00
2010.10.01 14:08:01.062,0.8089,0.8091,2.80,1.00
2010.10.01 14:08:01.352,0.8089,0.8091,3.50,1.00
2010.10.01 14:08:01.622,0.8089,0.8091,1.10,1.00
2010.10.01 14:08:02.499,0.8089,0.8091,1.20,1.00
2010.10.01 14:08:03.255,0.80895,0.8092,5.80,12.10
2010.10.01 14:08:03.578,0.80905,0.8092,1.00,4.20
2010.10.01 14:08:03.906,0.80905,0.8092,1.00,4.20
2010.10.01 14:08:04.343,0.80905,0.80915,1.00,3.40
2010.10.01 14:08:04.699,0.80905,0.8092,5.20,4.00
2010.10.01 14:08:05.427,0.80905,0.80925,1.00,6.60
2010.10.01 14:08:05.795,0.809,0.8091,4.00,1.00
2010.10.01 14:08:06.577,0.80895,0.8091,8.80,1.00
2010.10.01 14:08:06.935,0.80895,0.8092,3.40,12.30
2010.10.01 14:08:07.707,0.80895,0.8092,7.60,6.50
2010.10.01 14:08:08.069,0.809,0.8092,4.80,1.60
2010.10.01 14:08:08.785,0.809,0.8092,4.90,1.60
2010.10.01 14:08:09.140,0.809,0.8092,1.00,1.60
2010.10.01 14:08:10.338,0.809,0.80915,1.00,1.00
2010.10.01 14:08:11.040,0.80895,0.80905,8.00,2.20
2010.10.01 14:08:11.396,0.80885,0.80905,3.50,8.20
2010.10.01 14:08:12.156,0.80885,0.8091,11.70,2.60
2010.10.01 14:08:12.503,0.8089,0.8091,1.00,2.20
2010.10.01 14:08:13.191,0.8089,0.8091,1.00,3.00
2010.10.01 14:08:13.596,0.8089,0.8091,1.00,2.40
2010.10.01 14:08:13.907,0.80885,0.80905,1.00,3.20
2010.10.01 14:08:14.201,0.8089,0.80905,1.00,4.80
2010.10.01 14:08:14.953,0.8089,0.80905,1.00,6.40
2010.10.01 14:08:15.308,0.80885,0.8091,14.10,5.00
2010.10.01 14:08:15.634,0.8089,0.8091,1.00,5.00
2010.10.01 14:08:16.414,0.8089,0.80915,1.30,12.20
2010.10.01 14:08:16.698,0.80895,0.80915,1.00,12.20
2010.10.01 14:08:16.982,0.80895,0.8091,1.00,1.00
2010.10.01 14:08:17.484,0.80895,0.8091,1.00,2.60
2010.10.01 14:08:17.851,0.8089,0.8091,1.10,3.40
2010.10.01 14:08:18.190,0.8089,0.8091,1.10,3.40
2010.10.01 14:08:18.977,0.809,0.8092,3.40,8.80
2010.10.01 14:08:19.336,0.809,0.8092,1.80,5.00
2010.10.01 14:08:19.796,0.809,0.8092,1.00,7.40
2010.10.01 14:08:20.168,0.80895,0.80915,3.50,1.00
2010.10.01 14:08:21.233,0.80895,0.80915,2.00,1.80
2010.10.01 14:08:21.559,0.80895,0.80915,1.20,1.80
2010.10.01 14:08:22.299,0.80895,0.80915,1.00,3.40
2010.10.01 14:08:22.641,0.8089,0.8091,9.20,1.00
2010.10.01 14:08:23.308,0.80895,0.8091,8.00,1.00
2010.10.01 14:08:23.674,0.80895,0.80915,1.00,7.40
2010.10.01 14:08:24.435,0.809,0.80915,1.00,3.40
2010.10.01 14:08:25.551,0.80895,0.80915,4.10,3.40
2010.10.01 14:08:26.253,0.809,0.80915,1.00,3.40
2010.10.01 14:08:27.054,0.809,0.8092,1.20,2.40
2010.10.01 14:08:27.824,0.809,0.80925,5.20,8.30
2010.10.01 14:08:28.187,0.809,0.80925,5.20,8.20
2010.10.01 14:08:28.540,0.80905,0.80925,1.00,8.20
2010.10.01 14:08:29.266,0.80905,0.80925,1.00,7.40
2010.10.01 14:08:29.627,0.809,0.80925,9.20,7.50
2010.10.01 14:08:30.367,0.80905,0.80925,1.00,3.40
2010.10.01 14:08:30.728,0.80905,0.80925,1.00,3.40
2010.10.01 14:08:31.496,0.80905,0.80925,1.00,3.40
2010.10.01 14:08:31.843,0.809,0.8092,4.30,1.00
2010.10.01 14:08:32.572,0.80905,0.8092,1.00,1.00
2010.10.01 14:08:33.274,0.80905,0.8092,1.00,1.00
2010.10.01 14:08:33.853,0.809,0.8092,8.40,1.00
2010.10.01 14:08:34.182,0.80905,0.80925,1.00,17.00
2010.10.01 14:08:34.933,0.809,0.8092,1.00,1.00
2010.10.01 14:08:35.276,0.809,0.8092,4.40,1.00
2010.10.01 14:08:36.912,0.809,0.8092,4.30,1.00
2010.10.01 14:08:37.795,0.80905,0.8092,1.00,1.00
2010.10.01 14:08:38.299,0.80905,0.80915,1.00,1.00
2010.10.01 14:08:39.068,0.809,0.80915,2.40,4.00
2010.10.01 14:08:39.401,0.80895,0.8091,8.20,1.00
2010.10.01 14:08:39.828,0.80895,0.8091,8.00,1.00
2010.10.01 14:08:40.180,0.8089,0.8091,5.20,1.00
2010.10.01 14:08:40.919,0.8089,0.8091,5.00,1.00
2010.10.01 14:08:41.258,0.8089,0.80915,1.80,16.70
2010.10.01 14:08:42.003,0.8089,0.8091,12.40,1.00
2010.10.01 14:08:42.330,0.8089,0.8091,1.00,8.00
2010.10.01 14:08:43.013,0.8089,0.8091,1.00,1.00
2010.10.01 14:08:43.708,0.8089,0.80915,2.00,11.50
2010.10.01 14:08:44.040,0.8089,0.80915,6.00,11.50
2010.10.01 14:08:44.247,0.80895,0.80915,1.00,12.60
2010.10.01 14:08:44.457,0.80895,0.80915,1.00,16.60
2010.10.01 14:08:44.662,0.80895,0.80905,1.00,1.60
2010.10.01 14:08:45.248,0.80895,0.80915,1.00,6.40
2010.10.01 14:08:45.514,0.80895,0.8091,1.00,1.00
2010.10.01 14:08:46.767,0.80895,0.80915,1.00,6.60
2010.10.01 14:08:47.515,0.809,0.80915,1.00,1.00
2010.10.01 14:08:47.815,0.8091,0.80925,2.40,3.20
2010.10.01 14:08:48.516,0.80905,0.8092,8.00,1.00
2010.10.01 14:08:48.820,0.809,0.8092,1.00,1.00
2010.10.01 14:08:50.233,0.80905,0.80925,1.10,10.40
2010.10.01 14:08:50.542,0.8091,0.80925,1.00,13.00
2010.10.01 14:08:51.243,0.809,0.8092,7.50,1.00
2010.10.01 14:08:51.562,0.809,0.8092,1.00,1.00
2010.10.01 14:08:51.878,0.809,0.8092,1.00,9.00
2010.10.01 14:08:52.861,0.809,0.8092,1.00,9.80
2010.10.01 14:08:53.205,0.809,0.8092,1.00,9.80
2010.10.01 14:08:53.545,0.809,0.80915,1.00,1.60
2010.10.01 14:08:53.790,0.809,0.8092,4.30,5.60
2010.10.01 14:08:54.416,0.809,0.80925,4.30,14.60
2010.10.01 14:08:54.661,0.809,0.80925,8.30,14.60
2010.10.01 14:08:54.944,0.809,0.80915,3.20,1.00
2010.10.01 14:08:55.608,0.809,0.80915,1.00,1.00
2010.10.01 14:08:55.866,0.80895,0.80915,1.00,10.60
2010.10.01 14:08:56.120,0.8089,0.80915,6.10,13.80
2010.10.01 14:08:57.075,0.80895,0.80915,8.00,1.70
2010.10.01 14:08:57.417,0.8089,0.80915,10.20,3.30
2010.10.01 14:08:57.842,0.80895,0.80915,4.00,3.30
2010.10.01 14:08:58.133,0.80895,0.80915,8.00,3.30
2010.10.01 14:08:58.421,0.80895,0.80915,8.90,2.40
2010.10.01 14:08:59.080,0.80895,0.80915,9.30,1.00
2010.10.01 14:08:59.438,0.80895,0.8091,1.00,2.40
2010.10.01 14:09:00.639,0.8089,0.8091,4.30,2.40
2010.10.01 14:09:01.417,0.8089,0.8091,4.30,2.60
2010.10.01 14:09:01.749,0.80895,0.8091,1.00,2.60
2010.10.01 14:09:02.078,0.8089,0.809,1.00,1.00
2010.10.01 14:09:03.206,0.80885,0.809,5.20,1.00
2010.10.01 14:09:03.928,0.80885,0.80905,5.30,5.80
2010.10.01 14:09:04.281,0.80885,0.80905,10.20,1.00
2010.10.01 14:09:05.017,0.8089,0.80905,1.00,2.60
2010.10.01 14:09:05.353,0.8089,0.80905,1.00,2.60
2010.10.01 14:09:05.974,0.8089,0.80905,1.00,2.40
2010.10.01 14:09:06.893,0.8089,0.8091,1.20,3.20
2010.10.01 14:09:06.995,0.8089,0.8091,3.40,1.00
2010.10.01 14:09:07.538,0.8089,0.8091,3.60,1.00
2010.10.01 14:09:07.646,0.8089,0.80915,8.60,8.80
2010.10.01 14:09:07.743,0.809,0.80915,1.00,8.80
2010.10.01 14:09:07.845,0.809,0.80915,1.00,10.40
2010.10.01 14:09:08.621,0.809,0.8092,2.60,6.40
2010.10.01 14:09:08.974,0.80905,0.8092,1.00,2.40
2010.10.01 14:09:09.417,0.809,0.8092,6.20,2.40
2010.10.01 14:09:09.770,0.809,0.8092,1.00,3.40
2010.10.01 14:09:10.522,0.80895,0.80915,15.60,1.00
2010.10.01 14:09:10.874,0.80895,0.80915,13.20,1.00
2010.10.01 14:09:12.316,0.80895,0.8091,3.20,1.00
2010.10.01 14:09:12.620,0.8089,0.8091,1.00,1.00
2010.10.01 14:09:13.263,0.8089,0.8091,1.00,8.00
2010.10.01 14:09:13.560,0.80885,0.80905,4.80,7.40
2010.10.01 14:09:13.852,0.80885,0.809,1.00,1.00
2010.10.01 14:09:14.525,0.80885,0.809,1.00,1.60
2010.10.01 14:09:14.889,0.8088,0.809,8.30,1.60
2010.10.01 14:09:16.036,0.80885,0.809,1.00,1.60
2010.10.01 14:09:16.774,0.80885,0.80905,1.00,6.60
2010.10.01 14:09:17.120,0.80885,0.80905,8.10,6.60
2010.10.01 14:09:18.193,0.80885,0.80905,8.10,5.80
2010.10.01 14:09:18.523,0.80885,0.80905,9.20,5.00
2010.10.01 14:09:19.258,0.8089,0.80905,1.00,5.00
2010.10.01 14:09:19.626,0.809,0.8092,12.60,1.60
2010.10.01 14:09:20.391,0.80905,0.80925,5.70,6.60
2010.10.01 14:09:20.742,0.80905,0.80925,8.00,6.70
2010.10.01 14:09:21.090,0.80905,0.80925,10.20,5.60
2010.10.01 14:09:21.767,0.80915,0.8093,8.00,1.00
2010.10.01 14:09:22.058,0.80915,0.80925,8.00,1.00
2010.10.01 14:09:22.770,0.80915,0.80925,8.00,2.40
2010.10.01 14:09:23.063,0.80905,0.80925,4.50,1.60
2010.10.01 14:09:23.780,0.80905,0.80925,12.60,1.60
2010.10.01 14:09:24.129,0.8091,0.80925,1.00,1.60
2010.10.01 14:09:24.477,0.80905,0.80925,12.60,1.60
2010.10.01 14:09:25.242,0.80905,0.80925,12.50,1.60
2010.10.01 14:09:25.514,0.8091,0.80925,1.00,1.60
2010.10.01 14:09:26.455,0.80905,0.80925,12.50,1.60
2010.10.01 14:09:26.809,0.8091,0.80925,1.00,1.60
2010.10.01 14:09:27.832,0.80905,0.80925,9.00,1.60
2010.10.01 14:09:28.147,0.8091,0.80925,1.00,1.60
2010.10.01 14:09:29.228,0.80905,0.8092,9.60,1.00
2010.10.01 14:09:29.562,0.80905,0.8092,8.00,1.00
2010.10.01 14:09:30.248,0.809,0.8092,4.40,1.00
2010.10.01 14:09:30.575,0.80905,0.80925,2.60,9.60
2010.10.01 14:09:30.905,0.80905,0.80925,1.00,3.40
2010.10.01 14:09:31.324,0.80905,0.80925,1.00,7.40
2010.10.01 14:09:31.676,0.809,0.8092,1.20,1.00
2010.10.01 14:09:32.420,0.809,0.8092,1.00,8.90
2010.10.01 14:09:32.766,0.80895,0.8091,4.40,2.60
2010.10.01 14:09:33.098,0.80895,0.8091,1.00,4.20
2010.10.01 14:09:33.877,0.80885,0.80905,1.60,7.80
2010.10.01 14:09:34.627,0.80885,0.80905,1.60,7.40
2010.10.01 14:09:34.997,0.8089,0.8091,5.10,1.00
2010.10.01 14:09:35.732,0.8089,0.8091,6.70,3.40
2010.10.01 14:09:36.088,0.80895,0.80915,1.00,4.20
2010.10.01 14:09:36.441,0.80895,0.80915,9.30,1.00
2010.10.01 14:09:37.181,0.80895,0.80915,10.00,1.00
2010.10.01 14:09:37.512,0.80895,0.80915,10.00,1.80
2010.10.01 14:09:37.846,0.80905,0.8092,1.00,4.00
2010.10.01 14:09:38.435,0.8091,0.8092,2.40,1.00
2010.10.01 14:09:38.674,0.80905,0.80925,13.00,1.60
2010.10.01 14:09:39.458,0.80905,0.80925,13.10,1.60
2010.10.01 14:09:39.808,0.80905,0.80925,12.00,1.80
2010.10.01 14:09:40.552,0.80905,0.8092,8.10,3.40
2010.10.01 14:09:40.848,0.809,0.8092,4.00,5.00
2010.10.01 14:09:41.838,0.80905,0.8092,1.00,5.00
2010.10.01 14:09:42.148,0.809,0.8092,8.00,5.00
2010.10.01 14:09:42.464,0.809,0.80915,1.00,1.00
2010.10.01 14:09:43.402,0.8089,0.8091,1.00,5.40
2010.10.01 14:09:43.736,0.8089,0.8091,1.00,13.40
2010.10.01 14:09:44.478,0.8089,0.8091,1.00,11.00
2010.10.01 14:09:44.770,0.80885,0.80905,14.10,1.00
2010.10.01 14:09:45.054,0.80885,0.80905,10.10,1.00
2010.10.01 14:09:45.618,0.8089,0.80905,2.60,1.00
2010.10.01 14:09:46.092,0.8089,0.8091,3.40,5.70
2010.10.01 14:09:46.354,0.80895,0.80915,5.00,3.20
2010.10.01 14:09:46.590,0.80895,0.80915,9.00,3.20
2010.10.01 14:09:47.338,0.80895,0.80915,9.00,3.20
2010.10.01 14:09:47.659,0.80895,0.80915,10.60,1.60
2010.10.01 14:09:48.542,0.80895,0.80915,10.40,1.00
2010.10.01 14:09:48.889,0.809,0.8092,7.20,3.20
2010.10.01 14:09:49.344,0.809,0.8092,7.20,1.60
2010.10.01 14:09:49.696,0.809,0.8092,4.00,4.60
2010.10.01 14:09:49.981,0.80895,0.8092,9.80,4.60
2010.10.01 14:09:50.606,0.80895,0.80915,9.80,4.00
2010.10.01 14:09:50.896,0.8089,0.80915,12.30,8.20
2010.10.01 14:09:51.253,0.80895,0.80915,1.00,8.20
2010.10.01 14:09:53.407,0.8089,0.80915,11.60,8.30
2010.10.01 14:09:53.716,0.80895,0.80915,1.00,8.20
2010.10.01 14:09:54.849,0.8089,0.80915,11.60,8.30
2010.10.01 14:09:55.779,0.8089,0.8091,6.90,1.00
2010.10.01 14:09:56.051,0.80895,0.8091,1.00,1.00
2010.10.01 14:09:56.809,0.8089,0.80915,10.70,6.60
2010.10.01 14:09:57.165,0.80885,0.80905,11.50,1.00
2010.10.01 14:09:57.583,0.80885,0.80905,9.10,3.40
2010.10.01 14:09:57.946,0.80885,0.80905,1.20,5.00
2010.10.01 14:09:59.074,0.8089,0.80905,1.00,9.00
2010.10.01 14:10:00.372,0.80885,0.80905,1.10,12.20
2010.10.01 14:10:00.667,0.8089,0.80905,1.00,6.40
2010.10.01 14:10:01.361,0.8089,0.8091,6.70,1.00
2010.10.01 14:10:01.624,0.8089,0.8091,7.60,1.00
2010.10.01 14:10:01.878,0.8089,0.8091,1.00,3.40
2010.10.01 14:10:02.551,0.8089,0.8091,1.00,4.20
2010.10.01 14:10:02.909,0.80885,0.8091,14.60,5.10
2010.10.01 14:10:03.259,0.80885,0.80905,13.00,1.40
2010.10.01 14:10:03.906,0.80885,0.809,10.40,1.00
2010.10.01 14:10:04.211,0.80875,0.80895,1.00,4.50
2010.10.01 14:10:04.507,0.8088,0.80895,1.00,3.40
2010.10.01 14:10:05.323,0.80875,0.80895,1.40,3.40
2010.10.01 14:10:05.670,0.8088,0.80895,1.00,3.40
2010.10.01 14:10:06.597,0.80875,0.80895,1.00,3.20
2010.10.01 14:10:06.866,0.80875,0.80895,1.90,1.60
2010.10.01 14:10:07.136,0.80875,0.80895,1.00,2.40
2010.10.01 14:10:07.582,0.80875,0.80895,1.00,1.60
2010.10.01 14:10:07.933,0.8087,0.8089,8.00,4.20
2010.10.01 14:10:08.268,0.80865,0.80885,9.60,5.00
2010.10.01 14:10:08.816,0.80865,0.80885,8.00,5.00
2010.10.01 14:10:09.176,0.8087,0.80885,2.40,2.40
2010.10.01 14:10:09.387,0.8087,0.80885,2.40,1.00
2010.10.01 14:10:09.598,0.8087,0.8089,7.60,1.00
2010.10.01 14:10:10.217,0.8087,0.80895,12.40,10.70
2010.10.01 14:10:10.541,0.8088,0.80895,1.00,7.40
2010.10.01 14:10:10.872,0.8088,0.80895,1.00,5.80
2010.10.01 14:10:11.493,0.80875,0.80895,1.00,5.80
2010.10.01 14:10:12.570,0.8088,0.80895,1.00,5.80
2010.10.01 14:10:12.927,0.80885,0.80905,1.00,18.60
2010.10.01 14:10:13.683,0.8088,0.80905,4.50,14.60
2010.10.01 14:10:14.034,0.80885,0.80905,8.80,1.80
2010.10.01 14:10:14.817,0.80885,0.80905,8.90,3.40
2010.10.01 14:10:15.594,0.80895,0.80915,2.40,9.60
2010.10.01 14:10:15.942,0.809,0.8091,1.00,8.00
2010.10.01 14:10:16.285,0.809,0.80915,1.00,4.00
2010.10.01 14:10:17.046,0.80905,0.8092,1.00,1.00
2010.10.01 14:10:17.345,0.809,0.8092,1.00,1.60
2010.10.01 14:10:17.817,0.809,0.8092,1.00,4.20
2010.10.01 14:10:18.132,0.809,0.8092,1.00,12.20
2010.10.01 14:10:18.482,0.80895,0.8092,8.30,15.80
2010.10.01 14:10:18.931,0.80895,0.8092,9.10,15.80
2010.10.01 14:10:19.305,0.809,0.80915,1.00,1.60
2010.10.01 14:10:20.075,0.809,0.8092,8.40,5.80
2010.10.01 14:10:20.427,0.80905,0.8092,1.00,2.60
2010.10.01 14:10:21.002,0.8091,0.8092,1.00,2.40
2010.10.01 14:10:21.354,0.80905,0.80925,11.60,4.20
2010.10.01 14:10:22.343,0.8091,0.80925,1.00,2.60
2010.10.01 14:10:22.694,0.8091,0.80925,1.00,2.40
2010.10.01 14:10:23.124,0.8091,0.8093,1.00,7.50
2010.10.01 14:10:23.475,0.8091,0.8093,3.00,8.80
2010.10.01 14:10:23.744,0.8091,0.8093,4.00,6.30
2010.10.01 14:10:24.312,0.8091,0.80925,4.00,1.00
2010.10.01 14:10:24.586,0.80905,0.8092,2.70,1.00
2010.10.01 14:10:25.356,0.809,0.8092,1.00,4.30
2010.10.01 14:10:25.716,0.809,0.8092,1.00,15.40
2010.10.01 14:10:26.075,0.80895,0.8092,6.20,11.50
2010.10.01 14:10:26.855,0.809,0.8092,2.80,10.50
2010.10.01 14:10:27.555,0.809,0.80915,1.00,1.00
2010.10.01 14:10:27.848,0.80905,0.8092,2.80,4.00
2010.10.01 14:10:28.586,0.80905,0.8092,5.80,1.00
2010.10.01 14:10:28.941,0.809,0.8092,7.70,1.00
2010.10.01 14:10:29.288,0.809,0.8092,7.60,1.00
2010.10.01 14:10:30.047,0.809,0.8092,7.60,1.00
2010.10.01 14:10:31.065,0.80905,0.80925,3.40,5.60
2010.10.01 14:10:31.409,0.80905,0.80925,13.00,1.60
2010.10.01 14:10:31.753,0.80905,0.80925,13.00,1.60
2010.10.01 14:10:32.804,0.80915,0.80935,1.00,16.30
2010.10.01 14:10:33.433,0.8091,0.8093,2.00,1.00
2010.10.01 14:10:33.728,0.8091,0.8093,1.20,3.80
2010.10.01 14:10:34.349,0.8091,0.8093,1.10,3.80
2010.10.01 14:10:34.630,0.8091,0.8093,1.00,3.90
2010.10.01 14:10:35.544,0.8091,0.8093,1.00,3.50
2010.10.01 14:10:38.395,0.80905,0.8093,11.60,2.60
2010.10.01 14:10:38.750,0.80905,0.80925,4.50,1.60
2010.10.01 14:10:39.313,0.80905,0.80925,4.60,1.60
2010.10.01 14:10:39.663,0.8091,0.8093,1.60,4.80
2010.10.01 14:10:40.163,0.8091,0.8093,1.90,4.00
2010.10.01 14:10:40.512,0.80915,0.80935,1.00,7.30
2010.10.01 14:10:41.314,0.80925,0.80935,1.00,4.00
2010.10.01 14:10:41.903,0.80925,0.80935,2.40,4.00
2010.10.01 14:10:42.735,0.8092,0.8094,1.60,8.00
2010.10.01 14:10:43.096,0.80925,0.8094,2.40,9.10
2010.10.01 14:10:43.863,0.8092,0.8093,8.00,1.00
2010.10.01 14:10:44.214,0.8091,0.8093,1.00,4.00
2010.10.01 14:10:45.088,0.80905,0.8093,6.00,7.00
2010.10.01 14:10:45.853,0.809,0.80925,3.40,10.60
2010.10.01 14:10:46.201,0.80905,0.80925,1.60,10.70
2010.10.01 14:10:46.941,0.80905,0.80925,1.60,14.60
2010.10.01 14:10:47.296,0.80905,0.8092,2.40,8.00
2010.10.01 14:10:48.122,0.8091,0.8092,1.40,4.00
2010.10.01 14:10:48.843,0.80915,0.80925,1.00,8.00
2010.10.01 14:10:49.582,0.8091,0.8093,1.00,4.00
2010.10.01 14:10:49.623,0.8091,0.8093,1.00,2.40
2010.10.01 14:10:49.981,0.8091,0.8093,1.30,9.60
2010.10.01 14:10:51.121,0.8091,0.8093,2.10,9.60
2010.10.01 14:10:51.472,0.80915,0.8093,2.60,5.60
2010.10.01 14:10:52.269,0.80915,0.8093,4.00,5.60
2010.10.01 14:10:52.539,0.8091,0.80925,2.40,1.00
2010.10.01 14:10:52.970,0.80905,0.80925,6.90,1.00
2010.10.01 14:10:53.239,0.80905,0.8092,1.00,1.00
2010.10.01 14:10:54.025,0.80895,0.80915,5.00,4.00
2010.10.01 14:10:54.381,0.80895,0.80915,11.60,1.00
2010.10.01 14:10:55.169,0.809,0.80915,2.40,1.00
2010.10.01 14:10:55.520,0.809,0.80915,2.40,1.00
2010.10.01 14:10:56.278,0.809,0.8091,1.00,2.60
2010.10.01 14:10:56.808,0.809,0.8091,1.00,1.00
2010.10.01 14:10:57.167,0.809,0.8092,4.10,1.00
2010.10.01 14:10:58.533,0.809,0.80915,1.00,1.60
2010.10.01 14:10:59.406,0.80895,0.809,4.00,1.80
2010.10.01 14:10:59.918,0.8089,0.80895,1.00,9.00
2010.10.01 14:11:00.658,0.8087,0.8089,1.00,9.00
2010.10.01 14:11:00.987,0.80865,0.8089,11.00,2.50
2010.10.01 14:11:02.070,0.8087,0.8089,1.00,2.50
2010.10.01 14:11:02.302,0.8087,0.8089,4.20,1.60
2010.10.01 14:11:02.732,0.8087,0.8089,8.20,1.60
2010.10.01 14:11:02.966,0.8087,0.8089,4.30,1.60
2010.10.01 14:11:04.341,0.80865,0.8088,14.80,1.00
2010.10.01 14:11:04.844,0.8086,0.8088,1.90,3.20
2010.10.01 14:11:05.131,0.8086,0.8088,9.90,1.00
2010.10.01 14:11:06.139,0.8086,0.8088,10.00,1.00
2010.10.01 14:11:06.901,0.8086,0.8088,1.10,5.80
2010.10.01 14:11:07.276,0.80855,0.8088,15.60,9.10
2010.10.01 14:11:07.615,0.8086,0.8088,1.00,10.40
2010.10.01 14:11:08.295,0.80865,0.8088,1.00,8.00
2010.10.01 14:11:08.570,0.8086,0.8088,4.30,3.40
2010.10.01 14:11:08.850,0.80865,0.80885,1.00,12.80
2010.10.01 14:11:09.291,0.80865,0.80885,2.70,12.80
2010.10.01 14:11:09.645,0.8086,0.8088,1.00,4.20
2010.10.01 14:11:10.341,0.8086,0.8088,1.00,12.20
2010.10.01 14:11:10.681,0.8086,0.8088,1.00,9.00
2010.10.01 14:11:11.355,0.80865,0.8088,1.00,13.00
2010.10.01 14:11:12.119,0.80865,0.8088,1.00,6.60
2010.10.01 14:11:12.492,0.80865,0.8088,1.00,2.60
2010.10.01 14:11:12.841,0.80865,0.8088,1.00,3.40
2010.10.01 14:11:13.645,0.8086,0.80875,8.00,2.60
2010.10.01 14:11:13.999,0.8086,0.8088,1.00,12.60
2010.10.01 14:11:14.456,0.8086,0.8088,1.00,11.80
2010.10.01 14:11:14.820,0.8086,0.80875,1.00,1.60
2010.10.01 14:11:16.286,0.80865,0.80875,1.00,1.60
2010.10.01 14:11:16.588,0.80865,0.80885,5.60,5.60
2010.10.01 14:11:17.355,0.8087,0.8089,1.00,5.00
2010.10.01 14:11:17.692,0.8087,0.80885,1.00,1.00
2010.10.01 14:11:18.431,0.80865,0.80885,11.00,3.20
2010.10.01 14:11:19.166,0.80875,0.8089,2.40,8.00
2010.10.01 14:11:19.524,0.80875,0.80895,2.40,6.40
2010.10.01 14:11:20.295,0.80875,0.80895,2.40,8.00
2010.10.01 14:11:20.652,0.80875,0.80895,3.20,1.60
2010.10.01 14:11:21.405,0.80875,0.80895,2.60,1.60
2010.10.01 14:11:21.774,0.80875,0.80895,4.80,1.90
2010.10.01 14:11:22.523,0.8087,0.8089,8.00,1.80
2010.10.01 14:11:22.875,0.80875,0.80885,8.00,2.60
2010.10.01 14:11:23.229,0.80865,0.80885,1.90,4.20
2010.10.01 14:11:23.922,0.80865,0.8088,4.00,1.00
2010.10.01 14:11:24.266,0.80855,0.80875,12.80,1.00
2010.10.01 14:11:25.253,0.80845,0.8087,14.10,9.40
2010.10.01 14:11:25.883,0.80845,0.80865,7.60,1.00
2010.10.01 14:11:26.118,0.80845,0.80865,7.60,1.00
2010.10.01 14:11:26.770,0.80845,0.8087,6.50,13.80
2010.10.01 14:11:27.129,0.8085,0.8087,1.00,9.00
2010.10.01 14:11:27.910,0.8085,0.80865,1.00,1.00
2010.10.01 14:11:28.267,0.80845,0.80865,1.10,1.00
2010.10.01 14:11:29.037,0.80845,0.80865,2.70,1.00
2010.10.01 14:11:29.403,0.80845,0.80865,2.80,8.00
2010.10.01 14:11:29.809,0.80845,0.80865,5.40,8.00
2010.10.01 14:11:30.394,0.80845,0.8087,2.00,13.10
2010.10.01 14:11:30.753,0.8085,0.8087,1.00,9.00
2010.10.01 14:11:31.511,0.80845,0.8087,3.50,13.00
2010.10.01 14:11:31.881,0.80855,0.80865,1.00,8.00
2010.10.01 14:11:32.849,0.80855,0.80875,5.20,4.00
2010.10.01 14:11:34.160,0.80855,0.8087,3.20,1.00
2010.10.01 14:11:34.518,0.80855,0.8088,7.80,12.00
2010.10.01 14:11:35.125,0.8086,0.80875,1.00,4.00
2010.10.01 14:11:35.492,0.8086,0.8088,1.00,12.80
2010.10.01 14:11:36.847,0.8086,0.8088,1.00,4.00
2010.10.01 14:11:37.065,0.80865,0.80885,1.00,8.20
2010.10.01 14:11:37.856,0.8086,0.80885,9.90,3.40
2010.10.01 14:11:38.607,0.8086,0.80885,9.10,4.20
2010.10.01 14:11:39.726,0.8086,0.80885,9.10,3.40
2010.10.01 14:11:40.099,0.8087,0.80885,1.00,3.40
2010.10.01 14:11:40.599,0.80865,0.80885,1.00,3.50
2010.10.01 14:11:40.953,0.80865,0.80885,5.00,4.80
2010.10.01 14:11:41.562,0.80865,0.8088,2.40,2.40
2010.10.01 14:11:41.930,0.80865,0.8088,8.00,1.00
2010.10.01 14:11:42.699,0.80855,0.8088,10.20,3.30
2010.10.01 14:11:43.065,0.8086,0.8088,1.00,4.90
2010.10.01 14:11:43.821,0.80865,0.8088,1.00,1.00
2010.10.01 14:11:44.175,0.80875,0.80885,2.40,8.00
2010.10.01 14:11:44.759,0.80875,0.80885,2.60,8.00
2010.10.01 14:11:45.118,0.80875,0.8089,1.00,1.00
2010.10.01 14:11:45.866,0.8087,0.8089,6.80,1.00
2010.10.01 14:11:46.659,0.8087,0.8089,1.00,4.80
2010.10.01 14:11:47.015,0.80875,0.8089,1.00,2.40
2010.10.01 14:11:47.808,0.80875,0.80895,8.50,1.60
2010.10.01 14:11:48.166,0.8088,0.809,5.20,8.80
2010.10.01 14:11:48.899,0.8088,0.809,10.10,4.00
2010.10.01 14:11:49.247,0.8088,0.80895,13.10,1.00
2010.10.01 14:11:49.582,0.80875,0.8089,3.60,1.00
2010.10.01 14:11:50.077,0.80875,0.8089,2.80,1.00
2010.10.01 14:11:50.413,0.80875,0.80895,11.00,2.40
2010.10.01 14:11:50.768,0.8088,0.80895,1.00,1.60
2010.10.01 14:11:51.764,0.80875,0.80885,4.00,6.60
2010.10.01 14:11:52.431,0.80875,0.80885,4.00,7.40
2010.10.01 14:11:52.787,0.80875,0.80895,1.00,15.20
2010.10.01 14:11:53.375,0.80875,0.80895,5.60,8.80
2010.10.01 14:11:53.732,0.80875,0.80895,5.20,1.00
2010.10.01 14:11:54.074,0.80875,0.809,5.20,13.00
2010.10.01 14:11:55.065,0.8088,0.809,1.00,13.00
2010.10.01 14:11:55.593,0.8088,0.809,1.00,13.00
2010.10.01 14:11:56.275,0.80875,0.809,3.60,13.10
2010.10.01 14:11:56.609,0.80875,0.809,7.60,13.10
2010.10.01 14:11:56.945,0.8088,0.809,2.50,12.80
2010.10.01 14:11:57.376,0.8088,0.809,3.30,12.00
2010.10.01 14:11:57.742,0.8088,0.80905,4.00,14.70
2010.10.01 14:11:58.513,0.8089,0.8091,2.60,12.10
2010.10.01 14:11:58.878,0.8089,0.8091,4.40,1.00
2010.10.01 14:11:59.999,0.8089,0.80905,3.40,1.10
2010.10.01 14:12:00.734,0.80885,0.80905,8.00,5.10
2010.10.01 14:12:01.047,0.8088,0.80905,12.50,6.60
2010.10.01 14:12:01.378,0.8088,0.80905,8.50,6.60
2010.10.01 14:12:02.271,0.80885,0.80905,1.60,6.60
2010.10.01 14:12:02.826,0.8089,0.8091,1.00,12.10
2010.10.01 14:12:03.327,0.8089,0.80905,2.80,1.00
2010.10.01 14:12:03.682,0.80895,0.80915,3.70,13.00
2010.10.01 14:12:04.118,0.80895,0.80915,3.70,12.20
2010.10.01 14:12:04.485,0.809,0.80915,2.70,2.40
2010.10.01 14:12:05.266,0.80905,0.8092,1.00,8.00
2010.10.01 14:12:06.036,0.80905,0.8092,4.20,8.00
2010.10.01 14:12:06.411,0.8091,0.80925,1.00,9.70
2010.10.01 14:12:07.157,0.8091,0.8093,1.30,12.00
2010.10.01 14:12:07.519,0.8091,0.80925,1.20,4.00
2010.10.01 14:12:08.008,0.8091,0.80925,2.80,4.00
2010.10.01 14:12:08.374,0.8091,0.8093,1.00,7.30
2010.10.01 14:12:08.732,0.8091,0.80925,1.00,1.00
2010.10.01 14:12:09.160,0.8091,0.80925,1.80,1.00
2010.10.01 14:12:09.467,0.80905,0.8092,6.60,1.00
2010.10.01 14:12:10.197,0.80905,0.80925,1.80,5.10
2010.10.01 14:12:10.554,0.80905,0.80925,2.60,9.10
2010.10.01 14:12:10.897,0.80905,0.8092,2.60,1.00
2010.10.01 14:12:11.618,0.80905,0.80925,2.60,9.10
2010.10.01 14:12:11.970,0.80905,0.80925,2.60,8.30
2010.10.01 14:12:12.188,0.80905,0.80925,1.80,8.30
2010.10.01 14:12:12.861,0.80895,0.80915,12.20,1.00
2010.10.01 14:12:13.641,0.80895,0.80915,10.60,1.00
2010.10.01 14:12:13.992,0.80895,0.8092,4.30,14.60
2010.10.01 14:12:14.617,0.80895,0.80915,4.30,4.00
2010.10.01 14:12:14.976,0.8089,0.8091,8.40,3.20
2010.10.01 14:12:15.711,0.8089,0.8091,4.30,3.20
2010.10.01 14:12:16.064,0.8089,0.8091,8.30,2.40
2010.10.01 14:12:16.895,0.8089,0.8091,8.30,3.20
2010.10.01 14:12:17.657,0.80895,0.8091,1.60,3.20
2010.10.01 14:12:18.003,0.8089,0.8091,8.30,3.40
2010.10.01 14:12:18.348,0.80895,0.8091,1.60,3.40
2010.10.01 14:12:19.820,0.8089,0.8091,8.40,3.40
2010.10.01 14:12:20.172,0.8089,0.8091,8.00,5.90
2010.10.01 14:12:20.695,0.8089,0.8091,8.00,6.70
2010.10.01 14:12:21.015,0.80895,0.8091,1.00,5.00
2010.10.01 14:12:21.744,0.8089,0.80905,4.00,1.00
2010.10.01 14:12:22.067,0.8089,0.80905,4.20,1.00
2010.10.01 14:12:22.874,0.80885,0.80895,1.00,1.00
2010.10.01 14:12:23.196,0.80875,0.8089,7.20,1.00
2010.10.01 14:12:23.834,0.80875,0.80885,5.60,1.00
2010.10.01 14:12:24.185,0.8087,0.80885,1.60,6.60
2010.10.01 14:12:24.731,0.8087,0.80885,1.60,7.40
2010.10.01 14:12:25.086,0.80865,0.80885,1.60,7.20
2010.10.01 14:12:25.782,0.80865,0.80885,1.60,8.80
2010.10.01 14:12:26.136,0.8087,0.80885,1.60,8.90
2010.10.01 14:12:26.588,0.8087,0.80885,1.60,11.30
2010.10.01 14:12:26.957,0.80865,0.8088,1.60,8.80
2010.10.01 14:12:27.723,0.80865,0.8088,1.80,1.00
2010.10.01 14:12:28.076,0.80865,0.80885,2.20,17.60
2010.10.01 14:12:28.869,0.8088,0.80885,1.60,4.00
2010.10.01 14:12:29.226,0.80885,0.8089,1.60,8.00
2010.10.01 14:12:29.945,0.8088,0.809,8.40,1.60
2010.10.01 14:12:30.288,0.80895,0.809,2.40,1.60
2010.10.01 14:12:30.962,0.80895,0.80905,2.40,1.90
2010.10.01 14:12:31.319,0.80885,0.809,1.60,1.00
2010.10.01 14:12:31.670,0.8089,0.809,1.60,1.00
2010.10.01 14:12:32.452,0.8088,0.80895,6.40,1.00
2010.10.01 14:12:33.215,0.80875,0.80895,5.40,6.40
2010.10.01 14:12:33.771,0.8088,0.809,2.40,11.40
2010.10.01 14:12:34.317,0.8088,0.809,4.10,4.00
2010.10.01 14:12:34.679,0.8089,0.80905,1.60,3.20
2010.10.01 14:12:35.476,0.8089,0.8091,1.60,12.00
2010.10.01 14:12:35.834,0.8089,0.80905,1.60,2.60
2010.10.01 14:12:36.568,0.8089,0.8091,1.80,12.20
2010.10.01 14:12:36.928,0.80895,0.80915,7.40,1.00
2010.10.01 14:12:37.654,0.809,0.8092,1.00,14.60
2010.10.01 14:12:38.004,0.80895,0.80915,12.10,1.00
2010.10.01 14:12:39.330,0.80895,0.8092,12.10,14.60
2010.10.01 14:12:39.598,0.80895,0.8092,12.10,13.00
2010.10.01 14:12:40.051,0.80895,0.8092,12.10,14.60
2010.10.01 14:12:40.401,0.80895,0.80915,1.90,8.20
2010.10.01 14:12:41.088,0.80895,0.80915,1.90,10.60
2010.10.01 14:12:41.462,0.80895,0.8091,1.00,8.00
2010.10.01 14:12:42.240,0.8089,0.809,1.60,2.60
2010.10.01 14:12:42.610,0.80885,0.809,1.60,3.40
2010.10.01 14:12:43.344,0.8088,0.809,1.00,6.20
2010.10.01 14:12:43.695,0.80875,0.80895,4.50,1.00
2010.10.01 14:12:44.444,0.80875,0.80895,4.50,1.00
2010.10.01 14:12:44.800,0.80875,0.80895,4.40,1.60
2010.10.01 14:12:45.588,0.80875,0.80895,1.60,4.30
2010.10.01 14:12:45.946,0.8088,0.809,1.60,9.60
2010.10.01 14:12:46.679,0.8088,0.809,1.60,8.80
2010.10.01 14:12:47.030,0.8088,0.809,1.60,18.40
2010.10.01 14:12:47.785,0.8088,0.80895,1.60,1.00
2010.10.01 14:12:48.155,0.80875,0.8089,1.70,3.20
2010.10.01 14:12:48.511,0.8087,0.8089,8.40,4.00
2010.10.01 14:12:49.025,0.8087,0.8089,4.20,4.10
2010.10.01 14:12:49.376,0.80875,0.8089,4.00,4.80
2010.10.01 14:12:50.116,0.80875,0.8089,5.60,4.80
2010.10.01 14:12:50.481,0.80875,0.80895,5.70,5.00
2010.10.01 14:12:50.827,0.80875,0.80895,5.60,5.10
2010.10.01 14:12:51.866,0.80875,0.80895,4.00,6.70
2010.10.01 14:12:52.168,0.80875,0.8089,4.00,1.00
2010.10.01 14:12:52.850,0.80875,0.8089,4.00,1.00
2010.10.01 14:12:53.134,0.80875,0.8089,4.00,1.00
2010.10.01 14:12:54.652,0.80885,0.80895,8.00,2.40
2010.10.01 14:12:54.905,0.8089,0.8091,2.90,1.60
2010.10.01 14:12:55.661,0.809,0.80915,1.00,2.40
2010.10.01 14:12:56.013,0.809,0.80915,1.00,1.00
2010.10.01 14:12:56.787,0.809,0.8092,1.00,5.00
2010.10.01 14:12:57.557,0.809,0.8092,1.60,5.00
2010.10.01 14:12:58.659,0.809,0.8092,5.90,4.20
2010.10.01 14:12:59.022,0.80905,0.8092,2.60,1.00
2010.10.01 14:12:59.792,0.80905,0.80925,4.50,10.40
2010.10.01 14:13:00.144,0.80905,0.80925,4.60,2.40
2010.10.01 14:13:00.904,0.80905,0.80925,3.00,2.40
2010.10.01 14:13:01.471,0.80905,0.80925,1.00,7.40
2010.10.01 14:13:02.052,0.8091,0.80925,1.00,7.20
2010.10.01 14:13:02.402,0.80905,0.80925,4.50,3.20
2010.10.01 14:13:03.144,0.80905,0.80925,12.50,2.40
2010.10.01 14:13:03.499,0.8091,0.80925,2.60,1.00
2010.10.01 14:13:04.203,0.80905,0.80925,2.50,9.00
2010.10.01 14:13:04.484,0.80905,0.80915,1.60,1.00
2010.10.01 14:13:05.262,0.809,0.80925,6.10,11.40
2010.10.01 14:13:05.637,0.80905,0.80925,1.00,4.20
2010.10.01 14:13:06.207,0.80905,0.80925,1.70,4.20
2010.10.01 14:13:06.561,0.80905,0.80925,1.70,8.20
2010.10.01 14:13:07.312,0.809,0.8092,5.90,3.40
2010.10.01 14:13:07.663,0.809,0.8092,1.90,3.40
2010.10.01 14:13:08.443,0.809,0.8092,1.80,3.50
2010.10.01 14:13:08.806,0.80905,0.8092,1.00,3.40
2010.10.01 14:13:09.103,0.80905,0.8092,1.70,3.40
2010.10.01 14:13:09.777,0.80905,0.8092,1.00,3.40
2010.10.01 14:13:10.128,0.809,0.8092,1.90,3.40
2010.10.01 14:13:10.891,0.80905,0.8092,1.60,1.00
2010.10.01 14:13:11.242,0.80905,0.8092,1.60,1.00
2010.10.01 14:13:11.976,0.80905,0.80925,1.60,15.80
2010.10.01 14:13:12.334,0.80905,0.8092,5.30,1.00
2010.10.01 14:13:12.678,0.80905,0.8092,13.40,1.00
2010.10.01 14:13:13.482,0.80915,0.80925,1.00,1.60
2010.10.01 14:13:13.834,0.80915,0.8093,4.20,1.00
2010.10.01 14:13:14.590,0.80915,0.8093,4.30,1.00
2010.10.01 14:13:14.943,0.80915,0.8093,2.70,1.00
2010.10.01 14:13:15.730,0.80915,0.8093,4.30,1.00
2010.10.01 14:13:16.075,0.80915,0.80935,2.70,16.20
2010.10.01 14:13:17.062,0.80915,0.8093,2.40,1.00
2010.10.01 14:13:17.537,0.80915,0.8093,1.00,3.40
2010.10.01 14:13:17.857,0.80925,0.8094,5.80,4.00
2010.10.01 14:13:18.621,0.80925,0.8094,5.80,1.00
2010.10.01 14:13:18.979,0.80925,0.8094,1.80,1.00
2010.10.01 14:13:20.063,0.80925,0.8094,5.90,1.00
2010.10.01 14:13:20.387,0.80925,0.8094,5.80,1.00
2010.10.01 14:13:21.441,0.80925,0.8094,5.90,1.00
2010.10.01 14:13:21.738,0.80925,0.80945,1.90,5.00
2010.10.01 14:13:22.793,0.80925,0.80945,3.60,6.60
2010.10.01 14:13:23.137,0.80925,0.80945,3.60,5.00
2010.10.01 14:13:23.924,0.80925,0.80945,12.40,2.40
2010.10.01 14:13:24.273,0.80925,0.80945,12.30,5.00
2010.10.01 14:13:25.767,0.80925,0.80945,8.00,5.00
2010.10.01 14:13:26.121,0.80925,0.80945,1.60,5.00
2010.10.01 14:13:26.870,0.80925,0.80945,5.60,6.60
2010.10.01 14:13:27.220,0.8092,0.8094,12.40,1.00
2010.10.01 14:13:27.565,0.8092,0.8094,12.60,1.00
2010.10.01 14:13:28.430,0.8092,0.80945,12.60,6.70
2010.10.01 14:13:31.167,0.8092,0.80935,5.60,1.00
2010.10.01 14:13:31.378,0.8092,0.80935,5.60,1.00
2010.10.01 14:13:32.027,0.80925,0.8094,4.00,2.60
2010.10.01 14:13:32.243,0.80925,0.8094,4.00,1.00
2010.10.01 14:13:32.737,0.80925,0.8094,4.00,1.00
2010.10.01 14:13:33.115,0.80925,0.80945,4.00,5.00
2010.10.01 14:13:33.883,0.8093,0.80945,5.60,2.40
2010.10.01 14:13:34.247,0.80925,0.80945,9.00,3.50
2010.10.01 14:13:34.576,0.80925,0.80945,6.60,5.10
2010.10.01 14:13:35.017,0.80925,0.80945,10.60,5.10
2010.10.01 14:13:35.657,0.80925,0.80945,10.70,5.00
2010.10.01 14:13:35.967,0.80925,0.80945,9.90,5.00
2010.10.01 14:13:36.576,0.80925,0.8094,9.60,4.00
2010.10.01 14:13:36.852,0.80925,0.80945,9.60,6.60
2010.10.01 14:13:37.530,0.80925,0.80945,1.70,6.60
2010.10.01 14:13:37.874,0.80925,0.80945,1.60,6.70
2010.10.01 14:13:38.877,0.80925,0.80945,9.60,6.60
2010.10.01 14:13:39.629,0.80925,0.80945,5.60,5.90
2010.10.01 14:13:39.983,0.80925,0.8094,1.60,1.10
2010.10.01 14:13:40.743,0.8092,0.80935,6.40,1.00
2010.10.01 14:13:41.097,0.8092,0.8094,12.00,2.40
2010.10.01 14:13:42.246,0.8092,0.8094,12.00,2.40
2010.10.01 14:13:43.012,0.8092,0.80925,12.00,1.00
2010.10.01 14:13:43.570,0.80905,0.8092,5.70,1.00
2010.10.01 14:13:44.328,0.8092,0.80935,1.00,4.80
2010.10.01 14:13:44.637,0.80925,0.80945,9.60,6.60
2010.10.01 14:13:45.123,0.80925,0.8094,5.60,1.00
2010.10.01 14:13:45.434,0.8092,0.80935,1.70,2.40
2010.10.01 14:13:46.211,0.8092,0.8093,1.60,1.00
2010.10.01 14:13:46.561,0.8092,0.80935,1.60,1.00
2010.10.01 14:13:47.297,0.8092,0.80935,2.40,1.00
2010.10.01 14:13:47.662,0.80925,0.80935,4.00,1.00
2010.10.01 14:13:48.014,0.80925,0.80935,4.00,1.60
2010.10.01 14:13:48.864,0.80915,0.8093,1.60,1.60
2010.10.01 14:13:49.614,0.80915,0.8093,9.60,1.60
2010.10.01 14:13:49.939,0.8092,0.8094,1.90,1.60
2010.10.01 14:13:50.291,0.8092,0.8094,2.80,1.00
2010.10.01 14:13:50.745,0.80925,0.8094,1.60,1.00
2010.10.01 14:13:51.451,0.80925,0.80945,1.60,4.00
2010.10.01 14:13:52.201,0.80925,0.80945,6.40,3.20
2010.10.01 14:13:52.525,0.80925,0.80945,10.60,3.20
2010.10.01 14:13:53.234,0.80925,0.80945,10.70,3.20
2010.10.01 14:13:53.586,0.80925,0.80945,8.00,2.60
2010.10.01 14:13:54.333,0.80925,0.80945,1.60,5.00
2010.10.01 14:13:54.688,0.8094,0.8095,2.50,2.40
2010.10.01 14:13:55.427,0.80945,0.8096,1.00,8.00
2010.10.01 14:13:55.782,0.80945,0.80965,1.60,6.60
2010.10.01 14:13:56.824,0.80945,0.8097,2.60,21.60
2010.10.01 14:13:57.174,0.8094,0.80965,13.40,6.60
2010.10.01 14:13:57.893,0.8094,0.80965,7.20,14.20
2010.10.01 14:13:58.193,0.80945,0.80965,1.60,16.40
2010.10.01 14:13:58.895,0.8094,0.8096,8.20,1.70
2010.10.01 14:13:59.211,0.8094,0.80965,8.20,14.60
2010.10.01 14:13:59.557,0.8094,0.80965,8.20,14.60
2010.10.01 14:14:00.072,0.8094,0.8096,8.30,2.40
2010.10.01 14:14:00.431,0.8094,0.8096,8.20,2.40
2010.10.01 14:14:01.194,0.8094,0.8096,6.60,2.40
2010.10.01 14:14:01.550,0.8094,0.8096,8.20,2.40
2010.10.01 14:14:01.876,0.8094,0.8096,8.50,2.40
2010.10.01 14:14:04.090,0.8094,0.8096,4.50,2.40
2010.10.01 14:14:05.516,0.8094,0.8096,1.00,2.60
2010.10.01 14:14:06.258,0.8094,0.8096,1.60,2.60
2010.10.01 14:14:06.560,0.8094,0.8096,4.00,2.60
2010.10.01 14:14:06.867,0.8094,0.80955,1.60,1.00
2010.10.01 14:14:07.819,0.8093,0.8094,10.40,1.00
2010.10.01 14:14:08.952,0.80925,0.8093,4.00,1.80
2010.10.01 14:14:09.364,0.8091,0.8093,1.60,6.40
2010.10.01 14:14:09.820,0.8091,0.8093,5.60,2.40
2010.10.01 14:14:10.180,0.80915,0.8093,1.60,2.40
2010.10.01 14:14:10.529,0.80915,0.8093,4.00,2.40
2010.10.01 14:14:11.299,0.80915,0.8093,4.00,1.80
2010.10.01 14:14:12.596,0.80915,0.8093,5.60,1.60
2010.10.01 14:14:13.682,0.80915,0.8093,1.70,1.60
2010.10.01 14:14:14.030,0.80915,0.8093,1.60,1.60
2010.10.01 14:14:16.264,0.80915,0.80935,1.60,5.80
2010.10.01 14:14:17.734,0.8092,0.80935,1.60,5.80
2010.10.01 14:14:18.160,0.8092,0.80935,1.60,9.80
2010.10.01 14:14:18.821,0.80915,0.80935,1.60,5.80
2010.10.01 14:14:19.170,0.80915,0.80935,1.70,5.80
2010.10.01 14:14:19.978,0.80915,0.80935,5.60,5.90
2010.10.01 14:14:20.322,0.80915,0.80935,5.60,6.70
2010.10.01 14:14:21.417,0.80915,0.80935,8.00,4.00
2010.10.01 14:14:21.694,0.80915,0.80935,8.00,5.60
2010.10.01 14:14:22.831,0.80915,0.80935,8.90,5.80
2010.10.01 14:14:23.917,0.80915,0.80935,8.00,5.80
2010.10.01 14:14:24.272,0.80915,0.80935,8.10,5.80
2010.10.01 14:14:24.903,0.8092,0.80935,1.70,5.80
2010.10.01 14:14:25.167,0.8092,0.80935,1.60,5.80
2010.10.01 14:14:25.823,0.8092,0.80935,1.60,9.80
2010.10.01 14:14:26.178,0.80925,0.80935,1.60,4.00
2010.10.01 14:14:26.920,0.80925,0.8094,1.60,9.60
2010.10.01 14:14:27.533,0.80925,0.8094,1.60,9.60
2010.10.01 14:14:27.786,0.80925,0.8094,1.60,9.60
2010.10.01 14:14:28.729,0.80925,0.8094,1.60,7.20
2010.10.01 14:14:29.415,0.8092,0.8094,2.40,13.10
2010.10.01 14:14:29.697,0.8092,0.8094,4.20,12.00
2010.10.01 14:14:30.679,0.80925,0.8094,1.60,10.40
2010.10.01 14:14:31.027,0.8092,0.8094,9.70,2.60
2010.10.01 14:14:32.092,0.8092,0.8094,9.60,1.80
2010.10.01 14:14:32.439,0.8092,0.8094,1.60,1.70
2010.10.01 14:14:33.216,0.8092,0.80935,1.60,1.00
2010.10.01 14:14:33.537,0.8092,0.80935,2.40,1.00
2010.10.01 14:14:34.013,0.8092,0.80935,4.00,1.00
2010.10.01 14:14:35.476,0.8092,0.80935,4.00,1.00
2010.10.01 14:14:36.235,0.8092,0.80935,4.20,1.00
2010.10.01 14:14:36.595,0.8092,0.80935,4.00,1.00
2010.10.01 14:14:37.355,0.80915,0.8093,14.50,1.00
2010.10.01 14:14:37.721,0.80915,0.8093,10.40,1.60
2010.10.01 14:14:38.471,0.80915,0.8093,5.60,1.60
2010.10.01 14:14:38.848,0.80915,0.8093,4.00,1.60
2010.10.01 14:14:39.191,0.80915,0.8093,4.00,1.70
2010.10.01 14:14:39.537,0.80915,0.8093,5.60,1.60
2010.10.01 14:14:40.043,0.80915,0.8093,6.40,1.60
2010.10.01 14:14:40.383,0.80915,0.80935,12.80,5.90
2010.10.01 14:14:41.375,0.80915,0.8093,11.20,2.60
2010.10.01 14:14:41.675,0.80915,0.8092,4.00,1.00
2010.10.01 14:14:42.393,0.80905,0.8092,1.60,1.60
2010.10.01 14:14:42.702,0.809,0.8092,6.70,1.60
2010.10.01 14:14:43.446,0.809,0.8092,6.80,1.60
2010.10.01 14:14:43.807,0.809,0.8092,6.60,1.60
2010.10.01 14:14:44.785,0.809,0.8092,6.70,1.60
2010.10.01 14:14:45.208,0.80905,0.8092,2.40,1.60
2010.10.01 14:14:45.986,0.8092,0.8093,2.40,8.80
2010.10.01 14:14:46.320,0.8092,0.8093,2.40,4.00
2010.10.01 14:14:47.042,0.8092,0.80935,2.40,1.60
2010.10.01 14:14:47.392,0.8092,0.8094,2.40,13.10
2010.10.01 14:14:48.125,0.8092,0.8094,3.40,9.70
2010.10.01 14:14:48.481,0.8092,0.8094,2.60,10.50
2010.10.01 14:14:48.830,0.8092,0.8094,2.40,12.30
2010.10.01 14:14:49.302,0.8092,0.8094,2.60,10.50
2010.10.01 14:14:49.662,0.80915,0.80935,4.30,1.00
2010.10.01 14:14:51.549,0.80915,0.8094,4.30,17.00
2010.10.01 14:14:51.784,0.8092,0.8094,2.40,12.80
2010.10.01 14:14:52.237,0.8093,0.8094,2.40,8.00
2010.10.01 14:14:52.474,0.80925,0.80945,10.50,1.60
2010.10.01 14:14:52.700,0.80925,0.80945,1.70,3.20
2010.10.01 14:14:53.194,0.80925,0.80945,1.60,4.10
2010.10.01 14:14:53.554,0.8093,0.8095,4.00,4.80
2010.10.01 14:14:53.906,0.8093,0.8095,2.40,4.80
2010.10.01 14:14:54.691,0.8093,0.8095,2.40,6.40
2010.10.01 14:14:55.044,0.8093,0.80945,2.40,1.40
2010.10.01 14:14:55.752,0.80925,0.80945,12.10,7.40
2010.10.01 14:14:56.052,0.80925,0.80945,4.10,6.60
2010.10.01 14:14:58.048,0.80925,0.8094,4.00,1.00
2010.10.01 14:14:58.630,0.80925,0.8094,1.60,1.00
2010.10.01 14:14:58.985,0.8092,0.8094,11.30,4.60
2010.10.01 14:14:59.751,0.8092,0.8094,7.30,4.60
2010.10.01 14:15:00.100,0.8092,0.8094,2.50,5.40
2010.10.01 14:15:01.194,0.8092,0.8094,6.50,5.40
2010.10.01 14:15:01.715,0.8093,0.8094,1.60,3.20
2010.10.01 14:15:02.143,0.8093,0.8094,1.60,2.40
2010.10.01 14:15:02.332,0.8093,0.8095,4.20,6.60
2010.10.01 14:15:02.512,0.8093,0.8095,6.20,5.60
2010.10.01 14:15:03.314,0.80935,0.8095,6.40,1.60
2010.10.01 14:15:03.663,0.80935,0.80955,6.40,6.50
2010.10.01 14:15:04.103,0.80935,0.8095,6.40,1.60
2010.10.01 14:15:04.468,0.8093,0.8095,6.40,4.60
2010.10.01 14:15:04.822,0.8093,0.8095,2.40,1.60
2010.10.01 14:15:05.280,0.8093,0.8095,2.40,1.60
2010.10.01 14:15:05.635,0.80935,0.8095,1.60,1.60
2010.10.01 14:15:06.349,0.8093,0.8095,9.80,1.60
2010.10.01 14:15:06.700,0.80935,0.8095,1.00,1.60
2010.10.01 14:15:07.807,0.80935,0.8095,4.60,1.60
2010.10.01 14:15:08.166,0.80935,0.80945,8.00,2.60
2010.10.01 14:15:08.660,0.8093,0.80945,1.20,2.60
2010.10.01 14:15:08.961,0.8093,0.80945,1.00,2.40
2010.10.01 14:15:09.773,0.80925,0.80945,2.90,2.40
2010.10.01 14:15:10.147,0.80925,0.80945,1.60,4.20
2010.10.01 14:15:10.877,0.80925,0.80945,1.70,4.20
2010.10.01 14:15:11.211,0.80925,0.80945,1.70,4.00
2010.10.01 14:15:12.371,0.8093,0.80945,4.00,1.60
2010.10.01 14:15:12.724,0.8093,0.80945,4.10,1.60
2010.10.01 14:15:13.790,0.8093,0.80945,4.00,1.60
2010.10.01 14:15:14.863,0.8093,0.80945,8.00,1.60
2010.10.01 14:15:15.215,0.8093,0.80945,8.10,1.60
2010.10.01 14:15:15.901,0.8093,0.8095,8.00,2.40
2010.10.01 14:15:16.245,0.8093,0.80955,13.20,5.60
2010.10.01 14:15:16.588,0.80935,0.80955,1.00,5.60
2010.10.01 14:15:17.256,0.8093,0.80955,11.60,7.40
2010.10.01 14:15:17.582,0.80925,0.8095,15.00,2.40
2010.10.01 14:15:18.672,0.80925,0.8095,14.90,4.00
2010.10.01 14:15:19.023,0.8093,0.8095,4.10,4.00
2010.10.01 14:15:20.124,0.8093,0.8095,4.10,2.40
2010.10.01 14:15:20.468,0.8093,0.8095,4.10,1.60
2010.10.01 14:15:21.174,0.8093,0.8095,1.00,1.60
2010.10.01 14:15:21.780,0.8093,0.8095,4.10,1.60
2010.10.01 14:15:23.441,0.8093,0.8095,4.90,1.60
2010.10.01 14:15:23.925,0.8093,0.8095,5.10,1.60
2010.10.01 14:15:24.155,0.8094,0.80955,1.00,4.00
2010.10.01 14:15:25.652,0.8094,0.80955,1.00,4.20
2010.10.01 14:15:26.424,0.80935,0.80955,9.20,5.00
2010.10.01 14:15:26.774,0.80935,0.80955,1.00,6.60
2010.10.01 14:15:27.118,0.8093,0.80955,10.90,10.60
2010.10.01 14:15:27.836,0.8093,0.8095,6.80,1.00
2010.10.01 14:15:28.153,0.80935,0.80955,1.00,12.60
2010.10.01 14:15:28.397,0.80935,0.80955,5.70,5.60
2010.10.01 14:15:29.091,0.8094,0.80955,1.00,4.80
2010.10.01 14:15:30.148,0.80935,0.80955,2.00,8.80
2010.10.01 14:15:30.434,0.80935,0.80955,2.00,5.60
2010.10.01 14:15:31.595,0.80935,0.80955,6.00,6.40
2010.10.01 14:15:31.878,0.8094,0.80955,1.00,4.80
2010.10.01 14:15:32.157,0.80935,0.80955,6.00,4.80
2010.10.01 14:15:32.723,0.80935,0.80955,2.80,4.00
2010.10.01 14:15:32.979,0.80935,0.8095,1.00,1.00
2010.10.01 14:15:33.657,0.80935,0.8095,1.00,3.40
2010.10.01 14:15:33.915,0.8093,0.8095,1.00,9.40
2010.10.01 14:15:34.264,0.8093,0.8095,1.00,11.00
2010.10.01 14:15:34.604,0.8093,0.8095,1.60,9.40
2010.10.01 14:15:35.219,0.8093,0.8095,1.70,9.40
2010.10.01 14:15:35.511,0.80925,0.8095,18.90,11.00
2010.10.01 14:15:36.693,0.8093,0.8095,1.00,11.00
2010.10.01 14:15:37.124,0.80935,0.8095,1.00,11.00
2010.10.01 14:15:37.857,0.8093,0.8095,1.00,11.00
2010.10.01 14:15:38.193,0.8093,0.8095,1.00,7.00
2010.10.01 14:15:39.163,0.8093,0.8095,1.60,5.40
2010.10.01 14:15:39.417,0.80935,0.8095,1.00,5.00
2010.10.01 14:15:39.674,0.80935,0.8095,1.00,3.40
2010.10.01 14:15:40.323,0.80935,0.8095,1.00,2.40
2010.10.01 14:15:40.587,0.80935,0.80955,8.40,8.20
2010.10.01 14:15:40.940,0.80935,0.80955,10.00,6.60
2010.10.01 14:15:41.366,0.80935,0.80955,10.00,5.00
2010.10.01 14:15:41.727,0.8094,0.80955,1.00,5.00
2010.10.01 14:15:42.873,0.8094,0.80955,1.00,6.60
2010.10.01 14:15:44.213,0.80935,0.80955,5.90,6.60
2010.10.01 14:15:45.476,0.8094,0.80955,1.00,6.60
2010.10.01 14:15:45.828,0.80935,0.80955,6.00,6.60
2010.10.01 14:15:46.698,0.80935,0.80955,6.00,5.00
2010.10.01 14:15:46.981,0.8094,0.80955,1.00,5.00
2010.10.01 14:15:47.268,0.8094,0.80955,1.00,6.60
2010.10.01 14:15:48.467,0.8094,0.80955,1.00,4.20
2010.10.01 14:15:49.526,0.80945,0.8096,1.00,1.60
2010.10.01 14:15:50.308,0.80945,0.80965,1.00,4.20
2010.10.01 14:15:50.665,0.8094,0.80965,14.20,4.20
2010.10.01 14:15:51.412,0.80945,0.8097,3.60,12.30
2010.10.01 14:15:51.690,0.80945,0.8097,11.80,8.20
2010.10.01 14:15:52.630,0.80945,0.80965,10.20,1.60
2010.10.01 14:15:52.981,0.8095,0.80965,1.00,1.60
2010.10.01 14:15:53.330,0.8095,0.80965,1.00,2.40
2010.10.01 14:15:54.088,0.80945,0.80965,1.00,5.00
2010.10.01 14:15:54.400,0.80945,0.80965,1.00,13.00
2010.10.01 14:15:55.029,0.80945,0.80965,3.00,12.80
2010.10.01 14:15:55.912,0.80945,0.80965,3.00,5.60
2010.10.01 14:15:56.058,0.80945,0.80965,1.40,10.40
2010.10.01 14:15:56.999,0.80945,0.80965,3.00,10.40
2010.10.01 14:15:57.345,0.80945,0.80965,1.40,10.40
2010.10.01 14:15:58.371,0.80945,0.80965,1.40,6.40
2010.10.01 14:15:59.082,0.80945,0.80965,1.40,10.40
2010.10.01 14:15:59.439,0.80945,0.80965,1.40,6.40
2010.10.01 14:16:00.549,0.80945,0.80965,2.20,6.40
2010.10.01 14:16:00.923,0.8095,0.80965,1.00,10.40
2010.10.01 14:16:01.420,0.8095,0.80965,1.00,1.00
2010.10.01 14:16:02.104,0.80945,0.80965,5.20,5.00
2010.10.01 14:16:02.814,0.80945,0.80965,3.60,4.00
2010.10.01 14:16:03.167,0.8095,0.80965,1.00,8.00
2010.10.01 14:16:04.245,0.80945,0.8096,1.00,1.60
2010.10.01 14:16:04.601,0.80945,0.8096,1.00,2.40
2010.10.01 14:16:06.630,0.8095,0.8097,7.60,2.40
2010.10.01 14:16:07.280,0.80955,0.80975,1.00,16.60
2010.10.01 14:16:07.537,0.80955,0.80975,1.60,12.60
2010.10.01 14:16:07.888,0.80955,0.80975,1.00,12.60
2010.10.01 14:16:08.342,0.80955,0.80975,1.60,12.60
2010.10.01 14:16:08.705,0.80955,0.80975,3.60,4.60
2010.10.01 14:16:09.439,0.80955,0.80975,2.90,2.60
2010.10.01 14:16:11.133,0.80955,0.80975,2.80,1.60
2010.10.01 14:16:11.919,0.80955,0.8097,2.40,1.00
2010.10.01 14:16:12.280,0.8095,0.8097,4.00,1.00
2010.10.01 14:16:13.038,0.80945,0.8097,13.20,2.60
2010.10.01 14:16:13.386,0.80955,0.8097,2.00,1.00
2010.10.01 14:16:14.083,0.8096,0.80975,10.80,2.40
2010.10.01 14:16:14.435,0.80965,0.80985,5.80,5.60
2010.10.01 14:16:14.888,0.80965,0.80985,6.60,4.80
2010.10.01 14:16:16.114,0.8097,0.8099,1.00,10.20
2010.10.01 14:16:16.457,0.80975,0.80995,1.00,4.60
2010.10.01 14:16:17.318,0.8098,0.8099,1.00,1.00
2010.10.01 14:16:18.119,0.80975,0.80995,5.20,6.40
2010.10.01 14:16:18.466,0.80975,0.80995,13.70,2.40
2010.10.01 14:16:19.200,0.80985,0.80995,1.00,1.60
2010.10.01 14:16:19.542,0.8099,0.81005,1.00,8.80
2010.10.01 14:16:20.268,0.80995,0.8101,3.20,16.80
2010.10.01 14:16:20.615,0.81,0.81025,2.60,4.10
2010.10.01 14:16:21.074,0.81,0.81025,4.20,4.10
2010.10.01 14:16:21.427,0.8101,0.81035,4.00,12.00
2010.10.01 14:16:22.347,0.8102,0.8104,1.60,14.60
2010.10.01 14:16:23.742,0.8102,0.81035,1.00,4.80
2010.10.01 14:16:24.087,0.81025,0.8104,2.40,8.00
2010.10.01 14:16:24.572,0.81025,0.8104,2.40,8.80
2010.10.01 14:16:24.764,0.8102,0.81035,4.00,1.00
2010.10.01 14:16:25.681,0.8102,0.8104,1.00,9.80
2010.10.01 14:16:26.332,0.81015,0.8104,9.40,9.90
2010.10.01 14:16:26.951,0.81015,0.81035,10.80,1.60
2010.10.01 14:16:27.452,0.81015,0.81035,3.70,5.60
2010.10.01 14:16:27.636,0.8102,0.81035,1.00,4.00
2010.10.01 14:16:27.821,0.8102,0.8104,1.00,9.80
2010.10.01 14:16:28.595,0.81015,0.8104,10.50,9.60
2010.10.01 14:16:28.949,0.8102,0.8104,1.00,9.60
2010.10.01 14:16:29.752,0.8102,0.8104,2.00,8.00
2010.10.01 14:16:30.101,0.8102,0.8104,3.60,8.00
2010.10.01 14:16:31.223,0.81025,0.8104,1.00,8.00
2010.10.01 14:16:31.980,0.8102,0.8104,1.90,1.00
2010.10.01 14:16:32.335,0.81025,0.81045,2.00,9.00
2010.10.01 14:16:33.099,0.8102,0.8104,3.60,4.20
2010.10.01 14:16:33.738,0.8102,0.81035,1.80,4.00
2010.10.01 14:16:34.422,0.8102,0.81045,1.00,16.30
2010.10.01 14:16:34.646,0.8102,0.8104,1.00,4.20
2010.10.01 14:16:35.868,0.8103,0.8104,4.00,8.00
2010.10.01 14:16:36.567,0.81035,0.8104,1.00,8.00
2010.10.01 14:16:36.835,0.81035,0.8105,5.70,4.00
2010.10.01 14:16:37.530,0.81035,0.81055,1.60,11.40
2010.10.01 14:16:38.245,0.81035,0.81055,1.60,5.00
2010.10.01 14:16:39.433,0.8103,0.8105,5.90,1.00
2010.10.01 14:16:39.872,0.8103,0.8105,4.30,1.00
2010.10.01 14:16:40.214,0.8103,0.8105,1.00,5.00
2010.10.01 14:16:40.699,0.81035,0.8105,1.00,5.00
2010.10.01 14:16:41.060,0.81035,0.81055,1.60,7.00
2010.10.01 14:16:41.838,0.81035,0.81055,1.60,11.30
2010.10.01 14:16:42.195,0.8103,0.81045,1.70,1.00
2010.10.01 14:16:42.953,0.81035,0.8105,1.00,4.80
2010.10.01 14:16:43.311,0.81035,0.81055,5.00,4.80
2010.10.01 14:16:43.684,0.81035,0.81055,6.60,1.00
2010.10.01 14:16:44.165,0.81035,0.81055,7.00,1.60
2010.10.01 14:16:44.920,0.81035,0.81055,7.80,1.00
2010.10.01 14:16:45.277,0.8104,0.81055,1.00,1.00
2010.10.01 14:16:46.014,0.81045,0.81055,1.00,1.00
2010.10.01 14:16:46.365,0.8104,0.81055,1.00,1.00
2010.10.01 14:16:47.130,0.8104,0.81055,1.00,1.00
2010.10.01 14:16:47.483,0.8104,0.8106,1.00,6.60
2010.10.01 14:16:48.302,0.81035,0.8106,7.50,10.60
2010.10.01 14:16:48.970,0.8104,0.8106,1.60,2.60
2010.10.01 14:16:49.323,0.8104,0.8106,4.00,2.60
2010.10.01 14:16:50.135,0.81035,0.81055,1.00,1.60
2010.10.01 14:16:50.488,0.81035,0.8105,1.60,1.00
2010.10.01 14:16:51.276,0.81035,0.8106,15.20,6.70
2010.10.01 14:16:52.033,0.8104,0.81055,1.80,4.00
2010.10.01 14:16:52.350,0.8105,0.81065,2.40,8.00
2010.10.01 14:16:52.889,0.8105,0.81065,2.60,4.00
2010.10.01 14:16:53.215,0.8105,0.8107,5.60,4.20
2010.10.01 14:16:54.651,0.8105,0.8106,4.00,4.20
2010.10.01 14:16:55.253,0.81045,0.8106,1.60,3.20
2010.10.01 14:16:55.447,0.8104,0.81055,1.00,1.00
2010.10.01 14:16:56.413,0.8104,0.8106,1.00,12.00
2010.10.01 14:16:57.214,0.81035,0.8106,9.30,14.40
2010.10.01 14:16:57.563,0.81035,0.81055,2.80,1.00
2010.10.01 14:16:58.315,0.81035,0.81055,2.80,1.70
2010.10.01 14:16:58.618,0.81035,0.8106,4.60,14.50
2010.10.01 14:16:58.928,0.81035,0.8106,4.60,16.10
2010.10.01 14:16:59.755,0.81035,0.81055,1.90,3.20
2010.10.01 14:17:00.489,0.81035,0.81055,1.80,4.10
2010.10.01 14:17:00.844,0.81035,0.81055,1.60,6.40
2010.10.01 14:17:01.190,0.81035,0.81055,1.60,10.40
2010.10.01 14:17:01.953,0.81035,0.81055,3.20,10.50
2010.10.01 14:17:02.672,0.81035,0.81055,1.60,10.40
2010.10.01 14:17:03.045,0.81035,0.81055,1.60,10.40
2010.10.01 14:17:04.112,0.81035,0.81055,2.60,10.40
2010.10.01 14:17:04.457,0.8104,0.8106,5.20,6.40
2010.10.01 14:17:04.700,0.81045,0.8106,1.60,4.00
2010.10.01 14:17:05.392,0.81045,0.81065,1.60,7.20
2010.10.01 14:17:05.738,0.81045,0.8106,1.60,1.00
2010.10.01 14:17:06.177,0.81045,0.81065,1.60,7.20
2010.10.01 14:17:06.771,0.81045,0.81065,1.60,9.70
2010.10.01 14:17:07.472,0.8104,0.8106,8.00,4.10
2010.10.01 14:17:07.822,0.81035,0.8106,15.00,4.10
2010.10.01 14:17:08.172,0.8104,0.8106,1.00,4.00
2010.10.01 14:17:08.990,0.81035,0.8106,11.30,11.20
2010.10.01 14:17:09.271,0.81035,0.8106,15.30,3.20
2010.10.01 14:17:09.934,0.8104,0.8106,1.00,3.20
2010.10.01 14:17:10.216,0.8104,0.8106,4.10,1.60
2010.10.01 14:17:10.488,0.8104,0.8106,4.10,3.20
2010.10.01 14:17:12.079,0.8104,0.8106,4.20,3.20
2010.10.01 14:17:12.798,0.8104,0.81065,10.10,10.60
2010.10.01 14:17:13.356,0.81045,0.81065,1.00,16.20
2010.10.01 14:17:13.890,0.8105,0.81065,1.00,12.20
2010.10.01 14:17:14.158,0.8105,0.81065,1.00,16.20
2010.10.01 14:17:14.343,0.81045,0.81065,1.00,17.80
2010.10.01 14:17:14.660,0.81045,0.8106,1.00,1.60
2010.10.01 14:17:15.786,0.81045,0.81065,1.00,17.80
2010.10.01 14:17:16.834,0.81045,0.81065,1.00,13.80
2010.10.01 14:17:17.138,0.81045,0.81065,1.00,17.80
2010.10.01 14:17:17.852,0.81045,0.81065,1.00,16.20
2010.10.01 14:17:18.133,0.81045,0.81065,1.00,12.20
2010.10.01 14:17:18.710,0.8105,0.81065,2.60,5.80
2010.10.01 14:17:19.140,0.8105,0.8107,8.20,2.60
2010.10.01 14:17:19.458,0.8105,0.81065,1.00,1.00
2010.10.01 14:17:19.771,0.8105,0.8107,1.00,10.60
2010.10.01 14:17:20.448,0.81045,0.81065,3.00,2.40
2010.10.01 14:17:20.806,0.81045,0.8106,2.90,8.00
2010.10.01 14:17:21.745,0.8105,0.8106,2.40,8.00
2010.10.01 14:17:22.179,0.8105,0.81065,1.00,8.00
2010.10.01 14:17:22.608,0.81045,0.81065,1.40,11.20
2010.10.01 14:17:22.931,0.81045,0.81065,1.40,7.20
2010.10.01 14:17:23.656,0.8105,0.81065,1.00,7.20
2010.10.01 14:17:24.213,0.81045,0.81065,13.90,3.20
2010.10.01 14:17:24.748,0.8105,0.8107,4.20,7.20
2010.10.01 14:17:25.070,0.81055,0.81075,1.60,3.20
2010.10.01 14:17:25.797,0.81055,0.8107,1.60,1.60
2010.10.01 14:17:26.159,0.81045,0.8107,13.40,12.20
2010.10.01 14:17:26.903,0.81045,0.81065,8.10,3.40
2010.10.01 14:17:27.260,0.81035,0.81055,14.10,1.00
2010.10.01 14:17:28.737,0.81035,0.81055,8.40,1.00
2010.10.01 14:17:29.498,0.81035,0.81055,8.40,1.70
2010.10.01 14:17:29.857,0.81035,0.81055,3.40,4.20
2010.10.01 14:17:30.312,0.81035,0.81055,3.40,4.20
2010.10.01 14:17:30.886,0.81035,0.81055,3.40,4.30
2010.10.01 14:17:31.983,0.81035,0.81055,4.80,2.50
2010.10.01 14:17:32.759,0.8104,0.8106,2.60,3.30
2010.10.01 14:17:33.116,0.8104,0.8106,7.60,2.40
2010.10.01 14:17:34.094,0.8104,0.8106,9.20,1.60
2010.10.01 14:17:34.402,0.81045,0.81065,1.90,11.40
2010.10.01 14:17:35.125,0.81045,0.81065,1.00,16.20
2010.10.01 14:17:35.474,0.8104,0.81065,6.20,21.90
2010.10.01 14:17:36.232,0.81045,0.81065,1.00,21.90
2010.10.01 14:17:36.587,0.81045,0.81065,2.20,8.00
2010.10.01 14:17:37.330,0.81045,0.81065,3.80,5.60
2010.10.01 14:17:37.641,0.81055,0.8107,1.00,1.60
2010.10.01 14:17:38.356,0.81055,0.81075,1.40,8.00
2010.10.01 14:17:38.719,0.8106,0.81075,2.40,4.00
2010.10.01 14:17:39.455,0.8107,0.8108,2.40,1.60
2010.10.01 14:17:39.796,0.8106,0.8108,6.90,1.00
2010.10.01 14:17:40.505,0.81065,0.81085,1.80,12.00
2010.10.01 14:17:40.860,0.81065,0.81085,1.00,8.80
2010.10.01 14:17:41.621,0.81065,0.81085,1.00,8.80
2010.10.01 14:17:41.961,0.81065,0.81085,1.00,8.80
2010.10.01 14:17:43.468,0.8107,0.81085,1.00,8.80
2010.10.01 14:17:45.086,0.81065,0.81085,1.00,8.80
2010.10.01 14:17:45.389,0.81065,0.81085,2.40,7.20
2010.10.01 14:17:46.434,0.8107,0.8109,5.60,11.20
2010.10.01 14:17:47.212,0.81075,0.8109,2.40,2.40
2010.10.01 14:17:47.575,0.81075,0.81095,2.40,14.60
2010.10.01 14:17:48.331,0.81075,0.81095,2.40,14.60
2010.10.01 14:17:48.700,0.8108,0.81095,1.00,11.20
2010.10.01 14:17:49.050,0.81075,0.81095,3.30,4.80
2010.10.01 14:17:49.618,0.81075,0.81095,3.20,6.50
2010.10.01 14:17:49.981,0.8107,0.81085,1.00,1.00
2010.10.01 14:17:50.750,0.81065,0.81085,13.70,1.60
2010.10.01 14:17:51.104,0.81065,0.81085,16.10,1.60
2010.10.01 14:17:51.827,0.81065,0.81085,12.00,1.60
2010.10.01 14:17:52.139,0.8107,0.8109,1.00,14.60
2010.10.01 14:17:54.059,0.8107,0.81085,1.00,1.60
2010.10.01 14:17:54.410,0.81065,0.81085,6.70,1.80
2010.10.01 14:17:55.119,0.81065,0.81085,1.60,11.40
2010.10.01 14:17:55.421,0.81065,0.8108,1.00,8.20
2010.10.01 14:17:56.144,0.81065,0.8108,3.40,5.60
2010.10.01 14:17:56.498,0.81065,0.81085,1.00,16.00
2010.10.01 14:17:56.853,0.81065,0.81085,3.40,8.00
2010.10.01 14:17:57.846,0.81065,0.8109,3.40,12.20
2010.10.01 14:17:58.076,0.81075,0.8109,1.00,12.00
2010.10.01 14:17:59.197,0.81075,0.8109,1.00,11.20
2010.10.01 14:17:59.478,0.8107,0.8109,7.50,1.60
2010.10.01 14:18:00.266,0.81075,0.8109,1.00,1.60
2010.10.01 14:18:00.836,0.81075,0.81095,3.40,5.60
2010.10.01 14:18:01.195,0.81075,0.8109,3.40,1.60
2010.10.01 14:18:02.106,0.81075,0.81095,1.00,12.20
2010.10.01 14:18:02.475,0.8109,0.811,1.00,4.00
2010.10.01 14:18:02.962,0.8109,0.811,3.20,4.00
2010.10.01 14:18:03.313,0.8109,0.81105,3.30,1.60
2010.10.01 14:18:04.853,0.8109,0.8111,3.80,2.40
2010.10.01 14:18:05.671,0.8111,0.81125,2.60,8.00
2010.10.01 14:18:05.812,0.8111,0.8113,6.40,7.40
2010.10.01 14:18:06.473,0.8111,0.81125,4.00,2.40
2010.10.01 14:18:06.827,0.81105,0.81125,10.50,2.60
2010.10.01 14:18:07.470,0.81115,0.81125,6.40,1.00
2010.10.01 14:18:08.130,0.8112,0.81135,4.00,3.20
2010.10.01 14:18:08.485,0.8112,0.8113,4.10,1.60
2010.10.01 14:18:09.110,0.8112,0.81135,1.00,3.40
2010.10.01 14:18:09.466,0.8112,0.8114,4.10,1.80
2010.10.01 14:18:10.247,0.8112,0.8114,4.00,3.40
2010.10.01 14:18:10.605,0.8112,0.81135,8.00,1.60
2010.10.01 14:18:11.320,0.8113,0.8115,4.20,5.60
2010.10.01 14:18:11.676,0.81135,0.8115,1.00,10.40
2010.10.01 14:18:12.560,0.81135,0.8115,1.00,12.00
2010.10.01 14:18:13.696,0.8113,0.8114,6.40,2.40
2010.10.01 14:18:14.454,0.81135,0.81145,8.40,4.00
2010.10.01 14:18:14.776,0.8114,0.81145,1.00,8.00
2010.10.01 14:18:15.591,0.8114,0.81145,1.00,4.00
2010.10.01 14:18:16.334,0.81135,0.8114,8.00,3.20
2010.10.01 14:18:16.689,0.81135,0.8114,8.00,1.00
2010.10.01 14:18:17.412,0.81135,0.8114,8.00,2.60
2010.10.01 14:18:17.763,0.81125,0.81135,4.00,3.30
2010.10.01 14:18:18.249,0.8112,0.81135,4.00,5.90
2010.10.01 14:18:18.627,0.81115,0.8113,8.00,2.60
2010.10.01 14:18:19.390,0.8111,0.8113,8.00,6.60
2010.10.01 14:18:19.743,0.8111,0.8113,4.00,6.60
2010.10.01 14:18:20.508,0.8111,0.8112,4.00,1.00
2010.10.01 14:18:21.296,0.8111,0.8112,4.00,5.80
2010.10.01 14:18:21.671,0.81095,0.8111,1.60,1.00
2010.10.01 14:18:22.418,0.81095,0.81115,1.60,15.00
2010.10.01 14:18:23.194,0.81105,0.81115,1.00,8.00
2010.10.01 14:18:23.575,0.81105,0.81125,4.10,4.00
2010.10.01 14:18:24.323,0.81105,0.81125,4.00,3.20
2010.10.01 14:18:24.674,0.8111,0.81125,1.00,1.60
2010.10.01 14:18:25.446,0.81105,0.8112,3.00,8.00
2010.10.01 14:18:25.978,0.81095,0.81105,1.60,9.60
2010.10.01 14:18:26.197,0.81085,0.81105,4.60,9.60
2010.10.01 14:18:26.844,0.81085,0.81105,2.00,12.20
2010.10.01 14:18:27.058,0.81085,0.81105,3.60,12.20
2010.10.01 14:18:27.525,0.81085,0.81105,2.00,12.20
2010.10.01 14:18:28.674,0.81085,0.81105,4.40,11.20
2010.10.01 14:18:29.035,0.8108,0.8109,4.00,5.60
2010.10.01 14:18:29.578,0.8107,0.8109,3.80,5.60
2010.10.01 14:18:29.936,0.81075,0.81095,3.60,10.70
2010.10.01 14:18:30.368,0.81075,0.81095,5.60,8.80
2010.10.01 14:18:30.744,0.8108,0.811,11.20,1.60
2010.10.01 14:18:31.525,0.81085,0.81105,3.40,6.40
2010.10.01 14:18:31.876,0.81085,0.81105,1.60,5.80
2010.10.01 14:18:32.622,0.8108,0.81105,8.30,8.20
2010.10.01 14:18:32.976,0.8108,0.811,1.00,1.60
2010.10.01 14:18:33.704,0.8108,0.811,1.00,5.80
2010.10.01 14:18:34.056,0.8108,0.811,1.40,5.60
2010.10.01 14:18:34.865,0.81085,0.81095,1.00,1.00
2010.10.01 14:18:35.216,0.8107,0.81095,6.80,9.80
2010.10.01 14:18:35.640,0.8107,0.81095,6.80,8.20
2010.10.01 14:18:35.994,0.8107,0.81095,1.00,13.90
2010.10.01 14:18:36.346,0.8107,0.81095,2.60,12.30
2010.10.01 14:18:37.148,0.8107,0.81095,10.20,8.00
2010.10.01 14:18:37.928,0.81075,0.81095,1.00,4.00
2010.10.01 14:18:38.288,0.81085,0.811,1.00,4.00
2010.10.01 14:18:38.989,0.81085,0.81105,1.00,5.60
2010.10.01 14:18:39.306,0.81085,0.811,4.00,2.40
2010.10.01 14:18:40.093,0.8108,0.811,1.00,3.20
2010.10.01 14:18:40.445,0.8108,0.811,2.60,7.50
2010.10.01 14:18:40.803,0.8108,0.811,7.00,1.60
2010.10.01 14:18:41.579,0.8108,0.811,1.00,3.20
2010.10.01 14:18:43.505,0.8108,0.811,6.80,2.40
2010.10.01 14:18:43.859,0.8108,0.81095,1.00,1.00
2010.10.01 14:18:44.390,0.8108,0.81095,1.00,1.80
2010.10.01 14:18:44.744,0.8107,0.8109,1.10,1.60
2010.10.01 14:18:45.843,0.8107,0.8109,2.80,1.00
2010.10.01 14:18:46.194,0.8107,0.81095,3.70,13.60
2010.10.01 14:18:46.897,0.81075,0.81095,2.90,11.20
2010.10.01 14:18:47.207,0.81075,0.8109,1.00,4.00
2010.10.01 14:18:47.911,0.81075,0.8109,2.40,1.60
2010.10.01 14:18:48.268,0.8108,0.81095,1.00,1.60
2010.10.01 14:18:49.141,0.8109,0.811,1.60,10.40
2010.10.01 14:18:49.455,0.81105,0.81115,1.60,1.00
2010.10.01 14:18:49.919,0.81105,0.81115,1.60,2.40
2010.10.01 14:18:50.229,0.811,0.81115,1.60,5.80
2010.10.01 14:18:50.984,0.81095,0.81115,1.60,14.70
2010.10.01 14:18:51.364,0.8109,0.8111,5.60,1.90
2010.10.01 14:18:52.103,0.81095,0.81115,5.90,8.00
2010.10.01 14:18:52.464,0.81095,0.81115,5.70,6.40
2010.10.01 14:18:53.255,0.811,0.81115,5.60,5.80
2010.10.01 14:18:53.606,0.811,0.81115,2.60,1.00
2010.10.01 14:18:54.359,0.81095,0.8112,13.20,7.50
2010.10.01 14:18:54.688,0.81095,0.81115,6.00,4.10
2010.10.01 14:18:55.344,0.81095,0.81115,4.40,1.00
2010.10.01 14:18:55.694,0.81095,0.81115,4.20,9.90
2010.10.01 14:18:56.457,0.81095,0.8111,4.00,2.60
2010.10.01 14:18:56.818,0.81095,0.8111,1.60,12.20
2010.10.01 14:18:57.562,0.81095,0.8111,3.20,11.40
2010.10.01 14:18:57.930,0.81095,0.81115,3.30,14.60
2010.10.01 14:18:58.672,0.81095,0.81115,3.40,12.10
