2016.05.22 22:00:00.097,0.79603,0.7964,1.50,0.75
2016.05.22 22:00:00.200,0.79603,0.7963,0.75,0.75
2016.05.22 22:00:00.303,0.79603,0.79632,0.75,0.37
2016.05.22 22:00:00.354,0.79603,0.79622,0.75,0.37
2016.05.22 22:00:00.405,0.79601,0.79622,0.75,0.37
2016.05.22 22:00:00.473,0.79599,0.79624,0.10,0.37
2016.05.22 22:00:00.525,0.79596,0.79626,0.75,0.37
2016.05.22 22:00:00.637,0.79597,0.79632,0.12,0.75
2016.05.22 22:00:00.993,0.79596,0.7963,0.75,0.75
2016.05.22 22:00:01.297,0.79598,0.79631,0.75,0.75
2016.05.22 22:00:01.812,0.79599,0.79631,0.19,0.75
2016.05.22 22:00:02.017,0.79598,0.79635,0.75,0.75
2016.05.22 22:00:02.170,0.79598,0.79632,0.75,0.19
2016.05.22 22:00:02.324,0.79595,0.79631,0.19,0.37
2016.05.22 22:00:02.476,0.79598,0.79635,0.75,0.37
2016.05.22 22:00:02.578,0.79604,0.79635,0.75,0.37
2016.05.22 22:00:02.882,0.79601,0.79636,0.75,0.75
2016.05.22 22:00:02.972,0.79601,0.79634,0.75,0.37
2016.05.22 22:00:03.277,0.79606,0.79636,0.75,1.50
2016.05.22 22:00:03.379,0.79601,0.79636,0.75,0.75
2016.05.22 22:00:03.482,0.79604,0.79636,0.75,1.12
2016.05.22 22:00:03.533,0.79604,0.79639,0.75,0.37
2016.05.22 22:00:03.963,0.79604,0.79641,0.75,0.75
2016.05.22 22:00:04.065,0.79604,0.79639,0.75,0.37
2016.05.22 22:00:04.470,0.79605,0.79641,0.75,0.75
2016.05.22 22:00:04.876,0.79603,0.79641,0.75,0.75
2016.05.22 22:00:04.927,0.79605,0.79641,0.12,0.75
2016.05.22 22:00:05.578,0.79608,0.79641,0.75,0.75
2016.05.22 22:00:05.788,0.79604,0.79641,0.84,0.75
2016.05.22 22:00:06.325,0.79608,0.79641,0.75,0.75
2016.05.22 22:00:06.494,0.79605,0.79641,0.75,0.75
2016.05.22 22:00:06.798,0.79607,0.79641,0.75,1.12
2016.05.22 22:00:08.068,0.7961,0.79641,0.75,0.37
2016.05.22 22:00:08.390,0.79625,0.79659,0.75,0.75
2016.05.22 22:00:08.493,0.79625,0.79656,0.75,0.75
2016.05.22 22:00:08.544,0.7962,0.79656,0.19,0.75
2016.05.22 22:00:08.704,0.7962,0.79652,0.19,0.75
2016.05.22 22:00:09.008,0.7962,0.79644,0.19,0.37
2016.05.22 22:00:09.906,0.7962,0.79643,0.19,0.75
2016.05.22 22:00:10.319,0.7962,0.79641,0.19,0.75
2016.05.22 22:00:11.125,0.7962,0.7964,0.19,0.75
2016.05.22 22:00:11.387,0.7962,0.79642,0.19,1.87
2016.05.22 22:00:11.918,0.7962,0.79644,0.19,1.50
2016.05.22 22:00:12.222,0.796,0.79642,0.75,0.75
2016.05.22 22:00:12.328,0.796,0.79631,0.75,0.75
2016.05.22 22:00:13.064,0.796,0.79632,0.75,1.50
2016.05.22 22:00:13.369,0.796,0.79628,0.75,1.50
2016.05.22 22:00:14.139,0.796,0.79629,0.75,0.75
2016.05.22 22:00:14.728,0.796,0.79628,0.75,0.75
2016.05.22 22:00:15.163,0.79595,0.79628,1.50,0.75
2016.05.22 22:00:15.418,0.79595,0.79626,1.50,0.75
2016.05.22 22:00:16.425,0.79595,0.79623,1.50,0.75
2016.05.22 22:00:16.976,0.79595,0.79622,1.50,0.75
2016.05.22 22:00:17.324,0.79595,0.79624,1.50,0.75
2016.05.22 22:00:17.528,0.79593,0.79625,0.19,0.75
2016.05.22 22:00:17.733,0.79592,0.79622,0.75,0.75
2016.05.22 22:00:18.040,0.79612,0.79628,0.75,0.37
2016.05.22 22:00:18.092,0.79612,0.79635,0.75,0.75
2016.05.22 22:00:18.452,0.79612,0.79637,0.75,1.50
2016.05.22 22:00:18.656,0.79612,0.79643,0.75,2.25
2016.05.22 22:00:18.707,0.79612,0.79648,0.75,0.75
2016.05.22 22:00:18.758,0.79616,0.79648,0.75,0.75
2016.05.22 22:00:18.809,0.79616,0.79652,0.75,0.75
2016.05.22 22:00:18.911,0.79616,0.79655,0.75,1.50
2016.05.22 22:00:19.013,0.79616,0.79657,0.75,0.75
2016.05.22 22:00:19.183,0.79615,0.79653,0.75,0.75
2016.05.22 22:00:19.234,0.79612,0.79653,0.75,0.75
2016.05.22 22:00:19.387,0.79613,0.79657,0.75,0.75
2016.05.22 22:00:19.439,0.7962,0.79657,0.75,0.75
2016.05.22 22:00:19.540,0.79618,0.79658,0.75,0.75
2016.05.22 22:00:19.591,0.79618,0.79662,0.75,0.75
2016.05.22 22:00:19.693,0.79618,0.79659,0.75,0.75
2016.05.22 22:00:19.795,0.79616,0.79658,1.50,0.75
2016.05.22 22:00:20.302,0.79616,0.79659,1.50,0.75
2016.05.22 22:00:20.814,0.79616,0.79658,1.50,0.75
2016.05.22 22:00:21.288,0.79616,0.79656,1.50,0.75
2016.05.22 22:00:21.786,0.79616,0.79658,1.50,1.50
2016.05.22 22:00:22.284,0.79616,0.79655,1.50,0.75
2016.05.22 22:00:22.591,0.79616,0.79653,0.75,0.75
2016.05.22 22:00:24.300,0.79616,0.79654,0.75,0.75
2016.05.22 22:00:24.604,0.79616,0.79652,0.75,0.75
2016.05.22 22:00:24.908,0.79616,0.79639,0.75,0.75
2016.05.22 22:00:24.959,0.79616,0.79643,0.75,0.75
2016.05.22 22:00:25.010,0.79613,0.79643,0.75,1.12
2016.05.22 22:00:25.061,0.79613,0.79639,0.75,0.75
2016.05.22 22:00:25.766,0.79613,0.79638,0.75,0.75
2016.05.22 22:00:26.568,0.79612,0.79638,0.75,0.75
2016.05.22 22:00:26.758,0.79612,0.7964,0.75,0.75
2016.05.22 22:00:26.994,0.79612,0.79644,0.75,0.37
2016.05.22 22:00:28.196,0.79612,0.79642,0.75,0.75
2016.05.22 22:00:28.516,0.79612,0.79635,0.75,0.75
2016.05.22 22:00:29.266,0.79612,0.79638,0.75,0.75
2016.05.22 22:00:29.469,0.79613,0.79635,0.75,0.75
2016.05.22 22:00:30.068,0.79613,0.79636,0.75,0.75
2016.05.22 22:00:30.616,0.79613,0.79635,0.75,0.75
2016.05.22 22:00:30.980,0.79613,0.79638,0.75,0.75
2016.05.22 22:00:31.618,0.79613,0.79636,0.75,0.75
2016.05.22 22:00:32.140,0.79613,0.79635,0.75,0.75
2016.05.22 22:00:32.617,0.79613,0.79637,0.75,0.75
2016.05.22 22:00:33.100,0.79613,0.79641,0.75,0.75
2016.05.22 22:00:33.509,0.79613,0.79635,0.75,0.75
2016.05.22 22:00:34.941,0.79612,0.79635,0.75,0.75
2016.05.22 22:00:36.259,0.79613,0.79635,0.75,0.75
2016.05.22 22:00:36.412,0.79613,0.79637,0.75,0.75
2016.05.22 22:00:36.716,0.79612,0.79639,0.75,0.75
2016.05.22 22:00:36.920,0.79615,0.79639,0.75,0.75
2016.05.22 22:00:37.230,0.79618,0.79641,0.75,0.75
2016.05.22 22:00:37.748,0.79618,0.7964,0.75,0.75
2016.05.22 22:00:38.294,0.79618,0.79641,0.75,0.75
2016.05.22 22:00:38.345,0.79615,0.79641,0.75,0.75
2016.05.22 22:00:38.396,0.79615,0.79645,0.75,0.37
2016.05.22 22:00:38.910,0.79613,0.79646,0.75,0.75
2016.05.22 22:00:40.296,0.79616,0.79646,0.75,0.75
2016.05.22 22:00:40.553,0.79612,0.79644,1.50,0.75
2016.05.22 22:00:40.604,0.79612,0.79646,1.50,0.75
2016.05.22 22:00:40.807,0.79612,0.79643,1.50,0.75
2016.05.22 22:00:40.909,0.79612,0.79646,1.50,1.50
2016.05.22 22:00:41.113,0.79617,0.79646,0.75,0.75
2016.05.22 22:00:41.451,0.79612,0.79646,1.50,0.75
2016.05.22 22:00:41.756,0.79617,0.79646,0.75,0.75
2016.05.22 22:00:42.391,0.79619,0.7965,0.75,1.50
2016.05.22 22:00:42.443,0.79619,0.79644,0.75,0.75
2016.05.22 22:00:42.545,0.79619,0.79647,0.75,0.75
2016.05.22 22:00:44.426,0.79617,0.79647,0.75,1.50
2016.05.22 22:00:45.927,0.79617,0.79644,0.75,0.75
2016.05.22 22:00:47.624,0.79618,0.79649,0.75,0.37
2016.05.22 22:00:47.726,0.79618,0.79646,0.75,0.75
2016.05.22 22:00:48.248,0.79619,0.79646,0.75,0.75
2016.05.22 22:00:48.732,0.79618,0.7965,0.75,0.75
2016.05.22 22:00:48.833,0.79618,0.79646,0.75,0.75
2016.05.22 22:00:50.097,0.79617,0.79646,1.50,0.75
2016.05.22 22:00:50.773,0.79617,0.79647,1.50,0.75
2016.05.22 22:00:51.554,0.79617,0.79648,1.50,0.75
2016.05.22 22:00:52.129,0.79617,0.79647,0.75,0.75
2016.05.22 22:00:52.483,0.79621,0.79651,0.75,0.75
2016.05.22 22:00:52.790,0.79624,0.79653,0.75,0.75
2016.05.22 22:00:53.096,0.79624,0.7965,0.75,0.75
2016.05.22 22:00:53.627,0.79624,0.79651,0.75,0.75
2016.05.22 22:00:57.589,0.79624,0.7965,0.75,0.75
2016.05.22 22:00:57.640,0.79622,0.7965,1.50,0.75
2016.05.22 22:00:58.179,0.79622,0.79651,0.75,0.75
2016.05.22 22:00:58.332,0.79622,0.79653,0.75,0.75
2016.05.22 22:00:58.852,0.7962,0.7965,0.75,0.75
2016.05.22 22:00:59.209,0.79617,0.79648,0.75,0.75
2016.05.22 22:00:59.753,0.79617,0.79647,0.75,0.75
2016.05.22 22:01:00.260,0.79617,0.79646,0.75,0.75
2016.05.22 22:01:00.768,0.79617,0.79647,0.75,0.75
2016.05.22 22:01:01.317,0.79615,0.79645,0.75,0.75
2016.05.22 22:01:01.622,0.79615,0.79643,0.75,0.75
2016.05.22 22:01:03.662,0.79616,0.79643,0.75,0.75
2016.05.22 22:01:03.713,0.79616,0.79645,0.75,1.50
2016.05.22 22:01:04.220,0.79615,0.79645,0.75,0.75
2016.05.22 22:01:05.848,0.79617,0.79645,0.75,0.75
2016.05.22 22:01:05.899,0.79619,0.79649,0.75,1.50
2016.05.22 22:01:06.153,0.79623,0.79651,0.75,0.75
2016.05.22 22:01:09.695,0.7962,0.79649,0.75,0.75
2016.05.22 22:01:11.088,0.79622,0.79652,0.75,1.50
2016.05.22 22:01:12.165,0.79626,0.79652,0.75,1.50
2016.05.22 22:01:12.572,0.79622,0.79652,1.50,0.75
2016.05.22 22:01:15.957,0.79626,0.79654,0.75,0.75
2016.05.22 22:01:19.417,0.79627,0.79654,0.75,0.75
2016.05.22 22:01:19.961,0.79626,0.79654,0.75,0.75
2016.05.22 22:01:20.938,0.79628,0.79657,0.75,1.50
2016.05.22 22:01:20.990,0.7963,0.7966,0.75,0.75
2016.05.22 22:01:21.041,0.79637,0.79662,0.75,0.75
2016.05.22 22:01:21.092,0.79635,0.79662,0.75,0.75
2016.05.22 22:01:21.143,0.7964,0.79662,0.75,0.75
2016.05.22 22:01:21.297,0.79638,0.79667,0.75,0.75
2016.05.22 22:01:21.348,0.79635,0.79665,1.50,0.75
2016.05.22 22:01:21.399,0.79635,0.79661,0.75,0.75
2016.05.22 22:01:21.941,0.79634,0.79661,0.75,0.75
2016.05.22 22:01:22.195,0.79631,0.79659,0.75,0.75
2016.05.22 22:01:22.703,0.79628,0.79657,0.75,0.75
2016.05.22 22:01:27.725,0.79627,0.79657,0.75,1.50
2016.05.22 22:01:32.819,0.79629,0.79656,0.75,0.75
2016.05.22 22:01:37.762,0.7963,0.79657,0.75,0.75
2016.05.22 22:01:37.813,0.7963,0.79659,0.75,0.75
2016.05.22 22:01:39.913,0.79632,0.79662,0.75,2.25
2016.05.22 22:01:40.689,0.79632,0.79661,0.75,1.50
2016.05.22 22:01:41.510,0.79632,0.79662,0.75,2.25
2016.05.22 22:01:42.052,0.79632,0.79661,0.75,1.50
2016.05.22 22:01:42.579,0.79632,0.79662,0.75,2.25
2016.05.22 22:01:44.917,0.79634,0.79664,0.75,0.75
2016.05.22 22:01:45.934,0.79633,0.7966,0.75,0.75
2016.05.22 22:01:52.518,0.79636,0.79663,0.75,1.50
2016.05.22 22:01:57.586,0.79634,0.79663,0.75,0.75
2016.05.22 22:01:59.074,0.79638,0.79665,0.75,0.75
2016.05.22 22:02:00.486,0.79641,0.79668,0.75,0.75
2016.05.22 22:02:05.722,0.79639,0.79668,0.75,0.75
2016.05.22 22:02:10.750,0.79638,0.79667,0.75,0.75
2016.05.22 22:02:13.262,0.79647,0.79672,0.75,1.50
2016.05.22 22:02:13.313,0.79643,0.79672,0.75,0.75
2016.05.22 22:02:13.416,0.79641,0.79668,0.75,1.50
2016.05.22 22:02:14.349,0.79638,0.79666,0.75,0.75
2016.05.22 22:02:15.416,0.79636,0.79663,0.75,0.75
2016.05.22 22:02:20.468,0.79636,0.79662,0.75,0.75
2016.05.22 22:02:26.069,0.79637,0.79664,0.75,0.75
2016.05.22 22:02:27.956,0.79641,0.79669,0.75,1.50
2016.05.22 22:02:28.008,0.79643,0.79671,0.75,0.75
2016.05.22 22:02:28.338,0.79641,0.79669,0.75,0.75
2016.05.22 22:02:29.771,0.79639,0.79666,0.75,0.75
2016.05.22 22:02:34.792,0.79637,0.79666,0.75,1.50
2016.05.22 22:02:39.873,0.79638,0.79664,0.75,0.75
2016.05.22 22:02:44.919,0.79636,0.79664,0.75,0.75
2016.05.22 22:02:51.070,0.79637,0.79666,0.75,1.50
2016.05.22 22:02:53.863,0.7964,0.79668,0.75,0.75
2016.05.22 22:03:00.077,0.7964,0.79669,0.75,0.75
2016.05.22 22:03:00.381,0.79642,0.79668,0.75,0.75
2016.05.22 22:03:10.934,0.79639,0.79667,0.75,0.75
2016.05.22 22:03:15.921,0.79641,0.79669,0.75,0.75
2016.05.22 22:03:21.015,0.79642,0.7967,0.75,0.75
2016.05.22 22:03:22.306,0.79643,0.7967,0.19,1.50
2016.05.22 22:03:22.865,0.79642,0.7967,1.69,0.75
2016.05.22 22:03:26.143,0.79643,0.79671,0.75,1.50
2016.05.22 22:03:31.362,0.79644,0.79671,0.75,1.50
2016.05.22 22:03:37.536,0.79646,0.79672,0.75,0.75
2016.05.22 22:03:42.515,0.79646,0.79673,0.75,1.50
2016.05.22 22:03:55.854,0.79647,0.79673,0.75,1.50
2016.05.22 22:03:58.830,0.79648,0.79673,0.75,1.50
2016.05.22 22:03:59.133,0.79649,0.79677,1.50,0.75
2016.05.22 22:03:59.184,0.79648,0.79674,0.19,0.75
2016.05.22 22:03:59.697,0.79647,0.79674,1.50,0.75
2016.05.22 22:04:00.252,0.79647,0.79673,0.75,0.75
2016.05.22 22:04:01.336,0.79647,0.79674,0.75,0.75
2016.05.22 22:04:05.219,0.79646,0.79674,1.25,1.50
2016.05.22 22:04:07.469,0.79646,0.79673,1.69,1.00
2016.05.22 22:04:08.471,0.79646,0.79674,1.25,1.00
2016.05.22 22:04:12.006,0.79647,0.79674,1.00,1.00
2016.05.22 22:04:13.937,0.79647,0.79674,1.00,1.37
2016.05.22 22:04:17.474,0.79648,0.79672,1.00,1.12
2016.05.22 22:04:21.721,0.79646,0.79669,1.25,1.00
2016.05.22 22:04:23.848,0.79646,0.79672,1.69,1.12
2016.05.22 22:04:24.427,0.79646,0.7967,1.25,1.00
2016.05.22 22:04:25.308,0.79647,0.7967,1.00,1.00
2016.05.22 22:04:25.794,0.79647,0.79673,1.50,1.50
2016.05.22 22:04:28.565,0.79645,0.79668,1.69,1.00
2016.05.22 22:04:33.118,0.79647,0.79673,1.00,1.50
2016.05.22 22:04:40.080,0.79647,0.79673,1.19,1.50
2016.05.22 22:04:43.270,0.7965,0.79674,1.19,1.75
2016.05.22 22:04:43.322,0.7965,0.79676,1.19,1.12
2016.05.22 22:04:43.526,0.7965,0.79676,1.19,3.00
2016.05.22 22:04:43.577,0.7965,0.79676,1.00,3.00
2016.05.22 22:04:43.629,0.79647,0.79673,1.25,1.12
2016.05.22 22:04:44.149,0.79647,0.79673,1.25,1.50
2016.05.22 22:04:44.564,0.79649,0.79673,1.19,1.50
2016.05.22 22:04:47.226,0.79652,0.79673,1.19,1.50
2016.05.22 22:04:47.449,0.79649,0.79673,1.19,1.50
2016.05.22 22:04:48.012,0.79651,0.79673,1.19,1.50
2016.05.22 22:04:48.553,0.79653,0.79673,1.19,1.00
2016.05.22 22:04:48.604,0.79653,0.79675,1.19,1.50
2016.05.22 22:04:48.656,0.79656,0.79679,1.19,1.75
2016.05.22 22:04:48.759,0.79656,0.79681,1.19,1.50
2016.05.22 22:04:49.304,0.79656,0.79681,1.19,1.12
2016.05.22 22:04:53.615,0.79655,0.79681,1.69,1.12
2016.05.22 22:04:54.923,0.79662,0.79682,1.19,1.37
2016.05.22 22:04:55.026,0.79658,0.79682,1.19,1.37
2016.05.22 22:05:00.112,0.7966,0.79684,1.69,1.75
2016.05.22 22:05:00.869,0.79662,0.79684,1.19,2.25
2016.05.22 22:05:01.387,0.7966,0.79684,1.19,2.25
2016.05.22 22:05:02.039,0.7966,0.79683,1.19,1.00
2016.05.22 22:05:03.199,0.79661,0.79684,1.19,1.37
2016.05.22 22:05:03.514,0.7966,0.79684,1.19,1.87
2016.05.22 22:05:05.457,0.7966,0.79682,1.19,1.00
2016.05.22 22:05:05.549,0.7966,0.7968,1.19,1.00
2016.05.22 22:05:05.804,0.79651,0.79675,2.06,1.00
2016.05.22 22:05:05.906,0.79654,0.79675,1.19,1.00
2016.05.22 22:05:07.775,0.79653,0.79675,1.00,1.00
2016.05.22 22:05:08.790,0.79652,0.79675,1.00,1.12
2016.05.22 22:05:10.676,0.79649,0.79671,1.50,1.00
2016.05.22 22:05:11.180,0.79648,0.79671,1.50,1.12
2016.05.22 22:05:12.514,0.79655,0.79671,1.25,1.12
2016.05.22 22:05:12.748,0.79652,0.79673,1.00,1.75
2016.05.22 22:05:12.799,0.7965,0.79673,1.00,1.75
2016.05.22 22:05:12.901,0.79648,0.79673,1.50,1.75
2016.05.22 22:05:14.063,0.7965,0.79673,1.00,1.75
2016.05.22 22:05:14.387,0.79654,0.79673,1.25,1.75
2016.05.22 22:05:14.750,0.7965,0.79673,1.00,1.75
2016.05.22 22:05:14.803,0.79654,0.79678,1.00,1.75
2016.05.22 22:05:15.058,0.79651,0.79677,1.00,1.00
2016.05.22 22:05:15.110,0.79654,0.79679,1.00,1.12
2016.05.22 22:05:15.415,0.79659,0.79682,1.69,1.50
2016.05.22 22:05:15.738,0.79664,0.79682,1.25,1.50
2016.05.22 22:05:17.782,0.79666,0.79682,1.25,1.00
2016.05.22 22:05:18.333,0.79664,0.79682,1.25,1.00
2016.05.22 22:05:20.349,0.79664,0.79683,1.25,1.12
2016.05.22 22:05:22.524,0.79663,0.79683,1.25,1.12
2016.05.22 22:05:23.969,0.79658,0.79683,2.25,1.12
2016.05.22 22:05:24.020,0.79658,0.7968,1.00,1.00
2016.05.22 22:05:24.568,0.79655,0.7968,1.19,1.00
2016.05.22 22:05:34.101,0.79657,0.7968,1.19,1.00
2016.05.22 22:05:34.254,0.79657,0.79682,1.19,1.00
2016.05.22 22:05:34.764,0.79657,0.79682,1.19,1.00
2016.05.22 22:05:36.513,0.79657,0.79682,1.00,1.00
2016.05.22 22:05:39.385,0.79656,0.79679,1.00,1.00
2016.05.22 22:05:49.442,0.79656,0.79681,1.69,1.00
2016.05.22 22:05:53.466,0.79657,0.79681,1.00,1.00
2016.05.22 22:05:54.276,0.7966,0.79681,1.00,1.00
2016.05.22 22:05:58.363,0.79659,0.79681,1.00,1.00
2016.05.22 22:05:58.668,0.79661,0.79681,1.00,1.00
2016.05.22 22:05:59.191,0.79662,0.79681,1.00,1.00
2016.05.22 22:06:00.911,0.79662,0.79682,1.00,1.00
2016.05.22 22:06:02.472,0.79659,0.79682,1.00,1.00
2016.05.22 22:06:03.754,0.7966,0.79682,1.00,1.00
2016.05.22 22:06:05.245,0.79659,0.79682,1.00,1.50
2016.05.22 22:06:05.769,0.79659,0.79681,1.00,1.00
2016.05.22 22:06:06.966,0.79659,0.79682,1.00,1.50
2016.05.22 22:06:11.670,0.79658,0.79682,1.50,1.00
2016.05.22 22:06:18.343,0.79658,0.7968,1.25,1.00
2016.05.22 22:06:19.165,0.79657,0.7968,1.00,1.00
2016.05.22 22:06:20.192,0.79658,0.7968,1.25,1.00
2016.05.22 22:06:23.459,0.79658,0.79681,1.25,1.00
2016.05.22 22:06:34.238,0.79658,0.79682,1.25,1.00
2016.05.22 22:06:37.298,0.79659,0.79682,1.00,1.00
2016.05.22 22:06:45.889,0.79659,0.79677,1.00,1.00
2016.05.22 22:06:46.041,0.79654,0.79673,1.00,1.00
2016.05.22 22:06:46.143,0.79651,0.79673,1.19,1.00
2016.05.22 22:06:46.449,0.79647,0.79671,1.69,1.00
2016.05.22 22:06:47.570,0.79647,0.79671,1.69,1.00
2016.05.22 22:06:49.003,0.79647,0.79667,1.19,1.00
2016.05.22 22:06:49.105,0.79646,0.79667,1.00,1.00
2016.05.22 22:06:49.614,0.79644,0.79666,1.19,1.00
2016.05.22 22:06:50.215,0.79644,0.79666,1.19,1.00
2016.05.22 22:06:52.105,0.79644,0.79666,1.25,1.00
2016.05.22 22:06:52.208,0.79641,0.79664,1.00,1.00
2016.05.22 22:06:52.413,0.79645,0.79669,1.25,1.50
2016.05.22 22:06:52.516,0.79645,0.79669,1.19,1.00
2016.05.22 22:06:54.150,0.79645,0.79669,1.19,1.00
2016.05.22 22:06:58.207,0.79646,0.79669,1.25,1.75
2016.05.22 22:07:06.223,0.79645,0.79669,1.69,2.25
2016.05.22 22:07:06.731,0.79644,0.79665,1.69,1.50
2016.05.22 22:07:06.950,0.79646,0.79668,1.25,1.50
2016.05.22 22:07:07.471,0.79647,0.79668,1.00,1.12
2016.05.22 22:07:07.592,0.79647,0.79669,1.69,1.50
2016.05.22 22:07:10.038,0.79648,0.79669,1.19,1.50
2016.05.22 22:07:16.378,0.79648,0.79669,1.69,1.50
2016.05.22 22:07:16.714,0.7965,0.79672,1.31,1.50
2016.05.22 22:07:20.143,0.7965,0.79672,1.31,1.50
2016.05.22 22:07:24.942,0.79651,0.79674,1.00,1.50
2016.05.22 22:07:24.993,0.79653,0.79674,1.19,1.50
2016.05.22 22:07:25.095,0.79651,0.79674,1.69,1.12
2016.05.22 22:07:25.248,0.79653,0.79674,1.00,1.50
2016.05.22 22:07:25.795,0.79652,0.79674,1.25,1.50
2016.05.22 22:07:29.709,0.79652,0.79674,1.19,1.50
2016.05.22 22:07:29.760,0.79652,0.79674,1.19,1.50
2016.05.22 22:07:29.862,0.79652,0.79672,1.19,1.00
2016.05.22 22:07:30.129,0.79652,0.79672,1.25,1.00
2016.05.22 22:07:31.284,0.79651,0.79673,1.19,1.12
2016.05.22 22:07:37.086,0.79652,0.79673,1.25,1.50
2016.05.22 22:07:40.070,0.79651,0.79673,1.19,1.50
2016.05.22 22:07:41.909,0.79651,0.79671,1.19,1.00
2016.05.22 22:07:45.302,0.79652,0.79671,1.19,1.37
2016.05.22 22:07:49.608,0.79652,0.79671,1.00,1.37
2016.05.22 22:07:49.710,0.79649,0.79671,1.31,1.37
2016.05.22 22:07:49.863,0.7965,0.79671,1.19,1.37
2016.05.22 22:08:00.047,0.79651,0.79671,1.19,1.37
2016.05.22 22:08:06.447,0.79651,0.7967,1.19,1.75
2016.05.22 22:08:06.663,0.7965,0.7967,1.00,1.75
2016.05.22 22:08:07.183,0.7965,0.79671,1.19,1.87
2016.05.22 22:08:07.838,0.7965,0.79667,1.19,1.00
2016.05.22 22:08:08.351,0.7965,0.79667,1.00,1.00
2016.05.22 22:08:09.549,0.79651,0.79667,1.00,1.00
2016.05.22 22:08:09.652,0.79648,0.79667,1.12,1.00
2016.05.22 22:08:09.754,0.7965,0.79667,1.00,1.00
2016.05.22 22:08:10.418,0.79651,0.79667,1.00,1.00
2016.05.22 22:08:23.658,0.7965,0.79667,1.25,1.00
2016.05.22 22:08:40.085,0.7965,0.79667,1.19,1.00
2016.05.22 22:08:40.266,0.79651,0.79672,1.25,1.50
2016.05.22 22:08:40.317,0.79653,0.79672,1.00,1.50
2016.05.22 22:08:40.622,0.79654,0.79669,1.00,1.00
2016.05.22 22:08:45.304,0.79653,0.79669,1.25,1.00
2016.05.22 22:08:49.684,0.79651,0.79668,1.19,1.00
2016.05.22 22:08:50.885,0.79651,0.79668,1.00,1.00
2016.05.22 22:08:51.564,0.79651,0.7967,1.00,1.87
2016.05.22 22:08:52.099,0.79652,0.7967,1.00,1.50
2016.05.22 22:08:52.704,0.79652,0.79668,1.00,1.00
2016.05.22 22:08:59.653,0.79651,0.79668,1.00,1.00
2016.05.22 22:09:00.706,0.79651,0.7967,1.00,1.12
2016.05.22 22:09:01.559,0.79651,0.79672,1.19,1.37
2016.05.22 22:09:02.068,0.79652,0.79672,1.19,1.37
2016.05.22 22:09:04.128,0.79651,0.7967,1.19,1.00
2016.05.22 22:09:04.672,0.79652,0.7967,1.19,1.00
2016.05.22 22:09:08.596,0.79652,0.7967,1.00,1.00
2016.05.22 22:09:09.114,0.79651,0.7967,1.00,1.00
2016.05.22 22:09:10.269,0.79651,0.79669,1.00,1.00
2016.05.22 22:09:10.776,0.79651,0.7967,1.00,1.00
2016.05.22 22:09:12.342,0.79652,0.7967,1.00,1.00
2016.05.22 22:09:12.445,0.79647,0.79669,1.50,1.00
2016.05.22 22:09:12.496,0.79647,0.79669,1.12,1.37
2016.05.22 22:09:28.081,0.79646,0.79668,1.12,1.50
2016.05.22 22:09:36.565,0.79646,0.79668,1.37,1.37
2016.05.22 22:09:37.068,0.79646,0.79668,1.00,1.50
2016.05.22 22:09:37.697,0.79647,0.79668,1.00,1.50
2016.05.22 22:09:38.205,0.79648,0.79668,1.00,1.50
2016.05.22 22:09:43.539,0.79646,0.79668,1.00,1.50
2016.05.22 22:09:48.809,0.79645,0.79668,1.12,1.50
2016.05.22 22:09:54.293,0.79646,0.79669,1.00,1.75
2016.05.22 22:10:05.921,0.79644,0.79664,1.12,1.00
2016.05.22 22:10:06.126,0.79642,0.79664,1.00,1.50
2016.05.22 22:10:06.177,0.79642,0.79664,1.00,1.50
2016.05.22 22:10:06.712,0.79643,0.79661,1.00,1.00
2016.05.22 22:10:06.763,0.79641,0.79661,1.50,1.00
2016.05.22 22:10:07.251,0.7964,0.79659,1.00,1.00
2016.05.22 22:10:07.785,0.7964,0.7966,2.25,1.12
2016.05.22 22:10:14.874,0.7964,0.79662,1.50,1.75
2016.05.22 22:10:15.401,0.79639,0.79661,1.50,1.75
2016.05.22 22:10:18.384,0.7964,0.7966,1.00,1.50
2016.05.22 22:10:18.921,0.79639,0.79658,1.50,1.00
2016.05.22 22:10:19.437,0.79639,0.7966,1.00,1.50
2016.05.22 22:10:20.246,0.79638,0.7966,1.50,1.50
2016.05.22 22:10:20.863,0.79637,0.7966,2.25,1.50
2016.05.22 22:10:21.969,0.79638,0.7966,1.00,1.50
2016.05.22 22:10:22.292,0.79641,0.79661,1.00,2.25
2016.05.22 22:10:23.284,0.7964,0.79661,1.00,2.25
2016.05.22 22:10:24.271,0.79639,0.79661,1.00,2.62
2016.05.22 22:10:25.289,0.79638,0.79659,1.50,1.12
2016.05.22 22:10:29.658,0.79637,0.79659,1.25,1.12
2016.05.22 22:10:29.971,0.79642,0.7966,1.00,1.37
2016.05.22 22:10:30.466,0.7964,0.7966,1.00,1.37
2016.05.22 22:10:30.977,0.79639,0.79661,1.00,1.87
2016.05.22 22:10:34.181,0.79642,0.79661,1.00,1.75
2016.05.22 22:10:37.178,0.7964,0.79659,1.00,1.12
2016.05.22 22:10:37.810,0.79639,0.79659,1.00,1.12
2016.05.22 22:10:38.799,0.79641,0.79659,1.00,1.12
2016.05.22 22:10:39.383,0.79641,0.79651,1.00,1.00
2016.05.22 22:10:39.435,0.79634,0.79649,2.44,1.00
2016.05.22 22:10:39.486,0.79634,0.79648,1.50,1.00
2016.05.22 22:10:39.601,0.79632,0.79648,1.00,2.25
2016.05.22 22:10:39.652,0.79632,0.79648,1.00,2.25
2016.05.22 22:10:40.116,0.79636,0.79649,1.00,2.25
2016.05.22 22:10:42.812,0.79631,0.7965,1.50,3.00
2016.05.22 22:10:45.374,0.79632,0.79649,1.00,1.75
2016.05.22 22:10:45.426,0.79635,0.79649,1.50,1.75
2016.05.22 22:10:46.701,0.79636,0.79649,1.00,1.75
2016.05.22 22:10:49.704,0.7963,0.7964,1.00,1.50
2016.05.22 22:10:49.756,0.79628,0.7964,1.00,1.00
2016.05.22 22:10:49.807,0.79622,0.79633,1.12,1.00
2016.05.22 22:10:49.909,0.79617,0.79634,1.50,2.62
2016.05.22 22:10:49.961,0.79617,0.79632,1.50,1.00
2016.05.22 22:10:50.150,0.79617,0.79633,1.00,1.75
2016.05.22 22:10:50.252,0.79617,0.79637,1.00,1.75
2016.05.22 22:10:50.405,0.79621,0.79637,1.50,1.75
2016.05.22 22:10:50.737,0.79617,0.79638,2.25,2.62
2016.05.22 22:10:50.940,0.79622,0.79637,1.00,2.25
2016.05.22 22:10:51.479,0.79622,0.79637,1.00,1.75
2016.05.22 22:10:51.726,0.79617,0.79638,3.00,2.62
2016.05.22 22:10:53.046,0.79621,0.79638,1.00,2.62
2016.05.22 22:10:53.709,0.79624,0.79638,1.00,2.62
2016.05.22 22:10:54.226,0.79625,0.79638,1.00,2.62
2016.05.22 22:10:54.379,0.79624,0.79636,1.00,1.00
2016.05.22 22:10:54.905,0.79625,0.79635,1.00,1.00
2016.05.22 22:10:54.957,0.7962,0.79635,1.00,1.00
2016.05.22 22:10:55.162,0.79617,0.79635,1.00,1.00
2016.05.22 22:10:55.213,0.79617,0.79636,1.00,2.62
2016.05.22 22:10:55.540,0.79617,0.79635,1.00,1.75
2016.05.22 22:10:56.127,0.79621,0.79636,1.00,2.62
2016.05.22 22:10:58.288,0.79618,0.79635,1.00,1.75
2016.05.22 22:10:59.566,0.79617,0.79635,1.00,1.75
2016.05.22 22:11:00.116,0.79617,0.79632,1.00,1.00
2016.05.22 22:11:00.771,0.79617,0.79634,1.00,2.25
2016.05.22 22:11:01.229,0.79616,0.79623,1.50,1.00
2016.05.22 22:11:01.332,0.79612,0.7962,1.00,1.00
2016.05.22 22:11:01.383,0.79607,0.79622,1.12,1.00
2016.05.22 22:11:01.485,0.79604,0.79622,1.37,1.12
2016.05.22 22:11:01.537,0.79603,0.79622,1.00,1.12
2016.05.22 22:11:01.602,0.79603,0.79621,1.00,1.00
2016.05.22 22:11:02.063,0.79607,0.79623,1.00,1.12
2016.05.22 22:11:02.572,0.79601,0.79621,1.00,1.37
2016.05.22 22:11:03.272,0.79605,0.79621,1.00,1.37
2016.05.22 22:11:03.584,0.79605,0.79625,1.00,2.62
2016.05.22 22:11:04.144,0.79605,0.79623,1.50,1.50
2016.05.22 22:11:04.246,0.79601,0.79622,1.00,1.12
2016.05.22 22:11:04.297,0.79605,0.79622,1.00,1.37
2016.05.22 22:11:04.399,0.79605,0.79623,1.00,1.12
2016.05.22 22:11:05.110,0.79601,0.79623,1.00,1.12
2016.05.22 22:11:06.511,0.79606,0.79623,1.00,1.12
2016.05.22 22:11:08.838,0.79606,0.79622,1.00,1.00
2016.05.22 22:11:09.326,0.79604,0.79625,1.00,1.87
2016.05.22 22:11:09.377,0.79602,0.79625,1.00,1.87
2016.05.22 22:11:09.930,0.79601,0.79623,1.00,1.12
2016.05.22 22:11:10.337,0.79601,0.79621,1.00,1.00
2016.05.22 22:11:11.193,0.79601,0.79619,3.00,1.00
2016.05.22 22:11:11.244,0.79602,0.79621,1.00,1.00
2016.05.22 22:11:11.346,0.79606,0.79621,1.00,1.00
2016.05.22 22:11:12.530,0.79606,0.79622,1.00,1.50
2016.05.22 22:11:13.039,0.79605,0.79622,1.50,1.00
2016.05.22 22:11:13.293,0.79601,0.7962,1.50,1.00
2016.05.22 22:11:14.271,0.79602,0.79622,1.00,1.50
2016.05.22 22:11:14.323,0.79607,0.79622,1.00,1.00
2016.05.22 22:11:14.427,0.79608,0.79628,1.00,1.87
2016.05.22 22:11:14.529,0.7961,0.79629,1.00,2.25
2016.05.22 22:11:15.032,0.7961,0.79628,1.50,1.12
2016.05.22 22:11:15.711,0.79606,0.79628,1.00,1.12
2016.05.22 22:11:16.510,0.7961,0.79628,1.00,1.12
2016.05.22 22:11:19.060,0.79609,0.79628,1.00,1.12
2016.05.22 22:11:19.111,0.79606,0.79628,1.00,1.12
2016.05.22 22:11:21.323,0.7961,0.79628,1.00,1.12
2016.05.22 22:11:21.629,0.79621,0.79642,2.25,1.00
2016.05.22 22:11:22.433,0.79623,0.79644,1.12,1.50
2016.05.22 22:11:24.363,0.79623,0.79642,1.12,1.00
2016.05.22 22:11:29.819,0.79622,0.79642,1.00,1.12
2016.05.22 22:11:30.488,0.79623,0.79642,1.00,1.12
2016.05.22 22:11:30.793,0.79625,0.79643,1.00,1.00
2016.05.22 22:11:31.344,0.79624,0.79643,1.87,1.00
2016.05.22 22:11:33.550,0.79625,0.79643,1.00,1.00
2016.05.22 22:11:34.067,0.79624,0.79643,1.87,1.00
2016.05.22 22:11:41.124,0.79623,0.79642,1.37,1.00
2016.05.22 22:11:45.035,0.79623,0.79636,3.00,1.00
2016.05.22 22:11:45.137,0.79622,0.79636,1.00,1.00
2016.05.22 22:11:45.239,0.79617,0.79636,1.12,1.00
2016.05.22 22:11:45.760,0.79615,0.79635,3.75,1.00
2016.05.22 22:11:50.710,0.79615,0.79634,3.00,1.00
2016.05.22 22:11:51.268,0.79616,0.79636,1.50,1.00
2016.05.22 22:11:51.371,0.79619,0.79636,1.37,1.00
2016.05.22 22:11:51.916,0.79619,0.79636,1.75,1.00
2016.05.22 22:11:56.353,0.7962,0.79636,1.00,1.00
2016.05.22 22:11:56.505,0.79616,0.79636,1.50,1.00
2016.05.22 22:12:00.193,0.79615,0.79634,2.25,1.00
2016.05.22 22:12:00.295,0.79613,0.79633,1.69,1.00
2016.05.22 22:12:00.346,0.79612,0.79631,1.94,1.00
2016.05.22 22:12:00.499,0.79612,0.79631,1.69,1.00
2016.05.22 22:12:01.008,0.79611,0.7963,1.31,1.00
2016.05.22 22:12:06.003,0.79613,0.7963,1.00,1.00
2016.05.22 22:12:06.054,0.79614,0.79632,1.00,1.00
2016.05.22 22:12:06.207,0.79615,0.79635,1.50,1.00
2016.05.22 22:12:06.259,0.79615,0.79635,1.69,1.00
2016.05.22 22:12:06.564,0.79617,0.79637,2.00,1.00
2016.05.22 22:12:07.124,0.79617,0.79637,1.69,1.00
2016.05.22 22:12:11.539,0.79618,0.79638,1.12,1.00
2016.05.22 22:12:21.315,0.7962,0.7964,1.00,1.25
2016.05.22 22:12:21.621,0.79618,0.79639,1.50,1.00
2016.05.22 22:12:23.898,0.79618,0.79637,1.00,1.00
2016.05.22 22:12:24.173,0.79612,0.79633,1.37,1.12
2016.05.22 22:12:24.226,0.79614,0.79631,1.00,1.00
2016.05.22 22:12:24.759,0.79611,0.79631,2.25,1.00
2016.05.22 22:12:24.861,0.79613,0.79631,1.00,1.00
2016.05.22 22:12:25.013,0.79611,0.79631,1.50,1.00
2016.05.22 22:12:25.675,0.79609,0.7963,1.94,1.00
2016.05.22 22:12:26.828,0.79611,0.79632,1.12,1.69
2016.05.22 22:12:26.931,0.79611,0.79632,1.31,1.00
2016.05.22 22:12:27.440,0.79613,0.79632,1.19,1.00
2016.05.22 22:12:27.750,0.79613,0.79632,1.94,1.00
2016.05.22 22:12:28.589,0.79612,0.7963,1.75,1.00
2016.05.22 22:12:28.641,0.79611,0.79627,1.00,1.00
2016.05.22 22:12:28.844,0.79608,0.79627,1.00,1.00
2016.05.22 22:12:29.524,0.79606,0.79625,2.44,1.00
2016.05.22 22:12:29.778,0.79603,0.79622,1.94,1.00
2016.05.22 22:12:40.273,0.79604,0.79623,2.44,1.00
2016.05.22 22:12:45.265,0.79604,0.79623,2.44,1.00
2016.05.22 22:12:45.397,0.79605,0.79626,1.69,1.00
2016.05.22 22:12:45.448,0.79609,0.79628,1.19,1.12
2016.05.22 22:12:45.500,0.79611,0.79629,1.19,1.00
2016.05.22 22:12:45.652,0.79612,0.79632,2.06,1.00
2016.05.22 22:12:52.575,0.79612,0.79633,2.44,1.00
2016.05.22 22:12:59.769,0.79612,0.79632,1.94,1.00
2016.05.22 22:13:07.612,0.79614,0.79632,1.00,1.25
2016.05.22 22:13:07.663,0.79614,0.79629,1.00,1.00
2016.05.22 22:13:07.816,0.79608,0.79629,2.44,1.25
2016.05.22 22:13:11.221,0.79611,0.79631,1.00,1.19
2016.05.22 22:13:11.272,0.79611,0.79631,1.19,1.00
2016.05.22 22:13:11.527,0.79616,0.79636,1.69,1.00
2016.05.22 22:13:18.727,0.79617,0.79631,1.00,1.25
2016.05.22 22:13:18.829,0.79613,0.7963,1.25,1.00
2016.05.22 22:13:18.880,0.79613,0.79628,1.00,1.00
2016.05.22 22:13:19.579,0.79609,0.79628,1.69,1.00
2016.05.22 22:13:24.005,0.79609,0.79627,1.19,1.00
2016.05.22 22:13:25.915,0.79609,0.79625,1.00,1.00
2016.05.22 22:13:25.966,0.79609,0.79627,1.00,1.25
2016.05.22 22:13:30.707,0.7961,0.79631,1.00,1.69
2016.05.22 22:13:30.759,0.79613,0.79631,1.00,1.19
2016.05.22 22:13:30.811,0.79613,0.79632,1.19,1.12
2016.05.22 22:13:37.216,0.79613,0.79629,1.56,1.00
2016.05.22 22:13:37.267,0.79611,0.79629,1.75,1.25
2016.05.22 22:13:37.320,0.79611,0.79627,1.75,1.00
2016.05.22 22:13:37.371,0.7961,0.79627,1.69,1.00
2016.05.22 22:13:37.911,0.79608,0.79627,1.69,1.00
2016.05.22 22:13:40.147,0.79608,0.79627,1.69,1.25
2016.05.22 22:13:43.981,0.79609,0.79629,1.31,1.00
2016.05.22 22:13:44.185,0.79613,0.79631,1.69,1.00
2016.05.22 22:13:44.752,0.79614,0.79631,1.19,1.00
2016.05.22 22:13:49.482,0.79614,0.79633,1.19,1.25
2016.05.22 22:13:58.162,0.79616,0.79635,1.00,1.19
2016.05.22 22:13:58.213,0.79619,0.79637,1.00,1.69
2016.05.22 22:13:58.316,0.79623,0.79642,1.19,1.75
2016.05.22 22:13:58.367,0.79624,0.79642,1.19,1.00
2016.05.22 22:13:58.418,0.79624,0.79642,1.69,1.00
2016.05.22 22:13:58.926,0.79626,0.79643,1.19,1.00
2016.05.22 22:14:00.030,0.79626,0.79643,1.19,1.00
2016.05.22 22:14:04.067,0.79626,0.79645,1.19,1.25
2016.05.22 22:14:07.747,0.79627,0.79643,1.00,1.19
2016.05.22 22:14:07.798,0.79625,0.79643,1.31,1.19
2016.05.22 22:14:08.490,0.79623,0.79641,1.19,1.00
2016.05.22 22:14:09.019,0.79629,0.79648,1.50,2.44
2016.05.22 22:14:09.122,0.7963,0.79649,1.19,2.25
2016.05.22 22:14:09.173,0.79632,0.79649,1.31,1.12
2016.05.22 22:14:09.632,0.79633,0.79651,1.69,1.00
2016.05.22 22:14:12.814,0.79634,0.79651,1.31,1.00
2016.05.22 22:14:19.865,0.79633,0.7965,1.94,1.00
2016.05.22 22:14:20.050,0.79633,0.7965,2.44,1.00
2016.05.22 22:14:31.287,0.79634,0.7965,1.19,1.25
2016.05.22 22:14:42.532,0.79634,0.79652,2.44,1.00
2016.05.22 22:14:42.839,0.79634,0.7965,1.19,1.00
2016.05.22 22:14:43.144,0.79636,0.79652,2.44,1.00
2016.05.22 22:14:43.653,0.79634,0.79652,2.44,1.00
2016.05.22 22:14:48.656,0.79634,0.79651,2.44,1.00
2016.05.22 22:14:53.626,0.79638,0.79654,1.19,1.00
2016.05.22 22:14:53.883,0.79636,0.79654,1.69,1.25
2016.05.22 22:15:00.113,0.79636,0.79654,1.31,1.25
2016.05.22 22:15:00.638,0.79635,0.79653,1.50,1.19
2016.05.22 22:15:18.253,0.79633,0.79651,2.25,1.19
2016.05.22 22:15:18.418,0.79632,0.7965,1.87,1.19
2016.05.22 22:15:19.695,0.79629,0.79647,1.12,1.19
2016.05.22 22:15:22.428,0.79626,0.79647,1.50,1.19
2016.05.22 22:15:25.283,0.79626,0.79647,1.50,1.69
2016.05.22 22:15:25.812,0.79626,0.79647,1.75,1.69
2016.05.22 22:15:39.191,0.79625,0.79645,2.25,1.19
2016.05.22 22:15:39.242,0.79624,0.79643,1.75,1.19
2016.05.22 22:15:39.344,0.7963,0.79644,1.00,1.19
2016.05.22 22:15:39.396,0.7963,0.79648,1.00,1.31
2016.05.22 22:15:39.448,0.7963,0.79648,1.75,1.19
2016.05.22 22:15:39.702,0.79631,0.7965,1.50,1.19
2016.05.22 22:15:40.256,0.79631,0.7965,1.75,1.19
2016.05.22 22:15:41.437,0.79633,0.79651,1.50,1.19
2016.05.22 22:15:41.589,0.79634,0.79654,1.00,1.19
2016.05.22 22:15:42.149,0.79634,0.79653,1.00,1.19
2016.05.22 22:15:42.865,0.79634,0.79653,1.50,1.19
2016.05.22 22:15:45.304,0.79634,0.79653,1.75,1.69
2016.05.22 22:15:54.777,0.79638,0.79656,1.00,1.19
2016.05.22 22:15:55.094,0.79635,0.79653,1.12,1.19
2016.05.22 22:15:59.049,0.79635,0.79653,2.25,1.19
2016.05.22 22:15:59.100,0.79635,0.79654,2.25,1.19
2016.05.22 22:15:59.201,0.79635,0.79654,1.50,1.69
2016.05.22 22:15:59.555,0.79635,0.79654,1.50,1.69
2016.05.22 22:16:25.304,0.79634,0.79654,1.50,1.19
2016.05.22 22:16:25.867,0.79634,0.79653,1.50,1.19
2016.05.22 22:16:31.229,0.79634,0.79653,1.50,1.19
2016.05.22 22:16:40.804,0.79632,0.79652,1.75,1.19
2016.05.22 22:16:40.906,0.7963,0.79649,1.75,1.19
2016.05.22 22:16:41.008,0.79629,0.79649,3.37,1.19
2016.05.22 22:17:00.890,0.79629,0.79645,2.25,1.00
2016.05.22 22:17:00.942,0.79629,0.79645,1.12,1.69
2016.05.22 22:17:01.061,0.79627,0.79645,1.00,1.19
2016.05.22 22:17:01.163,0.79629,0.79645,1.00,1.19
2016.05.22 22:17:01.467,0.79626,0.79644,1.87,1.19
2016.05.22 22:17:04.572,0.79624,0.79644,1.87,1.19
2016.05.22 22:17:06.041,0.79626,0.79644,1.00,1.19
2016.05.22 22:17:06.194,0.79628,0.79643,1.00,1.19
2016.05.22 22:17:09.575,0.79626,0.79643,1.50,1.19
2016.05.22 22:17:11.267,0.79626,0.79645,1.50,1.69
2016.05.22 22:17:11.788,0.79625,0.79645,1.87,2.06
2016.05.22 22:17:11.839,0.79625,0.79643,1.12,1.19
2016.05.22 22:17:12.498,0.79624,0.79643,1.00,1.19
2016.05.22 22:17:13.389,0.79626,0.79643,1.00,1.19
2016.05.22 22:17:13.441,0.79626,0.79645,1.50,2.06
2016.05.22 22:17:13.594,0.79628,0.79646,1.00,1.19
2016.05.22 22:17:19.865,0.79629,0.79647,1.37,1.19
2016.05.22 22:17:19.968,0.7963,0.79648,2.25,1.19
2016.05.22 22:17:20.070,0.79632,0.79648,1.75,1.19
2016.05.22 22:17:20.172,0.7963,0.7965,1.75,1.69
2016.05.22 22:17:20.274,0.79631,0.79651,1.50,1.69
2016.05.22 22:17:20.377,0.79634,0.79654,1.37,1.69
2016.05.22 22:17:20.478,0.79636,0.79655,1.37,1.19
2016.05.22 22:17:20.682,0.79636,0.79655,1.50,1.19
2016.05.22 22:17:20.733,0.79636,0.79653,1.50,1.19
2016.05.22 22:17:22.789,0.79636,0.79656,1.12,1.69
2016.05.22 22:17:23.305,0.79637,0.79656,1.00,1.19
2016.05.22 22:17:25.175,0.79636,0.79656,1.12,1.19
2016.05.22 22:17:25.784,0.79637,0.79656,1.00,1.19
2016.05.22 22:17:27.984,0.79637,0.79656,1.12,1.19
2016.05.22 22:17:32.802,0.79635,0.79656,4.50,1.19
2016.05.22 22:17:33.204,0.79635,0.79652,1.50,1.00
2016.05.22 22:17:33.357,0.79631,0.79649,1.75,1.00
2016.05.22 22:17:33.409,0.79631,0.79649,1.75,1.00
2016.05.22 22:17:33.510,0.79631,0.79649,1.00,1.00
2016.05.22 22:17:34.339,0.79631,0.79649,1.00,1.19
2016.05.22 22:17:34.859,0.7963,0.79649,1.50,1.19
2016.05.22 22:17:39.290,0.7963,0.79645,1.00,1.19
2016.05.22 22:17:39.761,0.79628,0.79643,1.50,1.19
2016.05.22 22:17:40.066,0.79627,0.7964,1.12,1.19
2016.05.22 22:17:40.885,0.79625,0.7964,1.50,1.19
2016.05.22 22:17:41.248,0.79621,0.7964,1.75,1.19
2016.05.22 22:17:42.958,0.79623,0.79642,1.12,1.19
2016.05.22 22:17:43.111,0.79623,0.79642,1.75,1.19
2016.05.22 22:17:45.314,0.79622,0.79642,1.75,1.19
2016.05.22 22:17:48.622,0.79625,0.79643,1.50,1.19
2016.05.22 22:18:01.994,0.79625,0.79644,1.50,1.25
2016.05.22 22:18:05.237,0.79625,0.79644,1.50,1.25
2016.05.22 22:18:11.246,0.79625,0.79644,1.50,1.25
2016.05.22 22:18:32.989,0.79626,0.79643,1.37,1.19
2016.05.22 22:18:38.190,0.79628,0.79643,1.37,1.19
2016.05.22 22:18:48.752,0.79628,0.79643,1.87,1.19
2016.05.22 22:18:48.803,0.79628,0.79643,1.50,1.19
2016.05.22 22:18:48.855,0.79628,0.79643,2.62,1.19
2016.05.22 22:19:05.253,0.79628,0.79643,2.25,1.19
2016.05.22 22:19:07.509,0.79632,0.79649,1.12,1.00
2016.05.22 22:19:07.560,0.79634,0.79649,1.00,1.00
2016.05.22 22:19:07.879,0.79635,0.79652,1.50,1.69
2016.05.22 22:19:12.053,0.79635,0.79649,1.12,1.69
2016.05.22 22:19:12.104,0.79629,0.79648,1.75,1.19
2016.05.22 22:19:12.223,0.79628,0.79648,3.00,1.19
2016.05.22 22:19:12.277,0.79628,0.79647,3.00,1.19
2016.05.22 22:19:17.825,0.79628,0.79647,1.12,1.69
2016.05.22 22:19:23.386,0.79627,0.79643,1.50,1.19
2016.05.22 22:19:23.936,0.79623,0.79643,3.00,1.19
2016.05.22 22:19:25.303,0.79623,0.79643,3.75,1.19
2016.05.22 22:19:25.875,0.79623,0.79643,3.00,1.19
2016.05.22 22:19:28.804,0.79626,0.79644,1.37,1.69
2016.05.22 22:19:30.406,0.79627,0.79644,1.37,1.69
2016.05.22 22:19:30.457,0.79624,0.79644,3.75,1.69
2016.05.22 22:19:44.490,0.79624,0.79643,3.00,1.19
2016.05.22 22:19:44.593,0.79624,0.79642,1.00,1.19
2016.05.22 22:19:45.202,0.79622,0.79642,2.25,1.69
2016.05.22 22:19:51.196,0.79623,0.79642,1.50,1.69
2016.05.22 22:20:01.915,0.79625,0.79642,1.00,1.19
2016.05.22 22:20:02.404,0.7962,0.79637,2.25,1.19
2016.05.22 22:20:02.506,0.79619,0.79635,1.00,1.19
2016.05.22 22:20:02.558,0.79616,0.79633,1.12,1.69
2016.05.22 22:20:02.865,0.79614,0.79628,1.00,1.19
2016.05.22 22:20:05.843,0.79624,0.79634,1.00,1.00
2016.05.22 22:20:05.982,0.79628,0.79645,1.87,1.19
2016.05.22 22:20:06.034,0.79628,0.79645,1.87,1.19
2016.05.22 22:20:06.351,0.79633,0.79645,1.12,1.19
2016.05.22 22:20:08.398,0.79633,0.79648,1.12,1.19
2016.05.22 22:20:10.161,0.79633,0.79646,1.12,1.19
2016.05.22 22:20:11.908,0.79633,0.7965,1.12,1.19
2016.05.22 22:20:11.960,0.79635,0.7965,1.00,1.19
2016.05.22 22:20:12.279,0.79634,0.79647,1.12,1.19
2016.05.22 22:20:13.457,0.79634,0.79647,1.50,1.19
2016.05.22 22:20:15.996,0.79634,0.7965,1.50,1.19
2016.05.22 22:20:20.743,0.79637,0.7965,1.00,1.19
2016.05.22 22:20:20.795,0.79637,0.79654,1.00,1.19
2016.05.22 22:20:21.405,0.79637,0.79655,1.00,1.19
2016.05.22 22:20:27.707,0.79639,0.79655,1.00,1.19
2016.05.22 22:20:29.547,0.79642,0.79655,1.00,1.19
2016.05.22 22:20:29.599,0.79642,0.79658,1.00,1.69
2016.05.22 22:20:30.100,0.79643,0.79658,1.12,1.19
2016.05.22 22:20:31.296,0.79643,0.79658,1.37,1.19
2016.05.22 22:20:31.398,0.79643,0.79661,1.50,1.19
2016.05.22 22:20:31.450,0.79646,0.79661,1.00,1.19
2016.05.22 22:20:34.254,0.7965,0.79661,1.00,1.19
2016.05.22 22:20:34.356,0.79653,0.79665,1.50,1.19
2016.05.22 22:20:34.520,0.79657,0.79671,1.00,1.69
2016.05.22 22:20:34.572,0.79656,0.79671,1.50,1.00
2016.05.22 22:20:34.856,0.79658,0.79676,1.00,1.19
2016.05.22 22:20:35.388,0.79657,0.79676,1.50,1.19
2016.05.22 22:20:36.007,0.79655,0.79676,2.25,1.19
2016.05.22 22:20:39.592,0.79655,0.79676,1.12,1.19
2016.05.22 22:20:41.550,0.79656,0.79676,1.00,1.19
2016.05.22 22:20:42.259,0.79656,0.79667,1.00,1.19
2016.05.22 22:20:42.412,0.7965,0.79667,2.25,1.19
2016.05.22 22:20:42.513,0.7965,0.79667,2.25,1.19
2016.05.22 22:20:43.045,0.7965,0.79667,1.00,1.19
2016.05.22 22:20:43.660,0.79648,0.79667,1.12,1.19
2016.05.22 22:20:44.514,0.79649,0.79667,1.00,1.19
2016.05.22 22:20:51.757,0.79649,0.79669,1.31,1.31
2016.05.22 22:21:08.736,0.79649,0.79666,1.69,1.00
2016.05.22 22:21:08.838,0.79646,0.79665,1.00,1.19
2016.05.22 22:21:09.360,0.79643,0.79663,1.69,1.19
2016.05.22 22:21:14.494,0.79646,0.79665,1.00,2.06
2016.05.22 22:21:21.212,0.79647,0.79665,1.00,1.19
2016.05.22 22:21:22.798,0.79644,0.79665,2.81,1.69
2016.05.22 22:21:30.105,0.7964,0.79657,1.69,1.00
2016.05.22 22:21:30.156,0.79639,0.79657,1.94,1.19
2016.05.22 22:21:30.664,0.79637,0.79656,1.19,1.25
2016.05.22 22:21:38.584,0.79637,0.79655,1.25,1.19
2016.05.22 22:21:56.725,0.79633,0.79654,1.31,1.31
2016.05.22 22:22:04.755,0.79633,0.79653,1.31,1.19
2016.05.22 22:22:10.738,0.79633,0.79653,1.19,1.19
2016.05.22 22:22:12.564,0.79631,0.7965,2.06,1.00
2016.05.22 22:22:12.717,0.79629,0.79646,1.00,1.19
2016.05.22 22:22:13.279,0.79627,0.79646,1.19,1.19
2016.05.22 22:22:22.913,0.79629,0.79648,1.31,1.19
2016.05.22 22:22:23.117,0.79624,0.79645,2.06,1.19
2016.05.22 22:22:47.874,0.79625,0.79645,1.19,1.00
2016.05.22 22:23:21.967,0.79625,0.79644,1.19,1.00
2016.05.22 22:23:22.502,0.79624,0.79645,2.44,1.00
2016.05.22 22:23:28.167,0.79624,0.79643,1.19,1.00
2016.05.22 22:23:28.269,0.79622,0.79643,1.69,1.25
2016.05.22 22:23:36.189,0.79624,0.79643,1.19,1.00
2016.05.22 22:23:45.810,0.79624,0.79637,1.19,1.00
2016.05.22 22:23:45.912,0.79617,0.79636,2.06,1.19
2016.05.22 22:23:45.964,0.79617,0.79631,1.69,1.00
2016.05.22 22:23:46.015,0.79617,0.79633,1.19,1.00
2016.05.22 22:23:53.389,0.79617,0.79634,1.19,1.00
2016.05.22 22:23:58.630,0.79613,0.79632,1.19,1.00
2016.05.22 22:24:05.688,0.79613,0.79631,1.19,1.00
2016.05.22 22:24:35.967,0.7962,0.79633,1.19,1.00
2016.05.22 22:24:36.018,0.7962,0.79636,1.19,1.00
2016.05.22 22:24:36.610,0.79618,0.79634,1.19,1.00
2016.05.22 22:24:42.787,0.79621,0.79634,1.19,1.00
2016.05.22 22:24:42.838,0.79621,0.79638,1.19,1.00
2016.05.22 22:24:43.376,0.79622,0.79641,1.19,1.69
2016.05.22 22:24:43.428,0.79626,0.79641,1.19,1.50
2016.05.22 22:24:48.018,0.79626,0.79643,1.19,1.25
2016.05.22 22:24:59.514,0.79624,0.79643,1.19,1.00
2016.05.22 22:25:06.678,0.79625,0.79644,1.19,1.25
2016.05.22 22:25:19.080,0.79623,0.79643,1.19,1.00
2016.05.22 22:25:19.132,0.79623,0.79641,1.19,1.00
2016.05.22 22:25:19.633,0.79623,0.79641,1.19,1.25
2016.05.22 22:25:22.055,0.79621,0.79641,1.19,1.19
2016.05.22 22:25:22.360,0.79618,0.79634,1.19,1.00
2016.05.22 22:25:41.109,0.79617,0.79632,1.19,1.00
2016.05.22 22:25:44.483,0.79617,0.79635,1.19,1.00
2016.05.22 22:25:44.687,0.79617,0.79638,1.69,1.31
2016.05.22 22:25:44.738,0.79619,0.79638,1.19,1.12
2016.05.22 22:25:44.840,0.79619,0.7964,1.19,1.31
2016.05.22 22:25:50.474,0.7962,0.79639,1.19,1.00
2016.05.22 22:25:57.596,0.79621,0.79641,1.19,1.19
2016.05.22 22:25:57.647,0.79623,0.79641,1.19,1.00
2016.05.22 22:25:58.060,0.79623,0.79643,1.19,1.12
2016.05.22 22:26:25.725,0.79624,0.79643,1.19,1.00
2016.05.22 22:26:41.175,0.79624,0.79644,1.19,1.12
2016.05.22 22:26:55.757,0.79623,0.79645,1.69,2.25
2016.05.22 22:27:05.319,0.79624,0.79645,1.19,1.87
2016.05.22 22:27:11.305,0.79624,0.79645,1.19,1.87
2016.05.22 22:27:31.362,0.79624,0.79645,1.69,1.50
2016.05.22 22:27:34.693,0.79624,0.79645,2.44,1.25
2016.05.22 22:27:45.318,0.79624,0.79646,2.44,1.94
2016.05.22 22:27:49.798,0.79624,0.79644,1.69,1.00
2016.05.22 22:28:05.278,0.79625,0.79645,1.19,1.12
2016.05.22 22:28:49.740,0.79625,0.79647,2.44,2.44
2016.05.22 22:28:50.854,0.79626,0.79645,1.00,1.31
2016.05.22 22:28:53.630,0.79626,0.79643,1.25,1.19
2016.05.22 22:28:53.732,0.79626,0.79646,1.25,1.56
2016.05.22 22:28:56.827,0.79627,0.79647,1.00,2.44
2016.05.22 22:29:10.790,0.79628,0.79646,1.00,1.31
2016.05.22 22:29:16.499,0.79627,0.79647,1.00,1.69
2016.05.22 22:29:22.441,0.79628,0.79647,1.00,1.69
2016.05.22 22:29:23.712,0.79626,0.79647,1.25,1.69
2016.05.22 22:29:23.763,0.79626,0.79644,1.00,1.19
2016.05.22 22:29:24.302,0.79626,0.79645,1.00,1.69
2016.05.22 22:29:54.908,0.79627,0.79645,1.00,1.31
2016.05.22 22:30:07.233,0.79628,0.79645,1.00,1.19
2016.05.22 22:30:10.721,0.79628,0.79644,1.00,1.19
2016.05.22 22:30:19.647,0.79628,0.79645,1.00,1.19
2016.05.22 22:30:19.818,0.79626,0.79645,1.00,1.19
2016.05.22 22:30:20.324,0.79626,0.79643,1.25,1.19
2016.05.22 22:30:28.037,0.79625,0.79644,1.25,1.19
2016.05.22 22:30:40.795,0.79626,0.79644,1.00,1.19
2016.05.22 22:30:42.730,0.79626,0.79645,1.00,1.69
2016.05.22 22:31:04.770,0.79626,0.79644,1.00,1.19
2016.05.22 22:31:10.705,0.79626,0.79645,1.00,1.69
2016.05.22 22:31:11.773,0.79625,0.79645,1.00,1.19
2016.05.22 22:31:24.348,0.79625,0.79642,1.19,1.19
2016.05.22 22:31:31.788,0.79625,0.79646,1.69,1.69
2016.05.22 22:31:34.530,0.79625,0.79643,1.69,1.00
2016.05.22 22:31:34.581,0.79625,0.79643,1.69,1.69
2016.05.22 22:31:34.682,0.79626,0.79644,1.69,1.25
2016.05.22 22:31:47.504,0.79626,0.79641,1.19,1.00
2016.05.22 22:31:47.555,0.79625,0.79639,1.50,1.19
2016.05.22 22:31:47.606,0.7962,0.79637,1.19,1.37
2016.05.22 22:31:47.765,0.79621,0.79641,1.19,1.31
2016.05.22 22:31:56.647,0.79623,0.79641,1.25,1.69
2016.05.22 22:31:56.987,0.79623,0.79641,1.25,1.76
2016.05.22 22:31:58.014,0.79623,0.79644,1.19,2.44
2016.05.22 22:31:58.065,0.79623,0.79644,1.19,2.44
2016.05.22 22:32:00.075,0.79622,0.79641,1.19,1.00
2016.05.22 22:32:06.045,0.79622,0.79642,1.19,1.57
2016.05.22 22:32:06.352,0.79622,0.79642,1.69,1.29
2016.05.22 22:32:15.543,0.79622,0.79642,1.19,1.10
2016.05.22 22:32:16.193,0.79623,0.79641,1.19,1.00
2016.05.22 22:32:23.734,0.79621,0.79641,1.19,1.19
2016.05.22 22:32:32.571,0.79624,0.79641,1.19,1.00
2016.05.22 22:32:36.593,0.79624,0.7964,1.19,1.00
2016.05.22 22:32:36.644,0.79624,0.79643,1.19,1.57
2016.05.22 22:32:37.184,0.79624,0.79643,1.19,1.00
2016.05.22 22:32:58.925,0.79626,0.79643,1.19,1.00
2016.05.22 22:33:10.796,0.79627,0.79645,1.69,1.00
2016.05.22 22:33:16.752,0.79627,0.79645,1.19,1.00
2016.05.22 22:33:19.290,0.79631,0.79645,1.19,1.00
2016.05.22 22:33:27.439,0.7963,0.79645,1.19,1.00
2016.05.22 22:33:31.718,0.7963,0.79643,1.19,1.00
2016.05.22 22:33:32.226,0.79629,0.79643,1.19,1.00
2016.05.22 22:33:42.074,0.79629,0.79642,1.19,1.00
2016.05.22 22:33:45.939,0.79631,0.79642,1.19,1.00
2016.05.22 22:33:46.041,0.79627,0.79642,1.19,1.19
2016.05.22 22:33:46.143,0.79629,0.79643,1.19,2.25
2016.05.22 22:33:59.344,0.79626,0.79643,2.81,1.19
2016.05.22 22:34:04.263,0.79628,0.79644,1.19,2.06
2016.05.22 22:34:09.461,0.79627,0.79642,1.50,1.69
2016.05.22 22:34:10.256,0.79626,0.79642,1.00,1.69
2016.05.22 22:34:18.605,0.79624,0.7964,1.50,1.25
2016.05.22 22:34:18.708,0.79623,0.79637,2.25,1.19
2016.05.22 22:34:18.810,0.79623,0.79639,1.00,1.19
2016.05.22 22:34:19.126,0.79623,0.79639,1.50,1.19
2016.05.22 22:34:24.861,0.79622,0.79638,1.87,1.19
2016.05.22 22:34:25.064,0.79624,0.7964,1.37,1.19
2016.05.22 22:34:29.769,0.79624,0.7964,1.12,1.19
2016.05.22 22:34:45.869,0.79624,0.7964,1.87,1.19
2016.05.22 22:34:48.464,0.79624,0.7964,1.50,1.19
2016.05.22 22:34:58.897,0.79624,0.79641,3.00,1.19
2016.05.22 22:34:58.999,0.79626,0.79643,1.50,1.19
2016.05.22 22:35:00.620,0.79628,0.79643,1.00,1.19
2016.05.22 22:35:01.181,0.79627,0.79643,1.12,1.19
2016.05.22 22:35:05.219,0.79627,0.79643,1.50,1.19
2016.05.22 22:35:07.937,0.79627,0.79643,1.87,1.19
2016.05.22 22:35:10.293,0.79628,0.79643,1.00,1.19
2016.05.22 22:35:16.686,0.79628,0.79644,1.00,1.69
2016.05.22 22:35:25.421,0.79627,0.79643,1.87,1.19
2016.05.22 22:35:30.166,0.79627,0.79644,1.37,1.19
2016.05.22 22:35:30.933,0.79627,0.79644,1.12,1.19
2016.05.22 22:35:31.568,0.79627,0.79644,1.37,1.19
2016.05.22 22:35:31.824,0.79627,0.79644,1.12,1.19
2016.05.22 22:35:32.339,0.79627,0.79644,1.37,1.19
2016.05.22 22:35:42.435,0.79627,0.79644,1.87,1.19
2016.05.22 22:35:43.001,0.79628,0.79644,1.00,1.19
2016.05.22 22:35:49.646,0.79629,0.79644,1.50,1.19
2016.05.22 22:35:49.749,0.7963,0.79644,1.37,1.19
2016.05.22 22:35:49.851,0.7963,0.79644,1.87,1.19
2016.05.22 22:35:51.692,0.7963,0.79644,1.37,1.19
2016.05.22 22:35:51.795,0.79632,0.7965,1.50,1.19
2016.05.22 22:35:52.151,0.79634,0.7965,1.87,1.19
2016.05.22 22:35:52.480,0.79638,0.79653,1.50,1.19
2016.05.22 22:35:52.531,0.79638,0.79653,1.87,1.19
2016.05.22 22:35:52.786,0.79641,0.79657,1.00,1.69
2016.05.22 22:36:00.154,0.7964,0.79657,1.12,1.69
2016.05.22 22:36:10.705,0.79639,0.79657,1.37,1.19
2016.05.22 22:36:11.379,0.79639,0.79657,1.12,1.19
2016.05.22 22:36:25.685,0.79638,0.79656,2.25,1.19
2016.05.22 22:36:31.111,0.79638,0.79656,1.87,1.19
2016.05.22 22:36:31.630,0.79639,0.79656,1.37,1.19
2016.05.22 22:36:44.037,0.79639,0.79657,3.75,1.69
2016.05.22 22:36:44.456,0.79639,0.79657,2.62,1.69
2016.05.22 22:36:49.752,0.79645,0.7966,1.37,1.69
2016.05.22 22:36:49.853,0.79647,0.7966,1.37,1.25
2016.05.22 22:36:50.108,0.79653,0.79668,1.00,1.19
2016.05.22 22:36:50.650,0.79653,0.79668,1.37,1.19
2016.05.22 22:36:54.570,0.79652,0.79668,2.25,1.19
2016.05.22 22:36:57.343,0.7965,0.79665,1.50,1.19
2016.05.22 22:36:57.403,0.7965,0.79665,1.00,1.19
2016.05.22 22:36:57.556,0.79649,0.79666,1.50,1.19
2016.05.22 22:36:58.333,0.7965,0.79668,1.00,1.69
2016.05.22 22:37:01.646,0.79651,0.79668,1.00,1.69
2016.05.22 22:37:03.501,0.79651,0.79664,1.12,1.19
2016.05.22 22:37:04.074,0.7965,0.79664,1.00,1.19
2016.05.22 22:37:19.824,0.7965,0.79664,1.50,1.19
2016.05.22 22:37:21.742,0.79652,0.79665,1.00,1.19
2016.05.22 22:37:23.025,0.79653,0.79665,1.00,1.19
2016.05.22 22:37:25.703,0.79653,0.79664,1.00,1.19
2016.05.22 22:37:29.470,0.79653,0.7967,1.00,1.19
2016.05.22 22:37:31.576,0.79653,0.7967,1.00,1.00
2016.05.22 22:37:38.245,0.79655,0.7967,1.00,1.00
2016.05.22 22:37:40.258,0.79653,0.7967,1.00,1.00
2016.05.22 22:37:53.110,0.79655,0.79672,1.00,1.25
2016.05.22 22:37:54.624,0.79657,0.79673,1.00,1.31
2016.05.22 22:37:54.932,0.79664,0.79682,1.00,1.69
2016.05.22 22:37:55.782,0.79664,0.79682,1.00,1.69
2016.05.22 22:37:59.142,0.79661,0.79674,1.00,1.19
2016.05.22 22:37:59.272,0.79657,0.79674,1.50,1.94
2016.05.22 22:37:59.730,0.79654,0.79671,1.00,1.25
2016.05.22 22:37:59.832,0.79654,0.7967,1.00,1.19
2016.05.22 22:38:01.204,0.79652,0.7967,1.00,3.56
2016.05.22 22:38:07.205,0.79654,0.79669,1.00,1.31
2016.05.22 22:38:12.943,0.79652,0.7967,1.00,1.69
2016.05.22 22:38:15.913,0.79654,0.79671,1.00,3.19
2016.05.22 22:38:16.120,0.79658,0.79673,1.00,1.56
2016.05.22 22:38:29.467,0.79659,0.79675,1.00,1.69
2016.05.22 22:38:35.612,0.79657,0.79674,1.00,1.19
2016.05.22 22:38:44.691,0.79656,0.79672,1.00,1.25
2016.05.22 22:38:55.993,0.79656,0.79672,1.00,1.37
2016.05.22 22:38:56.146,0.79656,0.79672,1.00,1.31
2016.05.22 22:38:58.119,0.79655,0.79672,1.00,2.06
2016.05.22 22:39:10.684,0.79655,0.79669,1.00,1.19
2016.05.22 22:39:19.598,0.79654,0.79669,1.00,1.19
2016.05.22 22:39:20.679,0.79654,0.79665,1.00,1.19
2016.05.22 22:39:25.647,0.79654,0.79669,1.00,1.19
2016.05.22 22:39:30.986,0.79656,0.79669,1.00,1.19
2016.05.22 22:39:41.658,0.79656,0.79669,1.00,1.19
2016.05.22 22:39:48.993,0.79654,0.79669,1.00,1.19
2016.05.22 22:39:51.899,0.79653,0.79667,1.00,1.19
2016.05.22 22:39:53.400,0.79652,0.79667,1.00,1.19
2016.05.22 22:39:53.909,0.79652,0.79666,1.00,1.19
2016.05.22 22:39:55.751,0.79652,0.79667,1.00,1.19
2016.05.22 22:39:56.308,0.7965,0.79665,1.00,1.19
2016.05.22 22:40:00.427,0.79649,0.79665,1.00,1.19
2016.05.22 22:40:00.732,0.79641,0.79659,1.50,1.69
2016.05.22 22:40:01.290,0.79641,0.79659,1.00,2.44
2016.05.22 22:40:06.788,0.79647,0.79659,1.00,1.19
2016.05.22 22:40:06.889,0.79647,0.7966,1.00,1.19
2016.05.22 22:40:06.991,0.79647,0.79663,1.00,1.19
2016.05.22 22:40:07.347,0.79649,0.79663,1.00,1.19
2016.05.22 22:40:08.613,0.79649,0.79667,1.00,2.81
2016.05.22 22:40:21.748,0.79649,0.79667,1.50,2.44
2016.05.22 22:40:22.257,0.79649,0.79667,1.12,2.81
2016.05.22 22:40:23.505,0.79649,0.79667,1.31,2.06
2016.05.22 22:40:25.200,0.7965,0.79667,1.00,1.56
2016.05.22 22:40:25.251,0.79647,0.79661,1.56,1.62
2016.05.22 22:40:25.455,0.7964,0.79656,1.19,1.19
2016.05.22 22:40:25.557,0.79639,0.79654,1.19,1.19
2016.05.22 22:40:26.879,0.79639,0.79655,1.25,1.19
2016.05.22 22:40:27.133,0.79639,0.79655,1.19,1.69
2016.05.22 22:40:29.094,0.79639,0.79657,1.31,2.44
2016.05.22 22:40:30.802,0.79641,0.79657,1.00,2.06
2016.05.22 22:40:31.320,0.79641,0.79657,1.00,2.44
2016.05.22 22:40:49.608,0.79639,0.79656,1.19,1.56
2016.05.22 22:40:51.368,0.79639,0.79656,1.19,1.56
2016.05.22 22:41:10.762,0.79639,0.79656,1.19,1.56
2016.05.22 22:41:19.671,0.79639,0.79657,1.19,2.06
2016.05.22 22:41:31.293,0.79639,0.79656,1.19,1.69
2016.05.22 22:41:31.956,0.79639,0.79655,1.19,1.62
2016.05.22 22:41:37.049,0.79639,0.79655,1.19,1.25
2016.05.22 22:41:40.681,0.79639,0.79656,1.19,1.69
2016.05.22 22:41:41.230,0.79639,0.79656,1.69,2.44
2016.05.22 22:41:41.384,0.79634,0.7965,1.39,2.44
2016.05.22 22:41:41.486,0.79631,0.79647,1.19,2.06
2016.05.22 22:41:41.588,0.79629,0.79647,1.69,3.94
2016.05.22 22:41:43.040,0.79629,0.79644,1.00,1.19
2016.05.22 22:41:43.245,0.79629,0.79645,1.19,1.31
2016.05.22 22:41:43.347,0.79632,0.79647,1.19,2.25
2016.05.22 22:41:45.242,0.79632,0.79647,1.19,1.87
2016.05.22 22:42:01.690,0.79631,0.79644,1.19,1.00
2016.05.22 22:42:05.303,0.79631,0.79644,1.19,1.37
2016.05.22 22:42:17.918,0.7963,0.79644,1.19,1.12
2016.05.22 22:42:20.221,0.7963,0.79645,1.19,1.75
2016.05.22 22:42:31.729,0.79631,0.79643,1.19,1.12
2016.05.22 22:42:40.749,0.7963,0.79644,1.19,1.50
2016.05.22 22:42:43.404,0.79636,0.79644,1.19,1.50
2016.05.22 22:42:43.556,0.79636,0.79653,1.19,2.25
2016.05.22 22:42:43.659,0.79641,0.79655,1.19,1.50
2016.05.22 22:42:43.762,0.79641,0.79657,1.69,1.50
2016.05.22 22:42:43.916,0.79641,0.79657,2.06,1.50
2016.05.22 22:42:45.256,0.79641,0.79657,2.06,1.50
2016.05.22 22:42:46.038,0.79641,0.79657,2.06,1.75
2016.05.22 22:43:05.292,0.79642,0.79657,1.19,1.12
2016.05.22 22:43:11.676,0.79642,0.79656,1.19,1.37
2016.05.22 22:43:17.287,0.79641,0.79656,1.69,1.12
2016.05.22 22:43:17.736,0.79645,0.79656,1.19,1.00
2016.05.22 22:43:17.838,0.79645,0.79659,1.19,1.50
2016.05.22 22:43:18.406,0.79645,0.79659,1.19,1.12
2016.05.22 22:43:18.711,0.79645,0.79659,1.19,2.25
2016.05.22 22:43:19.283,0.79645,0.79657,1.19,1.00
2016.05.22 22:43:21.109,0.79645,0.79658,1.19,1.12
2016.05.22 22:43:27.328,0.79643,0.79656,1.69,1.00
2016.05.22 22:43:30.996,0.79643,0.79658,1.69,1.37
2016.05.22 22:43:31.521,0.79643,0.79658,1.69,1.00
2016.05.22 22:43:45.850,0.79643,0.7966,1.69,1.37
2016.05.22 22:43:45.901,0.79646,0.7966,1.69,1.37
2016.05.22 22:43:47.450,0.79646,0.79658,1.19,1.00
2016.05.22 22:43:48.061,0.79646,0.7966,1.19,1.37
2016.05.22 22:43:51.127,0.79646,0.79659,1.19,1.37
2016.05.22 22:43:51.431,0.79646,0.79659,1.19,1.87
2016.05.22 22:43:53.528,0.79646,0.79658,1.19,1.37
2016.05.22 22:43:54.041,0.79646,0.79661,1.19,1.87
2016.05.22 22:44:03.723,0.79645,0.79658,1.19,1.00
2016.05.22 22:44:04.035,0.79649,0.79658,1.19,1.00
2016.05.22 22:44:04.388,0.79649,0.79661,1.19,1.00
2016.05.22 22:44:04.490,0.79653,0.79663,1.19,1.00
2016.05.22 22:44:04.997,0.79653,0.79667,1.19,1.12
2016.05.22 22:44:05.470,0.79648,0.79662,1.19,1.00
2016.05.22 22:44:06.929,0.79648,0.79662,1.19,2.25
2016.05.22 22:44:09.257,0.79648,0.79662,1.19,2.25
2016.05.22 22:44:13.178,0.79648,0.79662,1.19,2.25
2016.05.22 22:44:13.687,0.79648,0.7966,1.19,1.37
2016.05.22 22:44:15.182,0.79648,0.7966,1.19,1.87
2016.05.22 22:44:15.720,0.79648,0.7966,1.19,1.12
2016.05.22 22:44:17.396,0.79648,0.79659,1.19,1.00
2016.05.22 22:44:24.063,0.79648,0.7966,1.19,1.12
2016.05.22 22:44:34.741,0.79649,0.7966,1.19,1.00
2016.05.22 22:44:36.170,0.79649,0.79663,1.19,1.50
2016.05.22 22:44:36.424,0.79653,0.79664,1.19,1.00
2016.05.22 22:44:36.526,0.79653,0.79667,1.19,1.50
2016.05.22 22:44:36.628,0.79656,0.79668,1.19,1.00
2016.05.22 22:44:37.390,0.79656,0.79669,1.19,1.00
2016.05.22 22:44:38.400,0.79656,0.79669,1.19,1.37
2016.05.22 22:44:39.091,0.79656,0.79669,1.19,1.00
2016.05.22 22:44:39.626,0.79656,0.79672,1.19,2.62
2016.05.22 22:44:42.609,0.79656,0.7967,1.19,1.37
2016.05.22 22:44:47.202,0.79656,0.7967,1.19,1.12
2016.05.22 22:44:47.911,0.79656,0.79669,1.19,1.00
2016.05.22 22:44:49.302,0.7966,0.79669,1.00,1.00
2016.05.22 22:44:49.353,0.79658,0.79671,1.25,1.75
2016.05.22 22:44:49.405,0.7966,0.79671,1.69,1.75
2016.05.22 22:44:49.456,0.7966,0.79675,1.69,2.25
2016.05.22 22:44:49.973,0.7966,0.79675,1.69,1.87
2016.05.22 22:44:50.634,0.7966,0.79673,1.19,1.50
2016.05.22 22:44:51.184,0.7966,0.79673,1.19,1.87
2016.05.22 22:44:51.709,0.7966,0.79672,1.19,1.37
2016.05.22 22:44:51.811,0.7966,0.79673,1.19,1.12
2016.05.22 22:44:51.926,0.7966,0.79672,1.19,1.37
2016.05.22 22:44:52.232,0.7966,0.79671,1.19,1.50
2016.05.22 22:44:59.346,0.7966,0.79671,1.19,1.12
2016.05.22 22:45:00.638,0.7966,0.79671,1.19,1.87
2016.05.22 22:45:02.883,0.7966,0.79671,1.19,1.50
2016.05.22 22:45:05.077,0.7966,0.79671,1.19,1.50
2016.05.22 22:45:05.590,0.7966,0.79671,1.19,1.87
2016.05.22 22:45:10.957,0.7966,0.79671,1.19,2.25
2016.05.22 22:45:16.602,0.7966,0.7967,1.19,1.37
2016.05.22 22:45:17.375,0.7966,0.79671,1.19,2.25
2016.05.22 22:45:18.424,0.7966,0.79674,1.19,1.87
2016.05.22 22:45:18.959,0.7966,0.79672,1.19,1.50
2016.05.22 22:45:19.494,0.7966,0.79673,1.19,1.87
2016.05.22 22:45:19.647,0.7966,0.79673,1.19,1.12
2016.05.22 22:45:19.749,0.7966,0.79673,1.19,1.50
2016.05.22 22:45:19.851,0.7966,0.79671,1.19,1.00
2016.05.22 22:45:20.756,0.79656,0.79671,1.19,1.75
2016.05.22 22:45:20.959,0.79656,0.79672,1.19,1.50
2016.05.22 22:45:21.012,0.79656,0.79671,1.19,1.37
2016.05.22 22:45:25.317,0.79656,0.79671,1.19,1.75
2016.05.22 22:45:29.324,0.79662,0.79673,1.19,1.12
2016.05.22 22:45:29.375,0.79662,0.79673,1.19,1.37
2016.05.22 22:45:29.426,0.79662,0.79673,1.19,1.12
2016.05.22 22:45:29.528,0.79662,0.79677,1.19,2.25
2016.05.22 22:45:29.630,0.79667,0.79678,1.19,1.37
2016.05.22 22:45:29.732,0.79667,0.79679,1.19,1.12
2016.05.22 22:45:30.241,0.79667,0.79681,1.19,1.37
2016.05.22 22:45:32.192,0.79667,0.79682,1.19,3.00
2016.05.22 22:45:32.295,0.79673,0.79682,1.19,1.87
2016.05.22 22:45:32.346,0.79673,0.79686,1.19,1.87
2016.05.22 22:45:32.651,0.79671,0.79685,1.19,1.00
2016.05.22 22:45:33.198,0.7967,0.79688,1.19,1.87
2016.05.22 22:45:34.121,0.7967,0.79687,1.19,1.87
2016.05.22 22:45:34.172,0.7967,0.79685,1.19,1.12
2016.05.22 22:45:34.223,0.7967,0.79683,1.19,1.00
2016.05.22 22:45:34.551,0.7967,0.79683,1.19,1.75
2016.05.22 22:45:37.256,0.7967,0.79682,1.19,1.37
2016.05.22 22:45:38.772,0.79672,0.79683,1.19,1.87
2016.05.22 22:45:38.874,0.79673,0.79685,1.19,1.12
2016.05.22 22:45:39.907,0.79673,0.79686,1.19,1.12
2016.05.22 22:45:39.959,0.79675,0.79686,1.19,1.37
2016.05.22 22:45:40.470,0.79675,0.79686,1.19,1.37
2016.05.22 22:45:41.755,0.79675,0.79686,1.19,1.00
2016.05.22 22:45:45.280,0.79675,0.79687,1.19,1.12
2016.05.22 22:45:57.691,0.79676,0.79686,1.19,1.12
2016.05.22 22:45:59.693,0.79678,0.79686,1.19,1.12
2016.05.22 22:46:00.646,0.79679,0.79688,1.19,1.12
2016.05.22 22:46:00.749,0.79679,0.79689,1.19,1.37
2016.05.22 22:46:00.852,0.79679,0.7969,1.19,1.50
2016.05.22 22:46:00.903,0.79682,0.7969,1.19,1.00
2016.05.22 22:46:01.410,0.79682,0.79691,1.19,1.12
2016.05.22 22:46:01.749,0.79676,0.79691,1.19,1.12
2016.05.22 22:46:04.050,0.79676,0.79691,1.19,1.87
2016.05.22 22:46:04.588,0.79676,0.79691,1.19,1.12
2016.05.22 22:46:05.820,0.79674,0.79689,1.19,1.00
2016.05.22 22:46:06.125,0.79669,0.79686,2.06,1.50
2016.05.22 22:46:06.430,0.79671,0.79686,1.19,1.50
2016.05.22 22:46:10.253,0.79673,0.79687,1.19,1.12
2016.05.22 22:46:11.760,0.79673,0.79687,1.19,1.87
2016.05.22 22:46:25.303,0.79673,0.79687,1.19,1.50
2016.05.22 22:46:27.711,0.79674,0.79687,1.19,1.87
2016.05.22 22:46:29.692,0.79673,0.79687,1.19,1.87
2016.05.22 22:46:31.288,0.79673,0.79687,1.19,1.12
2016.05.22 22:46:31.639,0.79673,0.79687,1.19,1.50
2016.05.22 22:46:36.691,0.79674,0.79687,1.19,1.00
2016.05.22 22:46:43.482,0.79674,0.79688,1.19,1.12
2016.05.22 22:46:44.015,0.79674,0.79688,1.19,1.31
2016.05.22 22:46:45.012,0.79676,0.79688,1.19,1.12
2016.05.22 22:46:51.307,0.79676,0.79688,1.19,1.50
2016.05.22 22:47:10.747,0.79675,0.79688,1.19,1.87
2016.05.22 22:47:11.148,0.7967,0.7968,1.25,1.00
2016.05.22 22:47:11.302,0.79664,0.79679,1.31,2.06
2016.05.22 22:47:11.403,0.79664,0.79679,1.19,2.81
2016.05.22 22:47:16.728,0.79664,0.79675,1.19,1.00
2016.05.22 22:47:16.780,0.7966,0.79675,1.19,1.19
2016.05.22 22:47:16.831,0.7966,0.79672,1.19,1.00
2016.05.22 22:47:17.751,0.7966,0.79674,1.19,1.25
2016.05.22 22:47:17.904,0.79662,0.79675,1.19,1.00
2016.05.22 22:47:25.303,0.79662,0.79677,1.19,1.69
2016.05.22 22:47:31.453,0.79662,0.79677,1.19,1.69
2016.05.22 22:47:35.269,0.79662,0.79677,1.19,2.44
2016.05.22 22:47:35.827,0.79663,0.79676,1.19,1.31
2016.05.22 22:47:36.351,0.79663,0.79677,1.19,2.06
2016.05.22 22:47:37.574,0.79663,0.79677,1.19,3.19
2016.05.22 22:47:38.120,0.79663,0.79677,1.19,1.69
2016.05.22 22:47:42.342,0.79664,0.79677,1.19,1.69
2016.05.22 22:47:45.274,0.79662,0.79675,1.19,1.87
2016.05.22 22:47:47.051,0.79664,0.79676,1.19,2.44
2016.05.22 22:48:01.511,0.79664,0.79676,1.19,1.69
2016.05.22 22:48:04.737,0.79663,0.79676,1.19,1.87
2016.05.22 22:48:06.830,0.79663,0.79676,1.19,1.50
2016.05.22 22:48:09.683,0.79663,0.79676,1.19,1.50
2016.05.22 22:48:25.351,0.79663,0.79676,1.19,1.50
2016.05.22 22:48:25.891,0.79662,0.79676,1.19,2.06
2016.05.22 22:48:27.237,0.79662,0.79676,1.19,2.06
2016.05.22 22:48:30.356,0.79658,0.79675,1.19,1.69
2016.05.22 22:48:33.653,0.79657,0.79672,1.69,2.06
2016.05.22 22:48:33.958,0.79648,0.79659,1.19,1.12
2016.05.22 22:48:34.077,0.79648,0.79661,1.19,1.12
2016.05.22 22:48:36.341,0.79648,0.79662,1.19,1.25
2016.05.22 22:48:36.545,0.7965,0.79665,1.69,1.94
2016.05.22 22:48:36.748,0.79651,0.79666,1.19,1.69
2016.05.22 22:48:44.656,0.79654,0.79668,1.19,1.69
2016.05.22 22:48:48.940,0.7965,0.79657,1.12,1.19
2016.05.22 22:48:49.095,0.79634,0.7965,1.69,1.00
2016.05.22 22:48:51.542,0.79634,0.79651,1.69,1.50
2016.05.22 22:48:52.093,0.79634,0.79649,1.69,1.00
2016.05.22 22:48:53.471,0.79637,0.79651,1.19,1.69
2016.05.22 22:48:53.522,0.79637,0.79651,1.19,1.31
2016.05.22 22:48:53.928,0.79638,0.79652,1.19,1.12
2016.05.22 22:48:54.334,0.79636,0.79652,1.00,1.19
2016.05.22 22:48:57.975,0.79638,0.79653,1.00,1.69
2016.05.22 22:49:01.835,0.79638,0.79653,1.00,1.31
2016.05.22 22:49:01.886,0.7964,0.79656,1.00,1.31
2016.05.22 22:49:02.039,0.79639,0.79655,1.31,1.69
2016.05.22 22:49:02.141,0.79643,0.79655,1.69,1.12
2016.05.22 22:49:02.193,0.79644,0.79658,1.19,1.56
2016.05.22 22:49:02.295,0.79648,0.7966,1.00,1.01
2016.05.22 22:49:02.614,0.79649,0.79663,1.19,1.25
2016.05.22 22:49:02.921,0.79648,0.79663,1.19,1.19
2016.05.22 22:49:03.611,0.79649,0.79664,1.19,2.81
2016.05.22 22:49:03.816,0.79648,0.79663,1.25,1.31
2016.05.22 22:49:07.938,0.79649,0.79665,1.00,1.31
2016.05.22 22:49:08.740,0.79649,0.79665,1.00,2.06
2016.05.22 22:49:10.138,0.79647,0.79663,1.19,1.62
2016.05.22 22:49:10.695,0.79647,0.79664,1.19,2.06
2016.05.22 22:49:11.308,0.79647,0.79663,1.25,1.56
2016.05.22 22:49:12.052,0.79649,0.79664,1.25,2.44
2016.05.22 22:49:12.103,0.79649,0.79664,1.25,2.44
2016.05.22 22:49:12.307,0.79649,0.79665,1.25,1.56
2016.05.22 22:49:15.165,0.79651,0.79667,1.00,1.56
2016.05.22 22:49:15.369,0.79653,0.79669,1.25,2.06
2016.05.22 22:49:15.876,0.79653,0.79669,1.25,1.69
2016.05.22 22:49:19.008,0.79654,0.79671,1.00,3.19
2016.05.22 22:49:19.211,0.79656,0.79671,1.00,1.94
2016.05.22 22:49:19.313,0.79657,0.79673,1.00,2.06
2016.05.22 22:49:19.415,0.79657,0.79672,1.19,1.00
2016.05.22 22:49:20.686,0.79657,0.79674,1.19,1.56
2016.05.22 22:49:21.420,0.7966,0.79674,1.00,1.56
2016.05.22 22:49:21.725,0.7966,0.79675,1.25,1.25
2016.05.22 22:49:21.827,0.79663,0.79679,1.00,3.19
2016.05.22 22:49:22.034,0.79663,0.79679,1.00,2.81
2016.05.22 22:49:22.390,0.7966,0.79675,1.00,1.19
2016.05.22 22:49:23.670,0.79661,0.79677,1.00,2.81
2016.05.22 22:49:23.974,0.79662,0.79679,1.19,2.44
2016.05.22 22:49:24.025,0.79662,0.79678,1.19,1.25
2016.05.22 22:49:25.617,0.79664,0.79681,1.00,2.44
2016.05.22 22:49:26.154,0.79664,0.79681,1.25,2.44
2016.05.22 22:49:26.587,0.79662,0.79679,1.19,2.44
2016.05.22 22:49:26.893,0.79662,0.79675,1.25,1.25
2016.05.22 22:49:27.580,0.79662,0.79675,1.19,1.00
2016.05.22 22:49:27.886,0.79653,0.79667,2.81,1.00
2016.05.22 22:49:27.937,0.79653,0.79667,1.19,1.00
2016.05.22 22:49:29.104,0.79653,0.79667,1.19,1.50
2016.05.22 22:49:29.606,0.79653,0.79667,1.19,2.25
2016.05.22 22:49:32.069,0.79653,0.79667,1.19,1.50
2016.05.22 22:49:32.612,0.79653,0.79667,1.19,1.12
2016.05.22 22:49:33.120,0.79653,0.79666,1.19,1.00
2016.05.22 22:49:33.672,0.79653,0.79667,1.19,1.00
2016.05.22 22:49:38.256,0.79653,0.79668,1.69,1.87
2016.05.22 22:49:38.560,0.79653,0.79667,1.69,1.37
2016.05.22 22:49:39.076,0.79653,0.79667,1.19,2.25
2016.05.22 22:49:39.279,0.79653,0.79667,1.19,2.25
2016.05.22 22:49:40.168,0.79653,0.79667,1.19,1.87
2016.05.22 22:49:41.091,0.79653,0.79667,1.19,1.87
2016.05.22 22:49:41.722,0.79653,0.79666,1.19,1.00
2016.05.22 22:49:42.224,0.79653,0.79667,1.19,1.50
2016.05.22 22:49:42.378,0.79653,0.79667,1.19,2.25
2016.05.22 22:49:42.648,0.79653,0.79667,1.19,1.50
2016.05.22 22:49:42.953,0.79651,0.79665,1.19,1.00
2016.05.22 22:49:43.257,0.79651,0.79664,1.19,1.87
2016.05.22 22:49:43.854,0.79653,0.79664,1.19,1.00
2016.05.22 22:49:43.956,0.79653,0.79666,1.19,1.50
2016.05.22 22:49:44.396,0.79653,0.79665,1.19,1.37
2016.05.22 22:49:44.650,0.79653,0.79666,1.19,2.25
2016.05.22 22:49:45.461,0.79653,0.79667,1.19,1.87
2016.05.22 22:49:46.033,0.79653,0.79666,1.19,1.50
2016.05.22 22:49:46.591,0.7965,0.79666,1.69,1.69
2016.05.22 22:49:49.760,0.79653,0.79666,1.19,1.00
2016.05.22 22:49:50.352,0.79651,0.79666,1.19,1.50
2016.05.22 22:49:51.848,0.79651,0.79666,1.19,2.25
2016.05.22 22:49:52.385,0.79653,0.79666,1.19,1.00
2016.05.22 22:49:53.749,0.79653,0.79666,1.19,1.00
2016.05.22 22:49:54.352,0.79653,0.79667,1.19,1.00
2016.05.22 22:49:54.659,0.79655,0.79669,1.19,1.50
2016.05.22 22:49:55.206,0.79655,0.79669,1.19,1.37
2016.05.22 22:49:56.788,0.79655,0.79671,1.19,1.57
2016.05.22 22:49:56.941,0.79657,0.79671,1.19,1.12
2016.05.22 22:49:57.456,0.79658,0.79672,1.19,1.00
2016.05.22 22:49:57.961,0.79658,0.79672,1.19,1.50
2016.05.22 22:49:58.476,0.79657,0.79672,1.69,2.25
2016.05.22 22:49:59.885,0.79657,0.79672,1.69,2.25
2016.05.22 22:50:00.589,0.79657,0.7967,1.69,1.00
2016.05.22 22:50:00.895,0.79651,0.79666,1.19,1.62
2016.05.22 22:50:01.202,0.79652,0.79666,1.19,1.87
2016.05.22 22:50:01.303,0.79652,0.79666,1.69,1.12
2016.05.22 22:50:01.354,0.79654,0.79666,1.69,1.00
2016.05.22 22:50:01.559,0.79652,0.79667,1.69,1.50
2016.05.22 22:50:02.154,0.79653,0.79666,1.19,1.00
2016.05.22 22:50:06.792,0.79653,0.79667,1.19,1.50
2016.05.22 22:50:08.998,0.79653,0.79667,1.19,1.87
2016.05.22 22:50:09.507,0.79653,0.79667,1.19,1.50
2016.05.22 22:50:10.987,0.79653,0.79667,1.19,1.50
2016.05.22 22:50:11.494,0.79653,0.79667,1.19,1.12
2016.05.22 22:50:12.099,0.79653,0.79667,1.19,1.37
2016.05.22 22:50:12.759,0.79653,0.79667,1.19,1.12
2016.05.22 22:50:13.281,0.79653,0.79667,1.19,1.50
2016.05.22 22:50:13.807,0.79653,0.79665,1.19,1.00
2016.05.22 22:50:14.412,0.79653,0.79667,1.19,1.75
2016.05.22 22:50:15.832,0.79653,0.79667,1.19,1.75
2016.05.22 22:50:16.344,0.79653,0.79667,1.19,1.50
2016.05.22 22:50:19.634,0.79653,0.79667,1.19,1.75
2016.05.22 22:50:20.196,0.79654,0.79667,1.19,1.50
2016.05.22 22:50:25.860,0.79654,0.79667,1.19,1.87
2016.05.22 22:50:25.962,0.79654,0.79667,1.19,1.87
2016.05.22 22:50:28.312,0.79656,0.79667,1.19,1.75
2016.05.22 22:50:29.787,0.79656,0.79668,1.19,1.12
2016.05.22 22:50:30.294,0.79656,0.7967,1.19,4.87
2016.05.22 22:50:34.487,0.79656,0.79668,1.19,1.00
2016.05.22 22:50:38.109,0.79656,0.79666,1.69,1.00
2016.05.22 22:50:39.272,0.79656,0.79667,1.69,1.00
2016.05.22 22:50:45.000,0.79656,0.79669,1.69,1.12
2016.05.22 22:50:50.514,0.79656,0.79667,1.69,1.00
2016.05.22 22:50:51.477,0.79656,0.79669,1.56,1.37
2016.05.22 22:50:52.026,0.79657,0.79669,1.19,1.00
2016.05.22 22:50:54.837,0.79657,0.79662,1.19,1.00
2016.05.22 22:50:54.970,0.7965,0.79661,1.94,1.00
2016.05.22 22:50:55.022,0.7965,0.79661,1.56,1.12
2016.05.22 22:50:55.074,0.7965,0.79658,1.19,1.00
2016.05.22 22:50:55.176,0.79646,0.79658,1.69,1.00
2016.05.22 22:50:55.847,0.79648,0.79659,1.25,1.50
2016.05.22 22:50:55.898,0.7965,0.79659,1.00,1.12
2016.05.22 22:50:56.153,0.79657,0.79668,1.19,1.12
2016.05.22 22:50:56.693,0.79656,0.79668,1.19,1.50
2016.05.22 22:50:57.548,0.79656,0.79668,1.19,1.12
2016.05.22 22:50:58.096,0.79656,0.79669,1.19,1.50
2016.05.22 22:50:59.648,0.79654,0.79669,1.69,1.69
2016.05.22 22:51:24.282,0.79656,0.79669,1.19,1.75
2016.05.22 22:51:30.817,0.79654,0.79662,1.19,1.12
2016.05.22 22:51:30.919,0.7965,0.79662,1.19,1.12
2016.05.22 22:51:31.173,0.79651,0.79662,1.19,1.50
2016.05.22 22:51:31.225,0.79643,0.79659,5.44,1.00
2016.05.22 22:51:31.276,0.79643,0.79659,2.44,1.37
2016.05.22 22:51:31.581,0.79645,0.7966,1.69,1.12
2016.05.22 22:51:31.684,0.79645,0.7966,1.69,1.37
2016.05.22 22:51:31.786,0.79645,0.7966,1.69,1.50
2016.05.22 22:51:32.293,0.79645,0.7966,1.69,1.12
2016.05.22 22:51:33.852,0.79649,0.7966,1.19,1.12
2016.05.22 22:51:34.883,0.7965,0.7966,1.19,1.00
2016.05.22 22:51:35.188,0.79652,0.79661,1.19,1.00
2016.05.22 22:51:51.299,0.79652,0.79663,1.19,1.50
2016.05.22 22:51:52.771,0.79651,0.79663,1.19,1.50
2016.05.22 22:51:57.771,0.79649,0.79662,1.31,1.50
2016.05.22 22:51:57.873,0.79651,0.79661,1.19,1.00
2016.05.22 22:51:58.760,0.79651,0.79662,1.19,1.50
2016.05.22 22:51:58.873,0.79651,0.79662,1.19,1.50
2016.05.22 22:52:11.354,0.79651,0.79663,1.19,1.50
2016.05.22 22:52:18.815,0.79651,0.7966,1.19,1.50
2016.05.22 22:52:18.866,0.79644,0.79659,1.94,1.12
2016.05.22 22:52:19.070,0.79642,0.79658,1.94,1.50
2016.05.22 22:52:20.602,0.79644,0.79659,1.56,1.37
2016.05.22 22:52:20.704,0.79644,0.7966,1.69,1.87
2016.05.22 22:52:21.217,0.79644,0.7966,2.44,2.25
2016.05.22 22:52:22.800,0.79648,0.79659,1.19,1.00
2016.05.22 22:52:24.609,0.79649,0.79661,1.19,1.50
2016.05.22 22:52:25.419,0.79649,0.79661,1.19,1.87
2016.05.22 22:52:28.059,0.79649,0.79661,1.19,1.50
2016.05.22 22:52:28.583,0.79649,0.79661,1.19,1.87
2016.05.22 22:52:31.150,0.79649,0.79661,1.19,1.12
2016.05.22 22:52:44.922,0.79649,0.79662,2.06,1.00
2016.05.22 22:52:45.063,0.79652,0.79662,1.19,1.00
2016.05.22 22:52:45.216,0.79653,0.79665,1.19,1.00
2016.05.22 22:52:45.369,0.79655,0.79666,1.19,1.87
2016.05.22 22:52:45.471,0.79653,0.79666,1.56,1.87
2016.05.22 22:52:45.675,0.79652,0.79663,1.19,1.12
2016.05.22 22:52:46.214,0.79652,0.79664,1.19,1.87
2016.05.22 22:52:49.540,0.79654,0.79664,1.19,1.87
2016.05.22 22:52:51.872,0.79649,0.79655,1.75,1.12
2016.05.22 22:52:52.006,0.79648,0.79654,1.50,1.37
2016.05.22 22:52:52.058,0.79641,0.79651,1.19,1.37
2016.05.22 22:52:52.160,0.79641,0.79652,1.19,1.12
2016.05.22 22:52:52.420,0.79645,0.79655,1.19,1.75
2016.05.22 22:52:52.522,0.79647,0.79657,1.19,1.87
2016.05.22 22:52:53.044,0.79647,0.79657,1.19,1.37
2016.05.22 22:52:53.589,0.79647,0.79657,1.19,1.00
2016.05.22 22:52:59.500,0.79647,0.79657,1.19,1.37
2016.05.22 22:53:01.034,0.79647,0.79657,1.19,1.00
2016.05.22 22:53:01.085,0.79649,0.79657,1.19,1.00
2016.05.22 22:53:01.137,0.79649,0.7966,1.19,1.50
2016.05.22 22:53:01.238,0.79653,0.79661,1.19,1.37
2016.05.22 22:53:01.340,0.79653,0.79662,1.19,1.00
2016.05.22 22:53:01.713,0.79653,0.79664,1.19,1.00
2016.05.22 22:53:02.328,0.79655,0.79667,1.19,1.12
2016.05.22 22:53:02.640,0.79657,0.79668,1.19,1.37
2016.05.22 22:53:04.266,0.79657,0.7967,1.19,1.12
2016.05.22 22:53:04.419,0.79658,0.7967,1.19,1.00
2016.05.22 22:53:04.967,0.79658,0.7967,1.19,1.37
2016.05.22 22:53:06.096,0.79658,0.79671,1.56,1.87
2016.05.22 22:53:06.817,0.7966,0.7967,1.25,1.12
2016.05.22 22:53:06.868,0.79659,0.7967,1.69,1.00
2016.05.22 22:53:06.970,0.79663,0.79677,1.12,3.26
2016.05.22 22:53:07.021,0.79665,0.79677,1.19,3.75
2016.05.22 22:53:07.827,0.79664,0.79676,1.19,1.37
2016.05.22 22:53:09.614,0.79664,0.79676,1.19,1.12
2016.05.22 22:53:11.302,0.79664,0.79677,1.19,1.50
2016.05.22 22:53:15.956,0.79662,0.79675,1.69,1.00
2016.05.22 22:53:16.261,0.7966,0.79672,1.19,1.87
2016.05.22 22:53:20.434,0.7966,0.79672,1.19,3.00
2016.05.22 22:53:22.866,0.7966,0.79671,1.19,1.37
2016.05.22 22:53:25.399,0.79653,0.79665,3.19,1.25
2016.05.22 22:53:25.450,0.79653,0.79665,3.19,2.06
2016.05.22 22:53:25.606,0.79651,0.79664,1.19,1.37
2016.05.22 22:53:25.658,0.79653,0.79663,1.19,1.00
2016.05.22 22:53:26.205,0.79653,0.79665,1.19,1.12
2016.05.22 22:53:26.481,0.79653,0.79665,1.19,1.00
2016.05.22 22:53:31.261,0.79654,0.79666,1.19,1.37
2016.05.22 22:53:32.101,0.79659,0.79666,1.19,1.37
2016.05.22 22:53:32.203,0.79659,0.79671,1.19,2.25
2016.05.22 22:53:32.254,0.79662,0.79671,1.19,2.25
2016.05.22 22:53:32.305,0.79662,0.79674,1.19,1.37
2016.05.22 22:53:32.357,0.79662,0.79674,1.19,1.00
2016.05.22 22:53:32.409,0.79662,0.79675,1.19,1.87
2016.05.22 22:53:32.497,0.79662,0.79674,1.19,1.00
2016.05.22 22:53:47.155,0.79662,0.79675,1.19,1.00
2016.05.22 22:54:25.165,0.79663,0.79676,1.31,1.50
2016.05.22 22:54:25.267,0.79666,0.79676,1.19,1.50
2016.05.22 22:54:25.600,0.79668,0.7968,1.19,3.00
2016.05.22 22:54:26.791,0.79666,0.7968,1.19,4.12
2016.05.22 22:54:28.185,0.79666,0.79678,1.19,1.50
2016.05.22 22:54:28.236,0.79664,0.79676,1.19,1.12
2016.05.22 22:54:28.287,0.79664,0.79676,1.19,1.75
2016.05.22 22:54:28.338,0.7966,0.79674,1.69,1.50
2016.05.22 22:54:28.390,0.7966,0.79674,1.31,2.25
2016.05.22 22:54:28.441,0.79659,0.79673,1.19,1.75
2016.05.22 22:54:28.978,0.79659,0.7967,1.19,1.00
2016.05.22 22:54:51.435,0.7966,0.79673,1.19,2.62
2016.05.22 22:55:02.022,0.79659,0.79671,1.19,3.00
2016.05.22 22:55:02.176,0.79664,0.79673,1.19,1.00
2016.05.22 22:55:02.716,0.79664,0.79674,1.19,1.12
2016.05.22 22:55:08.969,0.79664,0.79673,1.19,1.00
2016.05.22 22:55:19.708,0.79663,0.79673,1.19,1.00
2016.05.22 22:55:25.304,0.79663,0.79674,1.19,1.50
2016.05.22 22:55:31.180,0.79663,0.79674,1.19,1.50
2016.05.22 22:55:37.053,0.79662,0.79673,1.19,1.00
2016.05.22 22:55:37.747,0.79662,0.79674,1.56,1.12
2016.05.22 22:55:51.197,0.79662,0.79674,1.19,1.37
2016.05.22 22:55:53.042,0.79662,0.79671,1.19,1.00
2016.05.22 22:55:53.174,0.79655,0.79668,2.44,1.50
2016.05.22 22:55:53.225,0.79654,0.79665,1.56,2.62
2016.05.22 22:55:53.378,0.79654,0.79665,1.19,1.75
2016.05.22 22:55:53.908,0.79654,0.79664,1.19,1.50
2016.05.22 22:56:05.232,0.79654,0.79665,1.19,1.50
2016.05.22 22:56:12.074,0.79654,0.79663,1.19,1.50
2016.05.22 22:56:12.125,0.79651,0.79663,1.19,1.50
2016.05.22 22:56:12.380,0.79651,0.79659,1.19,1.00
2016.05.22 22:56:12.889,0.79651,0.79663,1.19,2.62
2016.05.22 22:56:20.768,0.79651,0.79662,1.19,1.50
2016.05.22 22:56:31.577,0.79651,0.79662,1.19,1.50
2016.05.22 22:56:34.745,0.7965,0.79662,1.19,1.50
2016.05.22 22:56:38.563,0.7965,0.7966,1.19,1.00
2016.05.22 22:56:43.692,0.79649,0.7966,1.19,1.00
2016.05.22 22:56:44.998,0.79647,0.79659,1.31,1.00
2016.05.22 22:56:45.539,0.79647,0.79659,1.19,1.50
2016.05.22 22:56:47.482,0.79647,0.79657,1.19,1.00
2016.05.22 22:56:47.533,0.79645,0.79656,1.19,1.00
2016.05.22 22:56:48.071,0.79645,0.79657,1.19,1.75
2016.05.22 22:56:51.322,0.79645,0.79656,1.19,1.00
2016.05.22 22:56:52.569,0.79646,0.79657,1.19,1.37
2016.05.22 22:56:52.621,0.79646,0.79658,1.19,1.12
2016.05.22 22:56:52.723,0.79649,0.79659,1.19,1.37
2016.05.22 22:56:53.351,0.79649,0.79659,1.19,1.12
2016.05.22 22:57:11.291,0.79649,0.7966,1.19,1.12
2016.05.22 22:57:19.734,0.79648,0.7966,1.19,1.12
2016.05.22 22:57:21.612,0.79648,0.79659,1.19,1.00
2016.05.22 22:57:31.222,0.79648,0.79662,1.19,5.25
2016.05.22 22:57:44.231,0.79648,0.79659,1.19,2.25
2016.05.22 22:57:44.282,0.79645,0.79656,1.19,1.00
2016.05.22 22:57:44.820,0.79645,0.79659,1.19,3.00
2016.05.22 22:57:45.245,0.79645,0.79657,1.31,1.00
2016.05.22 22:57:59.759,0.79648,0.79661,1.00,2.25
2016.05.22 22:57:59.810,0.7965,0.79662,1.19,2.44
2016.05.22 22:57:59.912,0.7965,0.79665,1.31,5.44
2016.05.22 22:58:00.014,0.79652,0.79665,1.19,2.25
2016.05.22 22:58:00.221,0.79652,0.79666,1.69,1.50
2016.05.22 22:58:00.939,0.79652,0.79666,1.69,1.00
2016.05.22 22:58:12.225,0.79652,0.79664,1.19,1.00
2016.05.22 22:58:12.328,0.79648,0.79663,1.69,1.00
2016.05.22 22:58:12.683,0.79648,0.79661,1.19,1.00
2016.05.22 22:58:13.017,0.7965,0.79661,1.19,1.00
2016.05.22 22:58:13.868,0.7965,0.79662,1.19,1.00
2016.05.22 22:58:16.412,0.7965,0.7966,1.19,1.00
2016.05.22 22:58:16.514,0.79647,0.79659,1.19,1.00
2016.05.22 22:58:16.565,0.79647,0.79658,1.19,1.37
2016.05.22 22:58:16.616,0.79644,0.79656,1.19,1.00
2016.05.22 22:58:16.870,0.79641,0.79655,1.19,1.50
2016.05.22 22:58:17.415,0.79641,0.79654,1.19,1.50
2016.05.22 22:58:17.920,0.79647,0.79654,1.00,1.00
2016.05.22 22:58:17.971,0.79647,0.79661,1.69,1.00
2016.05.22 22:58:18.058,0.79652,0.79663,1.19,1.87
2016.05.22 22:58:18.161,0.79649,0.79662,1.19,1.50
2016.05.22 22:58:18.365,0.79645,0.79659,1.69,1.00
2016.05.22 22:58:18.518,0.79644,0.79657,1.19,1.00
2016.05.22 22:58:18.823,0.79643,0.79655,1.19,1.50
2016.05.22 22:58:19.776,0.79643,0.79654,1.19,1.00
2016.05.22 22:58:20.036,0.7964,0.79654,1.19,1.00
2016.05.22 22:58:25.864,0.7964,0.79653,1.19,1.00
2016.05.22 22:58:26.395,0.7964,0.79652,1.19,1.50
2016.05.22 22:58:32.621,0.79639,0.79652,1.19,1.00
2016.05.22 22:58:53.150,0.79641,0.79652,1.19,1.00
2016.05.22 22:58:57.507,0.79641,0.79655,1.19,1.12
2016.05.22 22:58:58.536,0.79643,0.79655,1.19,1.50
2016.05.22 22:59:09.820,0.79643,0.79655,1.19,1.37
2016.05.22 22:59:13.220,0.79643,0.79655,1.19,1.00
2016.05.22 22:59:15.637,0.79643,0.79654,1.19,1.00
2016.05.22 22:59:16.660,0.79644,0.79654,1.19,1.00
2016.05.22 22:59:25.735,0.79643,0.79654,1.19,1.00
2016.05.22 22:59:31.517,0.79643,0.79655,1.19,1.00
2016.05.22 22:59:34.762,0.79644,0.79655,1.19,1.00
2016.05.22 22:59:40.791,0.79643,0.79655,1.19,1.00
2016.05.22 22:59:43.542,0.79643,0.79656,1.19,1.87
2016.05.22 22:59:44.244,0.79643,0.79655,1.19,1.00
2016.05.22 22:59:44.782,0.79643,0.79654,1.19,1.00
2016.05.22 22:59:47.638,0.79643,0.79655,1.19,1.00
2016.05.22 22:59:48.239,0.79643,0.79654,1.19,1.00
2016.05.22 22:59:48.747,0.79643,0.79655,1.19,1.00
2016.05.22 22:59:49.291,0.79643,0.79654,1.19,1.00
2016.05.22 22:59:49.824,0.79643,0.79655,1.19,1.50
2016.05.22 22:59:51.935,0.79643,0.79654,1.19,1.00
2016.05.22 22:59:52.037,0.79643,0.79655,1.19,1.75
2016.05.22 22:59:52.566,0.79641,0.79653,1.19,1.50
2016.05.22 22:59:54.960,0.79644,0.79654,1.19,1.12
2016.05.22 22:59:55.518,0.79644,0.79655,1.19,1.75
