2016.02.01 13:00:00.407,0.85784,0.85795,1.00,1.00
2016.02.01 13:00:00.459,0.85785,0.85795,2.25,1.00
2016.02.01 13:00:00.561,0.85785,0.85795,1.37,1.00
2016.02.01 13:00:00.612,0.85788,0.85799,1.00,1.95
2016.02.01 13:00:00.663,0.85788,0.858,1.85,1.50
2016.02.01 13:00:00.715,0.85789,0.85801,1.20,1.00
2016.02.01 13:00:00.918,0.85789,0.85801,1.20,1.87
2016.02.01 13:00:01.228,0.85788,0.85801,1.12,2.62
2016.02.01 13:00:01.535,0.85784,0.85796,1.12,1.37
2016.02.01 13:00:01.839,0.85783,0.85795,1.57,1.12
2016.02.01 13:00:02.369,0.85783,0.85795,1.57,1.50
2016.02.01 13:00:02.420,0.85783,0.85793,1.57,1.00
2016.02.01 13:00:02.623,0.8578,0.85791,1.10,1.12
2016.02.01 13:00:03.132,0.85781,0.85792,1.00,1.50
2016.02.01 13:00:03.667,0.85781,0.85794,1.37,3.45
2016.02.01 13:00:04.176,0.85781,0.85794,1.57,1.50
2016.02.01 13:00:06.331,0.85781,0.85794,2.25,1.50
2016.02.01 13:00:06.678,0.8579,0.85798,1.00,1.85
2016.02.01 13:00:06.729,0.8579,0.85798,1.00,1.47
2016.02.01 13:00:06.882,0.85786,0.85799,1.37,1.57
2016.02.01 13:00:08.464,0.85786,0.85798,1.50,1.37
2016.02.01 13:00:08.813,0.85787,0.858,1.10,1.50
2016.02.01 13:00:08.915,0.85788,0.858,1.50,1.00
2016.02.01 13:00:08.967,0.85792,0.85804,1.00,2.70
2016.02.01 13:00:09.018,0.85792,0.85803,1.00,1.10
2016.02.01 13:00:09.425,0.8579,0.85803,1.12,2.25
2016.02.01 13:00:09.938,0.85791,0.85803,1.10,1.75
2016.02.01 13:00:10.762,0.85791,0.85803,1.47,1.12
2016.02.01 13:00:11.292,0.85792,0.85804,1.12,1.12
2016.02.01 13:00:12.688,0.85792,0.85805,1.57,1.00
2016.02.01 13:00:12.791,0.85794,0.85807,1.47,3.00
2016.02.01 13:00:13.309,0.85793,0.85806,1.57,1.50
2016.02.01 13:00:14.170,0.85794,0.85804,1.10,1.00
2016.02.01 13:00:14.476,0.85795,0.85807,1.12,1.10
2016.02.01 13:00:14.680,0.85795,0.85809,1.85,1.20
2016.02.01 13:00:14.985,0.85797,0.85811,2.62,2.32
2016.02.01 13:00:15.137,0.85801,0.85812,1.12,1.20
2016.02.01 13:00:15.188,0.85801,0.85808,1.00,1.10
2016.02.01 13:00:15.239,0.85796,0.85808,2.25,1.20
2016.02.01 13:00:15.768,0.85796,0.85808,1.75,1.27
2016.02.01 13:00:16.023,0.858,0.85809,1.50,1.50
2016.02.01 13:00:16.268,0.85805,0.85815,1.00,1.00
2016.02.01 13:00:16.320,0.85805,0.85817,1.00,1.20
2016.02.01 13:00:16.828,0.85805,0.85816,1.00,1.00
2016.02.01 13:00:17.266,0.85808,0.85818,1.00,1.12
2016.02.01 13:00:17.317,0.85808,0.8582,1.00,1.10
2016.02.01 13:00:17.724,0.85809,0.85817,1.00,1.00
2016.02.01 13:00:18.526,0.85809,0.85818,1.00,1.00
2016.02.01 13:00:18.578,0.85807,0.85818,1.10,1.00
2016.02.01 13:00:19.086,0.85807,0.85817,1.00,1.00
2016.02.01 13:00:19.290,0.85807,0.85819,1.00,1.50
2016.02.01 13:00:19.807,0.85808,0.85819,1.00,1.00
2016.02.01 13:00:20.314,0.85807,0.8582,1.00,3.52
2016.02.01 13:00:20.669,0.85808,0.85818,1.00,1.00
2016.02.01 13:00:20.771,0.85808,0.8582,1.00,1.27
2016.02.01 13:00:21.322,0.85808,0.8582,1.00,2.02
2016.02.01 13:00:21.827,0.85808,0.85818,1.00,1.00
2016.02.01 13:00:22.132,0.85808,0.8582,1.00,1.27
2016.02.01 13:00:24.354,0.85808,0.85818,1.28,1.00
2016.02.01 13:00:24.659,0.85812,0.85818,1.50,1.00
2016.02.01 13:00:24.900,0.85811,0.85822,1.50,2.62
2016.02.01 13:00:25.406,0.85811,0.85821,1.57,1.37
2016.02.01 13:00:25.508,0.85811,0.85823,1.20,3.00
2016.02.01 13:00:25.558,0.85811,0.85818,1.20,1.00
2016.02.01 13:00:26.074,0.85811,0.85818,1.10,1.00
2016.02.01 13:00:26.579,0.8581,0.85819,1.20,1.00
2016.02.01 13:00:26.683,0.85811,0.85823,1.12,2.25
2016.02.01 13:00:26.937,0.85813,0.85828,1.95,1.94
2016.02.01 13:00:27.337,0.85813,0.85828,2.62,1.94
2016.02.01 13:00:29.016,0.85818,0.85828,1.00,1.00
2016.02.01 13:00:29.120,0.85818,0.85831,1.87,1.00
2016.02.01 13:00:29.272,0.8582,0.85831,1.37,1.00
2016.02.01 13:00:29.324,0.85821,0.85833,1.50,1.00
2016.02.01 13:00:29.426,0.8582,0.85833,1.07,1.27
2016.02.01 13:00:29.477,0.8582,0.85832,1.07,1.44
2016.02.01 13:00:29.579,0.85819,0.85833,2.25,1.10
2016.02.01 13:00:29.783,0.85824,0.85835,1.00,1.10
2016.02.01 13:00:29.929,0.85824,0.85837,1.00,2.02
2016.02.01 13:00:30.234,0.85829,0.85838,1.00,1.20
2016.02.01 13:00:30.539,0.85829,0.8584,1.87,1.00
2016.02.01 13:00:31.087,0.8583,0.85841,1.12,1.00
2016.02.01 13:00:31.240,0.85827,0.85838,1.20,1.44
2016.02.01 13:00:31.291,0.85827,0.85838,1.07,1.44
2016.02.01 13:00:31.342,0.85826,0.85836,1.50,1.44
2016.02.01 13:00:31.393,0.85826,0.85836,1.00,1.44
2016.02.01 13:00:31.444,0.85823,0.85836,1.12,1.44
2016.02.01 13:00:31.849,0.8582,0.85835,1.95,1.27
2016.02.01 13:00:32.223,0.8582,0.85833,1.10,1.44
2016.02.01 13:00:32.527,0.85817,0.8583,1.95,1.37
2016.02.01 13:00:33.062,0.85817,0.8583,2.32,1.50
2016.02.01 13:00:33.569,0.85816,0.85827,1.75,1.19
2016.02.01 13:00:33.874,0.85815,0.85824,1.00,1.82
2016.02.01 13:00:33.973,0.85809,0.85823,2.25,1.94
2016.02.01 13:00:34.024,0.85809,0.85822,1.10,1.84
2016.02.01 13:00:34.177,0.85806,0.85819,1.87,1.94
2016.02.01 13:00:34.686,0.85807,0.85819,1.37,1.50
2016.02.01 13:00:35.123,0.85807,0.85819,1.75,1.87
2016.02.01 13:00:35.378,0.85815,0.85827,1.37,1.50
2016.02.01 13:00:35.886,0.85814,0.85826,1.27,1.50
2016.02.01 13:00:36.676,0.85815,0.85826,1.87,1.00
2016.02.01 13:00:36.778,0.85815,0.85828,1.87,1.57
2016.02.01 13:00:37.302,0.85815,0.85827,2.62,1.00
2016.02.01 13:00:37.638,0.85816,0.85826,1.50,1.00
2016.02.01 13:00:37.689,0.85819,0.85829,1.00,2.70
2016.02.01 13:00:38.208,0.8582,0.85832,2.25,1.95
2016.02.01 13:00:38.742,0.85823,0.85832,1.00,1.57
2016.02.01 13:00:39.473,0.85824,0.85836,1.47,2.25
2016.02.01 13:00:39.880,0.85824,0.85837,2.32,1.50
2016.02.01 13:00:40.399,0.85825,0.85837,1.12,1.50
2016.02.01 13:00:40.450,0.85827,0.85838,1.37,1.50
2016.02.01 13:00:40.551,0.85827,0.85839,1.37,1.10
2016.02.01 13:00:41.069,0.85829,0.8584,1.00,1.00
2016.02.01 13:00:41.271,0.85829,0.85842,2.62,3.37
2016.02.01 13:00:41.805,0.8583,0.85842,1.50,1.50
2016.02.01 13:00:46.472,0.8583,0.85843,2.70,2.25
2016.02.01 13:00:46.574,0.85833,0.85844,1.57,1.12
2016.02.01 13:00:47.071,0.85835,0.85845,1.37,1.12
2016.02.01 13:00:47.590,0.85834,0.85845,1.37,1.12
2016.02.01 13:00:48.126,0.85834,0.85844,1.37,1.00
2016.02.01 13:00:48.875,0.85834,0.85846,1.37,2.25
2016.02.01 13:00:49.383,0.85833,0.85845,1.10,2.32
2016.02.01 13:00:49.617,0.85834,0.85845,2.62,1.50
2016.02.01 13:00:49.668,0.85836,0.85848,1.00,1.65
2016.02.01 13:00:50.177,0.85836,0.85848,1.87,2.25
2016.02.01 13:00:50.904,0.85834,0.85847,2.32,1.57
2016.02.01 13:00:51.880,0.85835,0.85847,1.37,2.70
2016.02.01 13:00:52.405,0.85834,0.85847,2.25,2.70
2016.02.01 13:00:53.482,0.85835,0.85848,1.87,1.07
2016.02.01 13:00:53.534,0.85837,0.85848,1.37,1.20
2016.02.01 13:00:53.839,0.85839,0.8585,1.50,1.87
2016.02.01 13:00:54.387,0.8584,0.85851,1.00,1.37
2016.02.01 13:00:54.996,0.85839,0.8585,1.75,1.50
2016.02.01 13:00:55.506,0.8584,0.8585,1.00,1.47
2016.02.01 13:00:56.022,0.85839,0.85851,1.75,3.07
2016.02.01 13:00:56.589,0.8584,0.85851,1.00,1.47
2016.02.01 13:00:57.100,0.85838,0.85848,1.00,1.00
2016.02.01 13:00:57.204,0.85838,0.85847,1.00,1.37
2016.02.01 13:00:57.358,0.85836,0.85847,1.00,1.87
2016.02.01 13:00:57.562,0.85833,0.85844,2.62,1.00
2016.02.01 13:00:57.754,0.85829,0.85841,3.15,1.00
2016.02.01 13:00:57.806,0.85829,0.85841,1.57,1.57
2016.02.01 13:00:58.819,0.85828,0.8584,1.12,1.50
2016.02.01 13:00:59.721,0.85829,0.85841,1.12,1.85
2016.02.01 13:01:00.234,0.85828,0.85842,1.95,2.24
2016.02.01 13:01:03.534,0.85829,0.85843,1.12,2.02
2016.02.01 13:01:03.884,0.85828,0.85841,1.57,2.31
2016.02.01 13:01:04.457,0.85828,0.85841,1.95,2.31
2016.02.01 13:01:05.406,0.8583,0.85842,1.00,1.94
2016.02.01 13:01:05.761,0.85831,0.85843,1.00,1.20
2016.02.01 13:01:06.264,0.85831,0.85845,1.50,2.25
2016.02.01 13:01:06.519,0.85832,0.85846,1.85,2.31
2016.02.01 13:01:08.531,0.85833,0.85846,1.57,1.49
2016.02.01 13:01:08.943,0.85838,0.85848,1.00,1.20
2016.02.01 13:01:09.044,0.8584,0.8585,1.57,1.12
2016.02.01 13:01:09.146,0.8584,0.85853,2.40,1.86
2016.02.01 13:01:09.640,0.8584,0.85853,1.20,1.75
2016.02.01 13:01:10.590,0.8584,0.85853,1.87,2.25
2016.02.01 13:01:11.251,0.85841,0.85853,1.65,1.00
2016.02.01 13:01:12.011,0.85841,0.85852,1.65,1.00
2016.02.01 13:01:13.095,0.85841,0.85853,1.65,1.00
2016.02.01 13:01:13.248,0.85843,0.85853,1.00,1.00
2016.02.01 13:01:13.775,0.85843,0.85854,1.12,1.50
2016.02.01 13:01:14.333,0.85843,0.85855,1.44,1.75
2016.02.01 13:01:14.486,0.85845,0.85857,1.00,1.12
2016.02.01 13:01:15.028,0.85844,0.85857,1.02,1.12
2016.02.01 13:01:15.535,0.85845,0.85859,1.10,3.82
2016.02.01 13:01:19.173,0.85845,0.85858,2.30,1.75
2016.02.01 13:01:19.376,0.85845,0.85857,3.43,1.00
2016.02.01 13:01:20.200,0.85846,0.8586,1.10,2.62
2016.02.01 13:01:20.302,0.85844,0.85855,4.93,1.00
2016.02.01 13:01:20.505,0.85845,0.85857,1.10,1.00
2016.02.01 13:01:21.100,0.85843,0.85858,1.93,2.32
2016.02.01 13:01:21.691,0.85843,0.85856,4.18,1.75
2016.02.01 13:01:22.201,0.85842,0.85856,4.18,2.25
2016.02.01 13:01:22.913,0.85842,0.85854,1.21,1.00
2016.02.01 13:01:23.256,0.85841,0.85856,2.48,1.85
2016.02.01 13:01:24.670,0.8584,0.85846,1.12,1.00
2016.02.01 13:01:24.721,0.85839,0.85846,1.12,1.00
2016.02.01 13:01:24.823,0.85839,0.85845,1.00,1.65
2016.02.01 13:01:24.874,0.85833,0.85845,1.12,1.95
2016.02.01 13:01:24.926,0.85832,0.85844,1.00,1.85
2016.02.01 13:01:24.978,0.85829,0.85844,1.66,2.62
2016.02.01 13:01:25.080,0.85828,0.8584,3.23,1.00
2016.02.01 13:01:25.395,0.85825,0.85837,1.50,1.87
2016.02.01 13:01:25.701,0.85825,0.85837,1.59,1.12
2016.02.01 13:01:26.209,0.85824,0.85836,1.37,1.47
2016.02.01 13:01:28.021,0.85823,0.85837,1.00,2.32
2016.02.01 13:01:28.122,0.85822,0.85833,1.00,1.57
2016.02.01 13:01:28.224,0.85818,0.85831,2.78,1.20
2016.02.01 13:01:28.275,0.85818,0.85831,2.78,1.57
2016.02.01 13:01:28.814,0.8582,0.85832,1.57,1.12
2016.02.01 13:01:29.321,0.85822,0.85834,1.07,1.50
2016.02.01 13:01:31.801,0.85824,0.85836,1.10,1.75
2016.02.01 13:01:31.853,0.85824,0.85835,1.57,1.00
2016.02.01 13:01:32.383,0.85824,0.85835,1.20,1.00
2016.02.01 13:01:34.352,0.85824,0.85836,1.20,1.00
2016.02.01 13:01:35.219,0.85824,0.85836,1.07,1.50
2016.02.01 13:01:35.473,0.8582,0.85831,1.10,1.50
2016.02.01 13:01:36.349,0.85821,0.85833,1.00,1.45
2016.02.01 13:01:37.232,0.85824,0.85833,1.00,1.45
2016.02.01 13:01:37.385,0.85825,0.85835,1.10,1.00
2016.02.01 13:01:39.539,0.85826,0.85835,1.00,1.00
2016.02.01 13:01:40.085,0.85827,0.85835,1.00,1.00
2016.02.01 13:01:40.441,0.85831,0.85839,1.00,1.87
2016.02.01 13:01:40.542,0.85827,0.85839,3.00,1.50
2016.02.01 13:01:40.594,0.85829,0.8584,1.00,1.75
2016.02.01 13:01:41.101,0.8583,0.8584,1.00,1.75
2016.02.01 13:01:41.152,0.85828,0.8584,2.02,1.75
2016.02.01 13:01:41.660,0.85828,0.8584,2.25,1.87
2016.02.01 13:01:42.197,0.85828,0.85838,2.25,1.00
2016.02.01 13:01:42.322,0.85825,0.85838,4.12,1.50
2016.02.01 13:01:42.373,0.85825,0.85834,1.50,1.00
2016.02.01 13:01:42.576,0.85824,0.85834,2.25,1.12
2016.02.01 13:01:43.084,0.85823,0.85834,2.32,1.12
2016.02.01 13:01:46.167,0.85825,0.85837,1.50,3.07
2016.02.01 13:01:46.370,0.85827,0.85838,1.50,1.75
2016.02.01 13:01:46.675,0.8583,0.8584,1.50,1.75
2016.02.01 13:01:46.778,0.8583,0.85843,1.50,2.25
2016.02.01 13:01:47.838,0.85829,0.85839,2.92,1.00
2016.02.01 13:01:48.366,0.8583,0.85842,1.20,1.75
2016.02.01 13:01:50.389,0.8583,0.85844,1.57,2.62
2016.02.01 13:01:51.099,0.8583,0.85843,1.00,2.32
2016.02.01 13:01:52.405,0.8583,0.85843,1.10,1.75
2016.02.01 13:01:53.161,0.85829,0.85843,2.02,1.20
2016.02.01 13:01:54.967,0.85829,0.85842,1.20,1.12
2016.02.01 13:01:55.474,0.85826,0.85837,2.32,1.12
2016.02.01 13:01:55.581,0.85826,0.85837,1.20,1.50
2016.02.01 13:01:55.683,0.85826,0.85835,1.10,1.00
2016.02.01 13:01:55.886,0.85826,0.85837,1.00,1.10
2016.02.01 13:01:57.823,0.85825,0.85837,1.20,2.25
2016.02.01 13:01:58.029,0.85824,0.85837,1.95,2.25
2016.02.01 13:01:59.429,0.85825,0.85839,1.50,3.00
2016.02.01 13:01:59.954,0.85824,0.85837,1.87,1.75
2016.02.01 13:02:01.744,0.85823,0.85835,2.40,1.12
2016.02.01 13:02:02.347,0.85824,0.85835,1.00,1.12
2016.02.01 13:02:02.448,0.85823,0.85835,1.10,1.37
2016.02.01 13:02:02.997,0.85824,0.85835,1.00,1.75
2016.02.01 13:02:03.499,0.85822,0.85835,1.95,2.25
2016.02.01 13:02:03.803,0.85822,0.85835,2.32,1.57
2016.02.01 13:02:03.956,0.85824,0.85836,1.00,1.95
2016.02.01 13:02:04.241,0.85814,0.85827,3.07,2.62
2016.02.01 13:02:04.344,0.85814,0.85825,1.57,1.00
2016.02.01 13:02:05.003,0.85814,0.85825,2.10,1.00
2016.02.01 13:02:05.105,0.85817,0.85829,2.47,1.95
2016.02.01 13:02:05.156,0.85819,0.85829,1.37,1.37
2016.02.01 13:02:05.432,0.85821,0.85834,1.10,2.25
2016.02.01 13:02:05.584,0.85821,0.85834,2.62,1.50
2016.02.01 13:02:06.097,0.85822,0.85835,1.07,1.57
2016.02.01 13:02:06.624,0.85822,0.85836,2.17,2.32
2016.02.01 13:02:07.399,0.85824,0.85836,1.67,1.57
2016.02.01 13:02:07.652,0.85825,0.85837,2.10,1.00
2016.02.01 13:02:08.169,0.85825,0.85837,1.35,1.00
2016.02.01 13:02:09.487,0.85824,0.85838,2.25,1.65
2016.02.01 13:02:09.639,0.85828,0.8584,1.00,1.75
2016.02.01 13:02:10.261,0.85828,0.85841,1.75,1.85
2016.02.01 13:02:10.515,0.85828,0.85841,1.80,1.20
2016.02.01 13:02:12.741,0.85827,0.85841,2.17,3.07
2016.02.01 13:02:13.128,0.85827,0.85841,1.42,3.07
2016.02.01 13:02:14.797,0.85826,0.85837,1.07,1.87
2016.02.01 13:02:15.383,0.85825,0.85837,1.57,1.37
2016.02.01 13:02:16.519,0.85825,0.85839,1.57,3.07
2016.02.01 13:02:17.505,0.85824,0.85837,2.25,1.57
2016.02.01 13:02:17.658,0.85821,0.85836,3.45,2.62
2016.02.01 13:02:17.776,0.85821,0.85832,1.47,1.00
2016.02.01 13:02:17.979,0.85816,0.85827,1.72,1.00
2016.02.01 13:02:18.485,0.85817,0.85831,1.20,2.40
2016.02.01 13:02:18.995,0.85818,0.85828,1.20,1.00
2016.02.01 13:02:19.097,0.8582,0.85828,1.72,1.00
2016.02.01 13:02:19.149,0.8582,0.85831,2.10,1.50
2016.02.01 13:02:19.251,0.85822,0.85833,1.30,1.95
2016.02.01 13:02:19.506,0.85822,0.85834,1.30,1.95
2016.02.01 13:02:19.608,0.85824,0.85836,1.00,1.65
2016.02.01 13:02:19.760,0.85825,0.85836,2.62,1.00
2016.02.01 13:02:21.809,0.85826,0.85839,1.07,1.50
2016.02.01 13:02:23.380,0.85826,0.85839,2.32,1.50
2016.02.01 13:02:23.941,0.85829,0.85842,1.50,1.95
2016.02.01 13:02:24.450,0.8583,0.85842,1.87,1.50
2016.02.01 13:02:24.800,0.85839,0.85845,1.12,1.00
2016.02.01 13:02:24.852,0.85839,0.85852,3.37,1.37
2016.02.01 13:02:24.954,0.85841,0.85853,1.50,1.00
2016.02.01 13:02:25.461,0.85842,0.85853,1.37,4.56
2016.02.01 13:02:26.002,0.85843,0.85855,1.07,1.75
2016.02.01 13:02:26.661,0.85843,0.85855,1.07,1.76
2016.02.01 13:02:26.968,0.85844,0.85857,1.20,1.57
2016.02.01 13:02:27.019,0.85844,0.85857,3.22,1.50
2016.02.01 13:02:27.071,0.85846,0.85858,1.57,1.12
2016.02.01 13:02:27.681,0.85847,0.85858,2.32,1.00
2016.02.01 13:02:28.219,0.85847,0.85859,1.87,3.00
2016.02.01 13:02:28.372,0.85847,0.85857,1.87,1.00
2016.02.01 13:02:28.668,0.85847,0.85859,1.87,1.50
2016.02.01 13:02:28.770,0.85847,0.85857,1.87,1.00
2016.02.01 13:02:29.171,0.85847,0.85859,1.87,1.50
2016.02.01 13:02:29.781,0.85847,0.85858,1.87,1.00
2016.02.01 13:02:29.911,0.85847,0.85858,1.00,1.00
2016.02.01 13:02:31.282,0.85847,0.85859,1.00,2.77
2016.02.01 13:02:31.821,0.85847,0.85858,1.00,1.12
2016.02.01 13:02:31.873,0.85845,0.85857,1.27,1.09
2016.02.01 13:02:32.404,0.85844,0.85856,2.32,1.00
2016.02.01 13:02:35.343,0.85844,0.85856,2.32,1.12
2016.02.01 13:02:36.698,0.85845,0.85856,1.20,1.12
2016.02.01 13:02:37.155,0.85845,0.85859,1.82,3.00
2016.02.01 13:02:37.657,0.85845,0.85857,1.50,1.12
2016.02.01 13:02:40.366,0.85844,0.85857,3.00,2.25
2016.02.01 13:02:41.067,0.85845,0.85857,1.12,1.50
2016.02.01 13:02:41.580,0.85846,0.85859,1.07,3.07
2016.02.01 13:02:41.919,0.85845,0.85857,1.07,2.25
2016.02.01 13:02:41.970,0.85846,0.85857,1.37,1.00
2016.02.01 13:02:42.073,0.85848,0.85859,1.37,2.25
2016.02.01 13:02:42.732,0.8585,0.85857,1.20,1.00
2016.02.01 13:02:42.935,0.8585,0.85859,1.20,1.50
2016.02.01 13:02:43.474,0.85848,0.85858,1.82,1.00
2016.02.01 13:02:43.982,0.85848,0.85858,2.32,1.00
2016.02.01 13:02:44.555,0.85848,0.85858,1.10,1.00
2016.02.01 13:02:44.691,0.85851,0.85861,1.00,1.50
2016.02.01 13:02:44.997,0.85847,0.85858,1.95,1.00
2016.02.01 13:02:45.526,0.85847,0.85859,1.57,1.50
2016.02.01 13:02:46.934,0.85847,0.85858,1.00,1.00
2016.02.01 13:02:47.544,0.85847,0.85859,1.05,1.50
2016.02.01 13:02:47.809,0.85846,0.85859,2.62,2.25
2016.02.01 13:02:49.200,0.85846,0.85859,2.25,3.00
2016.02.01 13:02:49.340,0.85846,0.85859,1.50,3.00
2016.02.01 13:02:49.852,0.85845,0.85856,1.45,1.00
2016.02.01 13:02:50.156,0.85845,0.85853,1.57,1.00
2016.02.01 13:02:50.663,0.85845,0.85854,1.20,1.00
2016.02.01 13:02:51.069,0.85845,0.85856,3.75,1.00
2016.02.01 13:02:51.170,0.85846,0.85853,1.07,1.00
2016.02.01 13:02:51.272,0.85845,0.85855,1.87,1.00
2016.02.01 13:02:51.804,0.85845,0.85854,2.62,1.00
2016.02.01 13:02:52.464,0.85845,0.85856,4.80,1.00
2016.02.01 13:02:52.769,0.85845,0.85854,4.05,1.00
2016.02.01 13:02:53.308,0.85846,0.85855,1.20,1.50
2016.02.01 13:02:53.613,0.85844,0.8585,1.12,1.00
2016.02.01 13:02:53.715,0.85841,0.8585,3.00,1.12
2016.02.01 13:02:54.070,0.85842,0.85855,2.70,1.75
2016.02.01 13:02:55.565,0.85843,0.85851,1.45,1.00
2016.02.01 13:02:56.073,0.85843,0.85853,2.62,1.37
2016.02.01 13:02:56.624,0.85843,0.85854,1.10,1.50
2016.02.01 13:02:57.472,0.85843,0.85852,1.12,1.00
2016.02.01 13:02:57.979,0.85843,0.85853,1.00,1.12
2016.02.01 13:02:58.183,0.85842,0.85851,1.00,1.37
2016.02.01 13:02:58.386,0.85839,0.85848,1.00,1.00
2016.02.01 13:02:58.722,0.85839,0.85848,2.25,1.00
2016.02.01 13:02:58.773,0.8584,0.8585,1.57,1.12
2016.02.01 13:02:58.925,0.8584,0.8585,1.20,1.12
2016.02.01 13:02:59.432,0.85841,0.85852,1.05,1.85
2016.02.01 13:02:59.940,0.85842,0.8585,1.10,1.12
2016.02.01 13:03:00.216,0.8584,0.85851,1.00,1.50
2016.02.01 13:03:00.736,0.8584,0.8585,1.80,1.00
2016.02.01 13:03:01.244,0.85839,0.85849,3.07,1.12
2016.02.01 13:03:01.478,0.8584,0.85849,2.55,1.00
2016.02.01 13:03:01.579,0.8584,0.85851,2.62,1.12
2016.02.01 13:03:01.982,0.8584,0.85849,5.62,1.00
2016.02.01 13:03:02.491,0.85841,0.85851,1.42,1.37
2016.02.01 13:03:03.243,0.8584,0.85852,3.00,1.50
2016.02.01 13:03:03.882,0.8584,0.8585,3.37,1.00
2016.02.01 13:03:04.485,0.8584,0.85852,3.67,1.50
2016.02.01 13:03:05.005,0.85841,0.85853,1.10,1.85
2016.02.01 13:03:05.335,0.85841,0.85851,1.10,1.50
2016.02.01 13:03:05.640,0.85839,0.85852,2.70,1.50
2016.02.01 13:03:06.887,0.85841,0.85852,1.20,1.75
2016.02.01 13:03:07.462,0.85841,0.85852,1.10,1.86
2016.02.01 13:03:07.586,0.85841,0.85852,1.12,1.50
2016.02.01 13:03:08.118,0.85841,0.85855,2.55,1.75
2016.02.01 13:03:08.526,0.85842,0.85857,2.62,2.03
2016.02.01 13:03:09.137,0.85843,0.85857,2.92,1.75
2016.02.01 13:03:10.534,0.85843,0.85856,3.07,1.50
2016.02.01 13:03:10.687,0.85846,0.85857,1.00,1.00
2016.02.01 13:03:12.514,0.85845,0.85857,1.45,2.25
2016.02.01 13:03:13.021,0.85845,0.85857,1.20,1.75
2016.02.01 13:03:13.534,0.85845,0.85857,1.65,1.75
2016.02.01 13:03:14.076,0.85845,0.85856,1.20,1.50
2016.02.01 13:03:18.571,0.85844,0.85856,1.10,1.50
2016.02.01 13:03:18.875,0.85841,0.85852,2.32,1.00
2016.02.01 13:03:19.367,0.85843,0.85856,2.25,1.37
2016.02.01 13:03:19.469,0.85847,0.85859,1.50,2.25
2016.02.01 13:03:20.020,0.85847,0.85858,1.37,1.95
2016.02.01 13:03:20.781,0.85845,0.85858,1.50,1.47
2016.02.01 13:03:20.954,0.85843,0.85854,1.87,1.12
2016.02.01 13:03:21.461,0.85843,0.85854,1.00,1.00
2016.02.01 13:03:21.867,0.85841,0.85852,1.20,1.00
2016.02.01 13:03:24.118,0.85841,0.85852,1.57,1.00
2016.02.01 13:03:25.001,0.85842,0.85857,2.62,3.15
2016.02.01 13:03:25.511,0.85842,0.85856,1.57,1.75
2016.02.01 13:03:28.591,0.85841,0.85854,3.45,1.75
2016.02.01 13:03:29.109,0.85843,0.85856,1.00,1.95
2016.02.01 13:03:29.584,0.85845,0.85856,1.00,1.95
2016.02.01 13:03:29.888,0.85844,0.85857,1.12,1.20
2016.02.01 13:03:31.070,0.85845,0.85857,1.00,1.20
2016.02.01 13:03:31.577,0.85843,0.85856,1.20,1.85
2016.02.01 13:03:32.099,0.85843,0.85856,1.00,1.95
2016.02.01 13:03:32.960,0.85841,0.85854,1.87,1.50
2016.02.01 13:03:33.062,0.8584,0.85853,1.37,1.57
2016.02.01 13:03:33.411,0.85838,0.8585,1.07,1.12
2016.02.01 13:03:33.924,0.85837,0.85852,2.32,2.70
2016.02.01 13:03:34.578,0.85837,0.85851,1.00,1.85
2016.02.01 13:03:34.883,0.85834,0.85848,2.62,1.75
2016.02.01 13:03:36.818,0.85835,0.85849,1.12,2.70
2016.02.01 13:03:37.744,0.85835,0.85845,1.12,1.00
2016.02.01 13:03:38.048,0.8583,0.85842,2.62,1.57
2016.02.01 13:03:38.099,0.8583,0.85844,4.50,1.87
2016.02.01 13:03:38.968,0.85831,0.85845,1.95,2.25
2016.02.01 13:03:40.806,0.85831,0.85843,1.27,1.50
2016.02.01 13:03:42.438,0.85831,0.85845,1.95,2.25
2016.02.01 13:03:42.977,0.8583,0.85842,3.07,1.12
2016.02.01 13:03:43.483,0.8583,0.85842,2.32,1.50
2016.02.01 13:03:44.005,0.8583,0.85843,1.27,2.25
2016.02.01 13:03:44.791,0.85829,0.85839,1.87,1.00
2016.02.01 13:03:44.944,0.85826,0.85838,1.85,1.50
2016.02.01 13:03:45.249,0.85823,0.85834,1.10,1.87
2016.02.01 13:03:45.621,0.85821,0.85831,1.10,1.00
2016.02.01 13:03:46.337,0.8582,0.85831,1.00,1.00
2016.02.01 13:03:46.628,0.85821,0.85831,1.00,3.07
2016.02.01 13:03:47.087,0.85819,0.85829,1.10,1.75
2016.02.01 13:03:47.629,0.85819,0.85829,1.10,1.50
2016.02.01 13:03:49.243,0.85819,0.85831,1.10,3.75
2016.02.01 13:03:49.497,0.85822,0.85832,1.00,1.75
2016.02.01 13:03:49.650,0.85822,0.85834,1.00,3.82
2016.02.01 13:03:49.956,0.85822,0.85836,9.00,2.32
2016.02.01 13:03:50.108,0.85827,0.85836,1.57,1.00
2016.02.01 13:03:50.159,0.85831,0.85837,1.00,1.00
2016.02.01 13:03:50.312,0.85829,0.85838,1.00,1.50
2016.02.01 13:03:50.363,0.85827,0.85839,1.00,2.25
2016.02.01 13:03:50.746,0.85825,0.85831,1.57,1.00
2016.02.01 13:03:50.849,0.85822,0.85831,1.10,1.75
2016.02.01 13:03:50.951,0.85822,0.8583,1.00,1.75
2016.02.01 13:03:51.206,0.85819,0.85826,1.00,1.00
2016.02.01 13:03:51.662,0.85816,0.85826,1.00,1.00
2016.02.01 13:03:52.671,0.85816,0.8583,1.47,1.75
2016.02.01 13:03:53.472,0.85816,0.85829,2.62,1.50
2016.02.01 13:03:53.574,0.85819,0.85827,1.75,1.00
2016.02.01 13:03:53.663,0.85822,0.85834,1.12,1.00
2016.02.01 13:03:54.187,0.85824,0.85836,1.10,2.25
2016.02.01 13:03:54.238,0.85822,0.85836,2.70,3.75
2016.02.01 13:03:54.543,0.85822,0.85833,1.57,1.37
2016.02.01 13:03:54.595,0.8582,0.85831,3.07,1.00
2016.02.01 13:03:54.647,0.8582,0.85831,1.57,1.75
2016.02.01 13:03:55.052,0.85821,0.85832,1.37,1.50
2016.02.01 13:03:55.452,0.85824,0.85833,1.00,1.12
2016.02.01 13:03:55.554,0.85824,0.85835,1.12,1.50
2016.02.01 13:03:55.910,0.85826,0.85836,1.00,1.87
2016.02.01 13:03:56.012,0.85826,0.85837,1.00,1.00
2016.02.01 13:03:56.519,0.85826,0.8584,2.62,1.50
2016.02.01 13:03:57.051,0.85827,0.8584,1.95,1.50
2016.02.01 13:03:59.359,0.85829,0.85839,1.00,1.12
2016.02.01 13:04:01.543,0.85829,0.8584,1.00,1.50
2016.02.01 13:04:02.323,0.85829,0.8584,1.00,1.75
2016.02.01 13:04:03.581,0.85829,0.85839,1.00,1.00
2016.02.01 13:04:03.887,0.85832,0.85842,1.00,1.00
2016.02.01 13:04:04.414,0.85832,0.85845,1.20,2.25
2016.02.01 13:04:05.342,0.85832,0.85845,1.57,1.50
2016.02.01 13:04:05.853,0.85834,0.85847,1.20,1.75
2016.02.01 13:04:06.206,0.85837,0.85848,1.00,1.75
2016.02.01 13:04:06.511,0.8584,0.85851,1.00,1.75
2016.02.01 13:04:07.802,0.8584,0.8585,1.00,1.12
2016.02.01 13:04:08.107,0.8584,0.8585,1.00,1.75
2016.02.01 13:04:08.510,0.8584,0.8585,1.00,1.00
2016.02.01 13:04:11.066,0.8584,0.85852,1.50,2.70
2016.02.01 13:04:11.219,0.85843,0.85852,1.00,1.00
2016.02.01 13:04:11.472,0.85841,0.85852,1.20,1.12
2016.02.01 13:04:11.654,0.85841,0.8585,1.12,1.00
2016.02.01 13:04:12.161,0.85841,0.8585,1.00,1.37
2016.02.01 13:04:12.212,0.85839,0.8585,1.12,1.37
2016.02.01 13:04:12.723,0.85841,0.8585,1.00,1.95
2016.02.01 13:04:12.876,0.85844,0.85856,1.85,1.50
2016.02.01 13:04:12.927,0.85845,0.85856,1.50,1.00
2016.02.01 13:04:12.978,0.85846,0.85858,2.40,1.50
2016.02.01 13:04:13.030,0.85846,0.85859,2.40,1.00
2016.02.01 13:04:13.416,0.85849,0.8586,3.23,1.50
2016.02.01 13:04:13.518,0.8585,0.85862,1.88,1.27
2016.02.01 13:04:13.687,0.8585,0.85862,1.00,1.12
2016.02.01 13:04:13.840,0.85852,0.85862,1.00,1.57
2016.02.01 13:04:14.085,0.85849,0.85861,1.87,1.12
2016.02.01 13:04:14.404,0.85851,0.85861,1.00,1.12
2016.02.01 13:04:15.080,0.85849,0.85861,1.12,1.12
2016.02.01 13:04:15.731,0.85849,0.8586,1.12,1.00
2016.02.01 13:04:16.239,0.85848,0.85859,1.75,1.00
2016.02.01 13:04:16.392,0.85846,0.85859,1.95,1.95
2016.02.01 13:04:16.494,0.85846,0.85859,1.20,1.12
2016.02.01 13:04:16.798,0.85848,0.85862,1.57,2.25
2016.02.01 13:04:17.364,0.85848,0.8586,1.95,1.00
2016.02.01 13:04:17.933,0.85847,0.8586,1.95,1.37
2016.02.01 13:04:18.465,0.85846,0.8586,3.99,2.25
2016.02.01 13:04:19.454,0.85845,0.8586,2.25,3.37
2016.02.01 13:04:19.760,0.85841,0.85854,1.85,1.95
2016.02.01 13:04:19.813,0.85841,0.85854,1.50,1.12
2016.02.01 13:04:20.320,0.85839,0.85854,4.74,1.87
2016.02.01 13:04:20.524,0.85839,0.85852,3.61,1.37
2016.02.01 13:04:20.778,0.85837,0.85849,1.00,2.70
2016.02.01 13:04:21.284,0.85836,0.85848,1.20,1.20
2016.02.01 13:04:21.386,0.85839,0.85847,1.12,1.00
2016.02.01 13:04:21.488,0.85841,0.85853,1.12,1.10
2016.02.01 13:04:21.539,0.85841,0.85853,3.61,1.00
2016.02.01 13:04:21.742,0.85843,0.85855,1.47,1.00
2016.02.01 13:04:22.255,0.85843,0.85856,3.69,1.12
2016.02.01 13:04:23.096,0.85843,0.85854,1.57,1.00
2016.02.01 13:04:23.400,0.8584,0.85849,1.00,1.00
2016.02.01 13:04:23.915,0.85839,0.8585,1.50,1.12
2016.02.01 13:04:24.825,0.85839,0.85849,1.00,1.00
2016.02.01 13:04:25.129,0.85838,0.85847,1.00,1.00
2016.02.01 13:04:25.678,0.85838,0.85849,1.00,1.87
2016.02.01 13:04:25.983,0.85843,0.85856,1.95,1.87
2016.02.01 13:04:26.287,0.85846,0.85858,1.20,1.00
2016.02.01 13:04:27.158,0.85846,0.85859,1.95,2.62
2016.02.01 13:04:27.707,0.85846,0.8586,1.95,1.20
2016.02.01 13:04:28.215,0.85849,0.85861,1.00,1.20
2016.02.01 13:04:28.723,0.85848,0.85861,2.20,1.50
2016.02.01 13:04:28.826,0.85851,0.85861,1.12,1.37
2016.02.01 13:04:28.928,0.85852,0.85863,1.00,2.25
2016.02.01 13:04:29.477,0.85851,0.85863,1.50,1.57
2016.02.01 13:04:30.020,0.85851,0.85862,1.00,1.20
2016.02.01 13:04:30.534,0.85851,0.85863,1.00,1.65
2016.02.01 13:04:30.827,0.85852,0.85864,1.50,1.20
2016.02.01 13:04:31.335,0.85852,0.85865,2.81,1.20
2016.02.01 13:04:31.942,0.85852,0.85865,1.50,1.95
2016.02.01 13:04:32.449,0.85852,0.85864,1.00,1.50
2016.02.01 13:04:33.475,0.85852,0.85863,1.50,1.00
2016.02.01 13:04:34.017,0.85852,0.85864,1.50,1.87
2016.02.01 13:04:34.360,0.85847,0.85856,1.00,1.12
2016.02.01 13:04:34.614,0.85845,0.85856,1.00,3.00
2016.02.01 13:04:35.134,0.85845,0.85858,1.37,3.07
2016.02.01 13:04:35.288,0.85845,0.85857,1.20,1.50
2016.02.01 13:04:35.594,0.85845,0.85855,1.27,1.00
2016.02.01 13:04:36.885,0.85844,0.85854,1.50,1.00
2016.02.01 13:04:37.675,0.85844,0.85854,1.00,1.00
2016.02.01 13:04:38.202,0.85842,0.85853,1.95,1.00
2016.02.01 13:04:38.778,0.85843,0.85853,1.00,1.00
2016.02.01 13:04:39.284,0.85843,0.85854,1.00,2.25
2016.02.01 13:04:39.803,0.85843,0.85853,1.00,1.00
2016.02.01 13:04:41.017,0.85842,0.85852,1.37,1.00
2016.02.01 13:04:41.070,0.85841,0.85852,1.00,1.50
2016.02.01 13:04:41.121,0.85841,0.85849,1.00,1.00
2016.02.01 13:04:42.098,0.85841,0.8585,1.00,1.50
2016.02.01 13:04:44.018,0.85839,0.8585,2.25,1.00
2016.02.01 13:04:44.765,0.85839,0.85852,1.75,1.50
2016.02.01 13:04:45.741,0.85839,0.8585,3.00,1.00
2016.02.01 13:04:50.453,0.85838,0.8585,3.15,1.00
2016.02.01 13:04:50.960,0.85838,0.85851,2.62,1.00
2016.02.01 13:04:51.481,0.85838,0.85852,2.70,1.12
2016.02.01 13:04:51.961,0.85839,0.85848,1.00,1.00
2016.02.01 13:04:52.462,0.85838,0.85849,1.10,1.00
2016.02.01 13:04:52.767,0.85834,0.85845,2.25,1.00
2016.02.01 13:04:53.304,0.85834,0.85846,1.24,1.12
2016.02.01 13:04:53.772,0.85834,0.85844,1.61,1.00
2016.02.01 13:04:55.552,0.85833,0.85845,1.95,1.00
2016.02.01 13:04:56.053,0.85833,0.85844,1.57,1.12
2016.02.01 13:04:56.381,0.85832,0.85841,1.12,1.00
2016.02.01 13:04:58.772,0.85832,0.85843,1.12,1.87
2016.02.01 13:04:59.091,0.85833,0.85841,1.10,1.00
2016.02.01 13:04:59.573,0.85831,0.85843,1.95,1.00
2016.02.01 13:04:59.698,0.85835,0.85846,1.20,3.67
2016.02.01 13:04:59.903,0.85842,0.85853,1.00,1.00
2016.02.01 13:05:00.365,0.85842,0.8585,1.57,1.00
2016.02.01 13:05:00.689,0.85832,0.85841,2.25,1.50
2016.02.01 13:05:00.791,0.85831,0.85843,1.65,1.50
2016.02.01 13:05:01.201,0.8583,0.85843,3.60,1.50
2016.02.01 13:05:01.701,0.8583,0.8584,2.85,1.00
2016.02.01 13:05:02.179,0.85831,0.85844,1.75,1.12
2016.02.01 13:05:05.525,0.8583,0.85844,1.87,1.12
2016.02.01 13:05:05.626,0.8583,0.8584,1.00,1.00
2016.02.01 13:05:05.829,0.85828,0.8584,1.20,1.12
2016.02.01 13:05:06.032,0.85828,0.85838,2.62,1.00
2016.02.01 13:05:06.134,0.85828,0.8584,2.62,1.00
2016.02.01 13:05:07.425,0.85828,0.8584,1.12,1.12
2016.02.01 13:05:07.807,0.85827,0.85838,1.95,1.00
2016.02.01 13:05:08.324,0.85826,0.85837,1.75,1.12
2016.02.01 13:05:09.937,0.85824,0.85836,2.25,1.50
2016.02.01 13:05:10.241,0.85822,0.85835,1.87,3.00
2016.02.01 13:05:10.564,0.8582,0.8583,1.12,1.00
2016.02.01 13:05:10.615,0.8582,0.85832,1.12,4.57
2016.02.01 13:05:11.041,0.85819,0.8583,1.85,1.50
2016.02.01 13:05:11.743,0.85818,0.85829,2.25,1.50
2016.02.01 13:05:12.848,0.85818,0.85829,2.25,1.50
2016.02.01 13:05:12.950,0.85818,0.85827,1.12,1.50
2016.02.01 13:05:13.153,0.85818,0.85829,1.75,1.50
2016.02.01 13:05:13.718,0.85818,0.8583,1.75,3.75
2016.02.01 13:05:14.155,0.85818,0.85828,1.12,1.50
2016.02.01 13:05:14.906,0.8582,0.85828,1.00,1.50
2016.02.01 13:05:14.957,0.8582,0.8583,1.00,2.62
2016.02.01 13:05:15.008,0.85818,0.8583,2.02,2.62
2016.02.01 13:05:15.521,0.85818,0.85832,1.57,1.75
2016.02.01 13:05:16.065,0.85818,0.8583,1.20,1.12
2016.02.01 13:05:16.615,0.85819,0.85833,1.27,1.75
2016.02.01 13:05:17.122,0.85817,0.8583,2.70,1.75
2016.02.01 13:05:17.224,0.85816,0.85826,1.95,1.00
2016.02.01 13:05:17.725,0.85814,0.85825,2.62,1.00
2016.02.01 13:05:18.265,0.85814,0.85828,1.95,2.25
2016.02.01 13:05:19.687,0.85814,0.85827,1.37,2.62
2016.02.01 13:05:20.094,0.85813,0.85825,1.12,1.47
2016.02.01 13:05:20.146,0.85812,0.85822,1.12,1.00
2016.02.01 13:05:20.248,0.85809,0.85822,2.77,2.25
2016.02.01 13:05:20.751,0.8581,0.85822,1.87,1.47
2016.02.01 13:05:20.933,0.8581,0.85823,2.62,2.70
2016.02.01 13:05:21.237,0.8581,0.85821,2.25,1.37
2016.02.01 13:05:21.777,0.85809,0.8582,1.12,1.47
2016.02.01 13:05:22.082,0.85804,0.85816,1.75,1.50
2016.02.01 13:05:22.133,0.85805,0.85816,1.00,2.62
2016.02.01 13:05:22.276,0.85804,0.85816,1.50,1.00
2016.02.01 13:05:22.631,0.85808,0.85816,1.00,1.12
2016.02.01 13:05:22.682,0.85808,0.85819,1.00,1.57
2016.02.01 13:05:22.734,0.85806,0.85819,1.87,1.50
2016.02.01 13:05:23.042,0.85808,0.8582,1.12,1.75
2016.02.01 13:05:23.196,0.85809,0.8582,1.20,1.12
2016.02.01 13:05:23.248,0.85809,0.85821,2.32,2.25
2016.02.01 13:05:23.454,0.85809,0.85823,2.32,1.75
2016.02.01 13:05:23.505,0.85809,0.85823,2.32,1.37
2016.02.01 13:05:24.045,0.85812,0.85823,1.00,1.50
2016.02.01 13:05:24.547,0.85812,0.85822,1.00,1.00
2016.02.01 13:05:25.055,0.85812,0.85823,1.00,1.50
2016.02.01 13:05:25.600,0.85812,0.85822,1.00,1.00
2016.02.01 13:05:27.965,0.85812,0.85823,1.00,1.00
2016.02.01 13:05:28.536,0.85808,0.85822,1.82,1.12
2016.02.01 13:05:28.851,0.85803,0.85816,1.87,1.12
2016.02.01 13:05:28.953,0.85802,0.85811,1.37,1.00
2016.02.01 13:05:29.054,0.858,0.85811,1.57,1.00
2016.02.01 13:05:29.207,0.85797,0.8581,2.40,1.12
2016.02.01 13:05:29.258,0.85797,0.8581,2.70,1.12
2016.02.01 13:05:29.512,0.85797,0.8581,1.10,1.75
2016.02.01 13:05:30.123,0.85797,0.85811,1.50,2.32
2016.02.01 13:05:30.225,0.85798,0.85812,1.50,1.12
2016.02.01 13:05:30.524,0.85798,0.85812,1.20,1.12
2016.02.01 13:05:31.032,0.85797,0.85812,1.87,1.95
2016.02.01 13:05:31.135,0.85796,0.8581,1.10,1.95
2016.02.01 13:05:31.237,0.85795,0.8581,2.70,1.95
2016.02.01 13:05:31.783,0.85794,0.85809,3.00,1.85
2016.02.01 13:05:33.230,0.85795,0.85807,2.32,1.00
2016.02.01 13:05:35.743,0.85795,0.85808,1.57,1.50
2016.02.01 13:05:35.845,0.85795,0.85808,1.50,1.75
2016.02.01 13:05:36.063,0.85794,0.85807,1.00,1.27
2016.02.01 13:05:36.571,0.85791,0.85804,1.20,1.12
2016.02.01 13:05:37.099,0.85791,0.85803,1.20,1.00
2016.02.01 13:05:37.680,0.85791,0.85803,1.57,1.12
2016.02.01 13:05:37.832,0.85791,0.85801,1.47,1.12
2016.02.01 13:05:37.883,0.85789,0.85801,2.25,1.87
2016.02.01 13:05:37.934,0.85789,0.85798,1.87,2.32
2016.02.01 13:05:38.051,0.85781,0.85791,1.87,1.00
2016.02.01 13:05:38.103,0.85779,0.85791,3.15,1.12
2016.02.01 13:05:38.357,0.85783,0.85793,1.00,1.57
2016.02.01 13:05:38.561,0.85782,0.85794,1.87,2.25
2016.02.01 13:05:38.663,0.85785,0.85794,1.00,2.25
2016.02.01 13:05:38.866,0.85787,0.85798,3.00,1.00
2016.02.01 13:05:39.325,0.85788,0.85799,2.32,1.00
2016.02.01 13:05:39.681,0.85788,0.85795,1.47,1.00
2016.02.01 13:05:39.817,0.85785,0.85795,1.12,1.50
2016.02.01 13:05:39.869,0.85784,0.85793,1.37,1.37
2016.02.01 13:05:39.921,0.85782,0.85793,1.20,2.70
2016.02.01 13:05:39.973,0.8578,0.85793,1.12,2.77
2016.02.01 13:05:40.336,0.85783,0.85793,1.00,2.77
2016.02.01 13:05:41.292,0.85782,0.85794,1.50,2.62
2016.02.01 13:05:41.546,0.85786,0.85796,1.00,1.12
2016.02.01 13:05:41.700,0.85787,0.85798,1.10,1.50
2016.02.01 13:05:41.904,0.85788,0.85799,1.07,1.00
2016.02.01 13:05:42.057,0.85789,0.85802,1.20,2.25
2016.02.01 13:05:43.914,0.8579,0.85801,1.12,1.00
2016.02.01 13:05:44.421,0.85788,0.85801,2.70,1.00
2016.02.01 13:05:44.930,0.85788,0.85801,2.32,1.37
2016.02.01 13:05:45.487,0.85788,0.85801,1.57,1.50
2016.02.01 13:05:45.640,0.85788,0.85798,1.12,1.00
2016.02.01 13:05:46.219,0.85785,0.85797,1.20,1.00
2016.02.01 13:05:46.713,0.85787,0.85799,1.95,1.50
2016.02.01 13:05:47.221,0.85786,0.85798,2.70,1.00
2016.02.01 13:05:47.476,0.85786,0.858,1.45,2.25
2016.02.01 13:05:47.986,0.85784,0.85797,1.75,2.32
2016.02.01 13:05:48.292,0.85785,0.85795,1.00,1.47
2016.02.01 13:05:48.548,0.85781,0.85793,1.75,1.10
2016.02.01 13:05:48.701,0.85782,0.85793,1.50,1.47
2016.02.01 13:05:48.904,0.85786,0.85797,1.00,2.32
2016.02.01 13:05:49.057,0.85782,0.85795,1.85,1.00
2016.02.01 13:05:49.362,0.85781,0.85794,4.87,1.10
2016.02.01 13:05:49.538,0.85784,0.85797,1.75,2.62
2016.02.01 13:05:50.050,0.85783,0.85797,1.75,1.87
2016.02.01 13:05:53.684,0.85783,0.85797,1.50,2.25
2016.02.01 13:05:54.215,0.85783,0.85796,1.87,1.85
2016.02.01 13:05:54.419,0.85783,0.85795,1.12,1.12
2016.02.01 13:05:54.523,0.85783,0.85794,1.37,1.57
2016.02.01 13:05:54.678,0.85779,0.85794,2.32,1.95
2016.02.01 13:05:55.273,0.85779,0.85792,1.85,1.12
2016.02.01 13:05:55.376,0.85778,0.85791,2.32,1.00
2016.02.01 13:05:55.883,0.85778,0.85792,1.82,1.12
2016.02.01 13:05:57.035,0.85778,0.85791,1.20,1.00
2016.02.01 13:05:57.581,0.85777,0.85791,1.27,1.65
2016.02.01 13:06:00.982,0.8578,0.85793,1.57,1.47
2016.02.01 13:06:01.033,0.8578,0.85793,2.02,1.10
2016.02.01 13:06:01.186,0.85782,0.85797,3.45,2.25
2016.02.01 13:06:01.494,0.85786,0.85797,1.00,1.12
2016.02.01 13:06:01.841,0.85792,0.85804,1.10,1.00
2016.02.01 13:06:01.892,0.85794,0.85805,1.00,1.50
2016.02.01 13:06:02.198,0.85794,0.85807,2.32,1.12
2016.02.01 13:06:02.837,0.85794,0.85805,1.57,1.00
2016.02.01 13:06:02.990,0.8579,0.85804,1.95,1.87
2016.02.01 13:06:03.296,0.8579,0.85802,1.20,1.00
2016.02.01 13:06:04.694,0.85789,0.85803,1.12,1.47
2016.02.01 13:06:05.214,0.85789,0.85803,1.50,1.10
2016.02.01 13:06:06.168,0.85789,0.85801,1.50,1.50
2016.02.01 13:06:06.219,0.85788,0.85801,1.75,2.25
2016.02.01 13:06:06.322,0.85786,0.858,1.87,2.62
2016.02.01 13:06:06.373,0.85785,0.85797,2.02,1.00
2016.02.01 13:06:06.920,0.85782,0.85797,3.07,1.00
2016.02.01 13:06:08.229,0.85782,0.85797,3.37,1.12
2016.02.01 13:06:08.776,0.85782,0.85796,1.75,1.45
2016.02.01 13:06:09.321,0.85784,0.85798,1.75,2.62
2016.02.01 13:06:10.247,0.85783,0.85798,2.25,2.62
2016.02.01 13:06:11.754,0.85784,0.85798,1.50,1.87
2016.02.01 13:06:12.233,0.85786,0.85799,1.75,1.87
2016.02.01 13:06:12.753,0.85786,0.85799,1.75,1.20
2016.02.01 13:06:13.413,0.85789,0.85801,1.00,3.37
2016.02.01 13:06:13.515,0.85791,0.858,1.00,1.57
2016.02.01 13:06:13.936,0.85787,0.858,1.75,1.27
2016.02.01 13:06:16.048,0.85787,0.858,2.32,1.00
2016.02.01 13:06:16.777,0.85787,0.858,1.85,1.50
2016.02.01 13:06:17.030,0.85785,0.85798,1.75,1.20
2016.02.01 13:06:18.234,0.85783,0.85798,3.00,1.95
2016.02.01 13:06:21.194,0.85783,0.85797,1.20,1.12
2016.02.01 13:06:23.843,0.85783,0.85796,1.20,1.00
2016.02.01 13:06:27.542,0.85783,0.85796,1.12,1.00
2016.02.01 13:06:28.079,0.85784,0.85797,1.12,1.57
2016.02.01 13:06:29.446,0.85783,0.85797,1.75,1.46
2016.02.01 13:06:29.948,0.85783,0.85797,1.75,1.09
2016.02.01 13:06:33.111,0.85787,0.85798,1.00,1.10
2016.02.01 13:06:39.598,0.85793,0.858,1.00,1.12
2016.02.01 13:06:39.699,0.85795,0.85805,1.00,1.37
2016.02.01 13:06:39.801,0.85797,0.85807,1.00,1.47
2016.02.01 13:06:40.005,0.85797,0.85807,1.00,1.10
2016.02.01 13:06:40.266,0.85795,0.85809,1.95,1.67
2016.02.01 13:06:40.318,0.85795,0.85809,2.40,1.20
2016.02.01 13:06:40.673,0.85794,0.85806,3.00,1.00
2016.02.01 13:06:40.826,0.85796,0.85806,1.00,1.57
2016.02.01 13:06:40.877,0.85796,0.85804,1.00,1.37
2016.02.01 13:06:41.386,0.85793,0.85803,1.00,1.87
2016.02.01 13:06:41.590,0.85786,0.85798,1.95,1.07
2016.02.01 13:06:41.692,0.85785,0.85798,1.87,1.27
2016.02.01 13:06:41.794,0.85785,0.85797,1.12,1.07
2016.02.01 13:06:42.112,0.85784,0.85798,2.32,1.20
2016.02.01 13:06:42.896,0.85786,0.85799,2.25,2.02
2016.02.01 13:06:43.099,0.85791,0.85801,1.00,3.00
2016.02.01 13:06:43.511,0.85788,0.85802,3.37,1.37
2016.02.01 13:06:44.074,0.85791,0.85802,1.00,1.12
2016.02.01 13:06:44.176,0.8579,0.85802,1.00,3.92
2016.02.01 13:06:44.480,0.8579,0.85801,1.00,1.37
2016.02.01 13:06:45.511,0.85785,0.85799,2.32,1.85
2016.02.01 13:06:45.613,0.85785,0.85797,1.12,1.95
2016.02.01 13:06:45.816,0.85783,0.85797,1.65,2.80
2016.02.01 13:06:47.617,0.85782,0.85796,2.62,1.95
2016.02.01 13:06:47.770,0.85781,0.85796,1.95,5.50
2016.02.01 13:06:48.024,0.85783,0.85794,1.50,1.00
2016.02.01 13:06:48.539,0.85783,0.85796,2.25,1.20
2016.02.01 13:06:48.816,0.85783,0.85796,1.50,1.45
2016.02.01 13:06:49.343,0.85783,0.85794,1.00,1.00
2016.02.01 13:06:51.051,0.85781,0.85795,1.95,1.85
2016.02.01 13:06:51.102,0.85781,0.85795,1.95,1.85
2016.02.01 13:06:51.355,0.85781,0.85793,1.95,1.12
2016.02.01 13:06:51.882,0.85782,0.85793,1.10,1.37
2016.02.01 13:06:52.407,0.85781,0.85791,1.12,1.00
2016.02.01 13:06:52.611,0.85781,0.85793,1.12,3.07
2016.02.01 13:06:53.148,0.85781,0.85794,1.12,1.94
2016.02.01 13:06:54.659,0.85781,0.85795,1.20,2.70
2016.02.01 13:06:54.964,0.85781,0.85795,1.20,2.70
2016.02.01 13:06:55.305,0.8578,0.85787,1.50,1.00
2016.02.01 13:06:55.407,0.8578,0.85787,1.12,1.00
2016.02.01 13:06:55.511,0.85777,0.85787,1.87,1.50
2016.02.01 13:06:55.562,0.8578,0.85792,2.25,3.00
2016.02.01 13:06:55.613,0.85782,0.85792,1.00,1.00
2016.02.01 13:06:56.126,0.85781,0.85794,2.32,2.32
2016.02.01 13:06:56.329,0.85781,0.85793,1.50,1.12
2016.02.01 13:06:56.837,0.85779,0.85792,1.75,1.47
2016.02.01 13:06:57.842,0.8578,0.8579,1.00,1.00
2016.02.01 13:06:58.348,0.85779,0.85792,1.50,3.52
2016.02.01 13:07:00.479,0.85781,0.85792,1.50,3.14
2016.02.01 13:07:00.530,0.85783,0.85793,1.00,1.57
2016.02.01 13:07:01.036,0.85783,0.85793,1.00,1.20
2016.02.01 13:07:01.900,0.8578,0.85794,1.75,2.02
2016.02.01 13:07:01.951,0.85781,0.85792,1.00,1.00
2016.02.01 13:07:02.524,0.8578,0.85793,1.75,1.47
2016.02.01 13:07:05.328,0.85782,0.85793,1.50,1.11
2016.02.01 13:07:07.253,0.85782,0.85793,1.12,1.93
2016.02.01 13:07:07.305,0.8578,0.85791,1.50,1.57
2016.02.01 13:07:07.356,0.8578,0.8579,1.00,1.20
2016.02.01 13:07:07.509,0.85777,0.8579,1.45,1.95
2016.02.01 13:07:07.712,0.85778,0.85791,1.47,2.62
2016.02.01 13:07:07.763,0.8578,0.85791,1.57,1.00
2016.02.01 13:07:07.865,0.85782,0.85794,1.45,1.50
2016.02.01 13:07:08.414,0.85782,0.85794,1.20,1.12
2016.02.01 13:07:09.174,0.85781,0.85794,1.85,1.87
2016.02.01 13:07:09.685,0.85781,0.85794,1.85,1.12
2016.02.01 13:07:10.964,0.85783,0.85796,1.75,2.32
2016.02.01 13:07:11.471,0.85784,0.85797,1.75,2.62
2016.02.01 13:07:15.469,0.85783,0.85797,3.75,1.87
2016.02.01 13:07:15.977,0.85786,0.85799,1.95,1.87
2016.02.01 13:07:16.109,0.85787,0.85801,1.85,1.57
2016.02.01 13:07:16.611,0.8579,0.85801,1.00,2.32
2016.02.01 13:07:17.476,0.85789,0.85801,1.75,1.87
2016.02.01 13:07:17.578,0.85789,0.85801,1.87,1.12
2016.02.01 13:07:18.114,0.85789,0.85803,1.87,1.87
2016.02.01 13:07:19.188,0.85789,0.85801,1.87,1.50
2016.02.01 13:07:19.528,0.85787,0.85801,1.20,1.85
2016.02.01 13:07:26.472,0.85789,0.85801,1.50,1.57
2016.02.01 13:07:26.524,0.85789,0.85801,1.50,1.20
2016.02.01 13:07:26.575,0.85791,0.85802,1.37,1.57
2016.02.01 13:07:27.085,0.85791,0.85804,1.75,1.85
2016.02.01 13:07:27.630,0.8579,0.85804,2.32,1.57
2016.02.01 13:07:34.326,0.85792,0.85805,2.32,2.62
2016.02.01 13:07:34.829,0.85795,0.85806,1.00,1.75
2016.02.01 13:07:35.522,0.85792,0.85806,1.12,1.75
2016.02.01 13:07:37.199,0.85794,0.85804,1.37,1.12
2016.02.01 13:07:37.453,0.85802,0.85814,1.20,1.87
2016.02.01 13:07:37.504,0.85803,0.85814,1.85,1.00
2016.02.01 13:07:37.606,0.85804,0.85817,1.50,2.25
2016.02.01 13:07:39.646,0.85804,0.85817,1.50,1.87
2016.02.01 13:07:40.207,0.85804,0.85814,1.50,1.00
2016.02.01 13:07:40.361,0.85803,0.85814,1.50,1.75
2016.02.01 13:07:41.534,0.85804,0.85814,1.00,1.50
2016.02.01 13:07:43.235,0.85804,0.85816,1.87,1.12
2016.02.01 13:07:43.781,0.85804,0.85819,1.85,3.07
2016.02.01 13:07:44.439,0.85808,0.8582,1.50,2.70
2016.02.01 13:07:44.645,0.85812,0.85823,2.02,1.00
2016.02.01 13:07:44.749,0.85815,0.85825,1.00,2.62
2016.02.01 13:07:45.105,0.85815,0.85825,1.57,1.00
2016.02.01 13:07:45.750,0.85813,0.85826,1.85,2.32
2016.02.01 13:07:45.802,0.85813,0.85826,1.37,3.82
2016.02.01 13:07:46.111,0.85812,0.85822,1.00,1.12
2016.02.01 13:07:46.366,0.85812,0.85823,1.00,1.65
2016.02.01 13:07:46.619,0.85812,0.85823,1.50,1.27
2016.02.01 13:07:47.123,0.85811,0.85823,1.50,3.37
2016.02.01 13:07:47.225,0.85809,0.8582,1.12,1.37
2016.02.01 13:07:47.327,0.85808,0.85818,1.50,1.37
2016.02.01 13:07:47.935,0.85808,0.8582,1.37,3.00
2016.02.01 13:07:48.039,0.85809,0.85822,1.12,2.70
2016.02.01 13:07:48.242,0.85808,0.85821,1.65,1.50
2016.02.01 13:07:48.778,0.85807,0.8582,2.32,1.75
2016.02.01 13:07:49.846,0.85807,0.8582,1.95,3.00
2016.02.01 13:07:50.059,0.85808,0.85819,1.37,1.00
2016.02.01 13:07:50.414,0.85807,0.85819,1.00,1.50
2016.02.01 13:07:50.934,0.85804,0.85817,3.00,1.12
2016.02.01 13:07:53.044,0.85809,0.8582,1.00,2.32
2016.02.01 13:07:53.248,0.85812,0.85821,1.00,1.00
2016.02.01 13:07:53.813,0.85811,0.85823,1.00,1.95
2016.02.01 13:07:54.688,0.85811,0.85823,1.00,1.20
2016.02.01 13:07:55.210,0.8581,0.85822,1.00,1.85
2016.02.01 13:07:56.573,0.85808,0.8582,3.65,1.50
2016.02.01 13:07:57.763,0.85806,0.85821,1.85,3.75
2016.02.01 13:07:58.107,0.85806,0.85817,1.00,1.85
2016.02.01 13:07:58.212,0.85803,0.85817,2.15,2.32
2016.02.01 13:07:58.263,0.85804,0.85817,2.83,1.85
2016.02.01 13:07:58.365,0.85804,0.85818,3.58,2.25
2016.02.01 13:07:58.416,0.85805,0.85818,1.82,2.25
2016.02.01 13:07:58.467,0.85805,0.85817,1.82,1.12
2016.02.01 13:07:58.670,0.85804,0.85819,1.75,2.70
2016.02.01 13:07:59.431,0.85805,0.85818,1.95,1.12
2016.02.01 13:07:59.938,0.85807,0.85819,1.50,1.65
2016.02.01 13:08:00.337,0.85805,0.85817,2.40,1.00
2016.02.01 13:08:00.844,0.85807,0.85817,1.00,1.50
2016.02.01 13:08:01.148,0.85797,0.85809,1.50,1.87
2016.02.01 13:08:01.659,0.85796,0.85808,1.50,1.47
2016.02.01 13:08:02.348,0.85794,0.85807,1.85,1.12
2016.02.01 13:08:03.492,0.85795,0.85807,1.37,1.45
2016.02.01 13:08:04.058,0.85796,0.85806,1.00,1.10
2016.02.01 13:08:04.637,0.85796,0.85807,1.00,2.14
2016.02.01 13:08:05.159,0.85795,0.85804,1.00,1.00
2016.02.01 13:08:06.916,0.85796,0.85804,1.00,1.00
2016.02.01 13:08:08.070,0.85796,0.85807,1.75,1.45
2016.02.01 13:08:15.504,0.85796,0.85808,1.10,1.36
2016.02.01 13:08:16.010,0.85795,0.85807,1.87,1.44
2016.02.01 13:08:16.714,0.85794,0.85805,1.00,1.69
2016.02.01 13:08:17.221,0.85793,0.85803,1.50,1.00
2016.02.01 13:08:18.626,0.85793,0.85806,1.50,1.51
2016.02.01 13:08:18.677,0.85795,0.85806,1.00,1.51
2016.02.01 13:08:19.183,0.85793,0.85806,1.75,1.44
2016.02.01 13:08:19.386,0.85794,0.85804,1.00,1.36
2016.02.01 13:08:20.336,0.85791,0.85804,1.75,2.19
2016.02.01 13:08:33.007,0.8579,0.85804,1.75,1.85
2016.02.01 13:08:35.389,0.8579,0.85802,2.25,1.12
2016.02.01 13:08:35.939,0.8579,0.85804,1.75,1.95
2016.02.01 13:08:37.345,0.85792,0.85805,2.62,3.00
2016.02.01 13:08:37.447,0.85794,0.85806,1.50,1.57
2016.02.01 13:08:37.549,0.85794,0.85808,1.85,3.00
2016.02.01 13:08:37.752,0.85798,0.85808,1.00,1.35
2016.02.01 13:08:38.449,0.85799,0.85808,1.00,1.12
2016.02.01 13:08:39.346,0.85798,0.85808,1.00,1.00
2016.02.01 13:08:39.849,0.85799,0.85808,1.00,1.50
2016.02.01 13:08:40.362,0.85798,0.85808,1.00,1.00
2016.02.01 13:08:44.255,0.85799,0.85808,1.00,1.00
2016.02.01 13:08:44.806,0.85799,0.85809,1.00,1.12
2016.02.01 13:08:45.591,0.85796,0.85808,1.12,1.50
2016.02.01 13:08:45.642,0.85796,0.85806,1.37,1.37
2016.02.01 13:08:45.845,0.85794,0.85805,1.50,1.50
2016.02.01 13:08:45.946,0.85793,0.85803,1.50,1.00
2016.02.01 13:08:46.200,0.85795,0.85803,1.00,1.00
2016.02.01 13:08:46.352,0.85794,0.85805,1.00,1.10
2016.02.01 13:08:46.863,0.85794,0.85806,1.50,1.20
2016.02.01 13:08:47.963,0.85793,0.85805,1.85,1.00
2016.02.01 13:08:48.522,0.85792,0.85804,1.87,1.00
2016.02.01 13:08:49.311,0.85793,0.85806,1.85,1.20
2016.02.01 13:08:49.769,0.85793,0.85806,1.85,1.57
2016.02.01 13:08:50.158,0.85794,0.85804,1.00,1.00
2016.02.01 13:08:50.687,0.85793,0.85803,1.00,1.00
2016.02.01 13:08:51.680,0.85793,0.85806,1.50,1.12
2016.02.01 13:08:51.782,0.85794,0.85806,1.50,1.12
2016.02.01 13:08:51.884,0.85793,0.85806,2.70,1.20
2016.02.01 13:08:52.406,0.85793,0.85807,1.20,2.25
2016.02.01 13:08:52.889,0.85791,0.85801,2.40,1.00
2016.02.01 13:08:53.466,0.8579,0.85803,2.77,1.75
2016.02.01 13:08:55.492,0.85789,0.85804,1.87,2.32
2016.02.01 13:08:56.027,0.85789,0.85802,1.50,2.25
2016.02.01 13:08:56.531,0.85789,0.85801,1.20,1.75
2016.02.01 13:08:59.544,0.85786,0.85797,1.82,1.87
2016.02.01 13:08:59.595,0.85786,0.85797,1.12,2.62
2016.02.01 13:09:00.204,0.85785,0.85798,3.00,1.12
2016.02.01 13:09:00.679,0.8579,0.85803,1.00,1.75
2016.02.01 13:09:00.781,0.85791,0.85801,1.00,1.00
2016.02.01 13:09:02.591,0.85791,0.85805,1.12,2.70
2016.02.01 13:09:02.693,0.85795,0.85805,1.00,1.57
2016.02.01 13:09:03.234,0.85793,0.85807,1.95,2.25
2016.02.01 13:09:05.390,0.85793,0.85808,4.20,2.25
2016.02.01 13:09:06.406,0.85795,0.85808,1.95,1.12
2016.02.01 13:09:09.475,0.85794,0.85807,3.00,1.00
2016.02.01 13:09:12.218,0.85795,0.85807,1.95,1.00
2016.02.01 13:09:12.423,0.85797,0.8581,3.05,1.12
2016.02.01 13:09:12.930,0.85798,0.8581,1.20,1.37
2016.02.01 13:09:13.618,0.85799,0.85809,1.00,1.50
2016.02.01 13:09:13.771,0.85795,0.85807,4.56,1.00
2016.02.01 13:09:18.187,0.85799,0.85809,1.50,1.50
2016.02.01 13:09:18.340,0.85797,0.8581,2.62,2.62
2016.02.01 13:09:20.799,0.85798,0.85809,1.00,1.85
2016.02.01 13:09:21.310,0.85797,0.85809,1.50,1.57
2016.02.01 13:09:23.867,0.85799,0.85808,1.00,1.12
2016.02.01 13:09:24.373,0.85799,0.85809,1.50,1.00
2016.02.01 13:09:24.475,0.85802,0.8581,1.00,1.00
2016.02.01 13:09:24.628,0.85802,0.85812,1.50,1.00
2016.02.01 13:09:27.493,0.85802,0.85811,1.50,1.00
2016.02.01 13:09:30.493,0.858,0.85811,1.12,1.12
2016.02.01 13:09:31.000,0.85801,0.85811,1.00,1.12
2016.02.01 13:09:32.193,0.85802,0.85812,1.00,1.50
2016.02.01 13:09:32.409,0.85802,0.8581,1.00,1.50
2016.02.01 13:09:32.948,0.85801,0.85812,1.00,1.95
2016.02.01 13:09:33.100,0.85802,0.85812,1.00,1.57
2016.02.01 13:09:33.606,0.85801,0.85812,1.12,1.27
2016.02.01 13:09:33.884,0.85802,0.85812,1.50,2.02
2016.02.01 13:09:34.820,0.85805,0.85813,1.12,1.12
2016.02.01 13:09:34.972,0.85805,0.85816,1.50,1.10
2016.02.01 13:09:35.125,0.85806,0.85818,1.50,2.62
2016.02.01 13:09:35.227,0.85809,0.85818,1.00,1.00
2016.02.01 13:09:35.701,0.85808,0.85819,1.75,1.00
2016.02.01 13:09:35.753,0.8581,0.85823,1.50,2.70
2016.02.01 13:09:35.855,0.85813,0.85823,1.00,2.32
2016.02.01 13:09:35.957,0.8581,0.85823,1.50,1.87
2016.02.01 13:09:36.212,0.85813,0.85824,2.25,1.20
2016.02.01 13:09:36.518,0.8582,0.8583,1.00,1.00
2016.02.01 13:09:37.021,0.8582,0.85831,1.00,1.12
2016.02.01 13:09:37.567,0.85821,0.85831,1.00,1.00
2016.02.01 13:09:38.074,0.85818,0.8583,1.20,1.00
2016.02.01 13:09:39.826,0.85819,0.85832,1.12,1.50
2016.02.01 13:09:40.349,0.85817,0.85831,2.20,2.25
2016.02.01 13:09:48.473,0.85819,0.85831,1.12,1.37
2016.02.01 13:09:48.995,0.85821,0.85831,1.00,1.00
2016.02.01 13:09:50.955,0.85819,0.85831,1.12,2.25
2016.02.01 13:09:51.300,0.85828,0.85838,1.87,1.12
2016.02.01 13:09:51.351,0.85828,0.8584,1.95,1.12
2016.02.01 13:09:51.607,0.85829,0.85837,1.37,1.00
2016.02.01 13:09:51.658,0.85827,0.85837,1.12,1.00
2016.02.01 13:09:52.349,0.85825,0.85836,1.42,1.00
2016.02.01 13:09:52.553,0.85825,0.85835,1.10,1.00
2016.02.01 13:09:53.212,0.85825,0.85835,1.80,1.00
2016.02.01 13:09:53.352,0.85831,0.8584,1.00,2.86
2016.02.01 13:09:53.404,0.85831,0.85843,1.12,2.62
2016.02.01 13:09:53.455,0.85831,0.85844,1.50,1.75
2016.02.01 13:09:53.762,0.85834,0.85844,1.00,1.00
2016.02.01 13:09:54.104,0.8583,0.85838,3.67,1.00
2016.02.01 13:09:54.347,0.8583,0.85843,3.67,1.00
2016.02.01 13:09:54.500,0.85829,0.85842,1.80,1.29
2016.02.01 13:09:54.551,0.85829,0.85842,1.57,1.57
2016.02.01 13:09:54.602,0.85829,0.85841,1.50,1.12
2016.02.01 13:09:54.654,0.85826,0.85837,1.57,1.00
2016.02.01 13:09:54.705,0.85825,0.85836,1.20,1.50
2016.02.01 13:09:54.757,0.85823,0.85834,3.37,2.72
2016.02.01 13:09:54.808,0.85823,0.85833,1.00,1.29
2016.02.01 13:09:54.859,0.8582,0.85831,1.12,1.67
2016.02.01 13:09:55.413,0.8582,0.85829,1.00,1.00
2016.02.01 13:09:55.464,0.85817,0.85829,1.45,1.50
2016.02.01 13:09:55.768,0.85818,0.85831,1.57,3.09
2016.02.01 13:09:56.278,0.8582,0.85832,1.37,2.34
2016.02.01 13:09:56.380,0.85822,0.85834,1.45,1.37
2016.02.01 13:09:56.482,0.85826,0.85836,1.00,1.50
2016.02.01 13:09:56.990,0.85824,0.85836,1.20,1.12
2016.02.01 13:09:57.195,0.85825,0.85833,1.00,1.00
2016.02.01 13:09:57.501,0.85817,0.8583,1.12,3.20
2016.02.01 13:09:57.603,0.85817,0.8583,1.50,3.95
2016.02.01 13:09:57.807,0.85817,0.85827,1.10,1.00
2016.02.01 13:09:58.499,0.8582,0.85827,1.00,1.00
2016.02.01 13:09:58.754,0.85818,0.85831,4.05,1.00
2016.02.01 13:09:58.857,0.85823,0.85833,1.00,1.70
2016.02.01 13:09:59.308,0.85823,0.85831,1.00,1.00
2016.02.01 13:09:59.411,0.85819,0.85829,1.45,1.27
2016.02.01 13:09:59.515,0.85818,0.85827,1.12,1.33
2016.02.01 13:09:59.617,0.85813,0.85824,1.12,1.27
2016.02.01 13:10:00.123,0.85812,0.85827,1.85,4.78
2016.02.01 13:10:00.785,0.85817,0.85827,1.50,3.95
2016.02.01 13:10:00.989,0.85821,0.85833,1.75,1.12
2016.02.01 13:10:01.138,0.85819,0.85831,1.75,1.87
2016.02.01 13:10:01.189,0.85819,0.85829,1.50,1.20
2016.02.01 13:10:01.291,0.85817,0.85827,1.00,1.00
2016.02.01 13:10:02.996,0.85815,0.85827,1.37,1.50
2016.02.01 13:10:03.532,0.85815,0.85825,1.00,1.00
2016.02.01 13:10:05.487,0.85814,0.85828,1.91,1.95
2016.02.01 13:10:05.944,0.85814,0.85828,1.91,1.65
2016.02.01 13:10:06.451,0.85814,0.85825,1.16,1.12
2016.02.01 13:10:08.510,0.85814,0.85827,2.25,1.50
2016.02.01 13:10:09.757,0.85814,0.85827,2.25,1.00
2016.02.01 13:10:10.106,0.85818,0.85831,2.25,3.05
2016.02.01 13:10:10.910,0.85818,0.85831,1.85,1.37
2016.02.01 13:10:10.961,0.85821,0.85832,1.00,2.90
2016.02.01 13:10:11.266,0.8582,0.85835,2.25,3.00
2016.02.01 13:10:11.790,0.8582,0.85835,2.25,1.82
2016.02.01 13:10:12.321,0.85823,0.85834,1.00,1.10
2016.02.01 13:10:15.256,0.85822,0.85836,2.25,4.05
2016.02.01 13:10:15.459,0.85821,0.85833,1.00,1.87
2016.02.01 13:10:15.944,0.8582,0.85832,1.50,1.57
2016.02.01 13:10:16.775,0.85819,0.85832,1.20,1.85
2016.02.01 13:10:17.481,0.85817,0.85829,1.95,1.50
2016.02.01 13:10:17.787,0.85816,0.85826,2.32,1.37
2016.02.01 13:10:17.991,0.85814,0.85826,1.37,2.70
2016.02.01 13:10:18.043,0.85813,0.85825,1.12,1.12
2016.02.01 13:10:18.096,0.85812,0.85823,1.95,1.87
2016.02.01 13:10:18.607,0.85815,0.85827,1.87,2.25
2016.02.01 13:10:19.584,0.85816,0.85826,1.12,1.00
2016.02.01 13:10:24.667,0.85817,0.85827,1.83,1.12
2016.02.01 13:10:24.769,0.85817,0.85829,2.20,1.00
2016.02.01 13:10:24.871,0.85819,0.85832,1.37,2.25
2016.02.01 13:10:25.383,0.85819,0.8583,1.50,1.00
2016.02.01 13:10:25.525,0.85819,0.8583,1.10,1.00
2016.02.01 13:10:25.982,0.85819,0.8583,2.50,1.00
2016.02.01 13:10:26.237,0.85818,0.85832,1.87,2.25
2016.02.01 13:10:28.177,0.85818,0.85831,3.33,1.50
2016.02.01 13:10:28.278,0.8582,0.85832,1.68,1.00
2016.02.01 13:10:28.785,0.8582,0.85833,1.65,1.50
2016.02.01 13:10:29.094,0.8582,0.85831,1.65,1.37
2016.02.01 13:10:29.599,0.8582,0.8583,1.87,1.00
2016.02.01 13:10:31.255,0.85821,0.8583,1.12,1.00
2016.02.01 13:10:31.590,0.85829,0.85841,1.75,2.62
2016.02.01 13:10:33.010,0.8583,0.8584,1.45,1.00
2016.02.01 13:10:34.258,0.8583,0.85841,1.50,1.12
2016.02.01 13:10:34.694,0.85829,0.85841,2.62,1.37
2016.02.01 13:10:34.950,0.85829,0.8584,1.20,1.37
2016.02.01 13:10:35.496,0.85828,0.85838,1.87,1.12
2016.02.01 13:10:37.031,0.85829,0.85837,1.00,1.00
2016.02.01 13:10:37.336,0.85828,0.85838,1.47,1.00
2016.02.01 13:10:37.590,0.85829,0.8584,1.05,1.00
2016.02.01 13:10:37.742,0.85829,0.8584,1.38,1.00
2016.02.01 13:10:38.281,0.85831,0.85842,1.68,1.37
2016.02.01 13:10:40.713,0.85831,0.85842,1.20,1.50
2016.02.01 13:10:41.261,0.8583,0.85842,1.87,1.50
2016.02.01 13:10:41.770,0.8583,0.85842,1.73,1.50
2016.02.01 13:10:42.279,0.8583,0.85842,1.80,1.50
2016.02.01 13:10:42.630,0.85833,0.85842,1.00,1.00
2016.02.01 13:10:43.308,0.85833,0.85843,1.00,1.87
2016.02.01 13:10:43.858,0.8583,0.85843,2.13,1.12
2016.02.01 13:10:44.300,0.8583,0.85841,1.82,1.00
2016.02.01 13:10:44.838,0.85829,0.8584,1.27,1.00
2016.02.01 13:10:45.835,0.85828,0.85839,2.20,1.00
2016.02.01 13:10:46.890,0.85828,0.85835,1.50,1.00
2016.02.01 13:10:47.093,0.85819,0.85831,3.23,1.12
2016.02.01 13:10:47.195,0.85817,0.85831,3.98,1.57
2016.02.01 13:10:49.431,0.85816,0.85829,3.82,1.10
2016.02.01 13:10:49.634,0.85819,0.85825,1.00,1.10
2016.02.01 13:10:49.984,0.85815,0.85822,1.37,1.00
2016.02.01 13:10:50.300,0.85814,0.85823,1.37,2.25
2016.02.01 13:10:50.497,0.8581,0.8582,1.49,1.00
2016.02.01 13:10:50.855,0.85812,0.85822,1.00,1.00
2016.02.01 13:10:51.363,0.85813,0.85823,1.00,1.10
2016.02.01 13:10:51.757,0.85815,0.85826,1.00,1.50
2016.02.01 13:10:51.808,0.85815,0.85826,1.00,1.82
2016.02.01 13:10:55.271,0.85817,0.8583,1.00,2.25
2016.02.01 13:10:55.424,0.85819,0.8583,1.85,1.12
2016.02.01 13:10:55.475,0.85822,0.85835,1.40,1.20
2016.02.01 13:10:55.577,0.85823,0.85836,2.25,2.25
2016.02.01 13:10:55.679,0.85823,0.85834,2.22,1.00
2016.02.01 13:10:55.767,0.85825,0.85837,2.25,1.00
2016.02.01 13:10:55.872,0.85826,0.85838,1.47,1.12
2016.02.01 13:10:56.024,0.85827,0.8584,2.25,1.12
2016.02.01 13:10:57.674,0.8583,0.85839,1.00,1.00
2016.02.01 13:10:58.211,0.8583,0.8584,1.00,1.50
2016.02.01 13:10:58.772,0.8583,0.85839,1.00,1.00
2016.02.01 13:11:00.197,0.8583,0.8584,1.00,2.25
2016.02.01 13:11:00.468,0.85829,0.85837,1.12,1.00
2016.02.01 13:11:00.778,0.85828,0.85837,1.20,1.00
2016.02.01 13:11:02.304,0.85828,0.85839,1.20,1.00
2016.02.01 13:11:02.825,0.85831,0.85838,1.00,1.00
2016.02.01 13:11:02.876,0.85828,0.85838,1.20,1.00
2016.02.01 13:11:03.384,0.85829,0.85839,4.48,1.00
2016.02.01 13:11:03.436,0.8583,0.85841,1.95,1.00
2016.02.01 13:11:03.487,0.85831,0.85841,1.12,1.00
2016.02.01 13:11:03.624,0.85831,0.85843,1.82,1.00
2016.02.01 13:11:03.725,0.85831,0.85846,1.87,3.37
2016.02.01 13:11:04.184,0.85833,0.85846,1.95,1.57
2016.02.01 13:11:04.703,0.85833,0.85843,1.10,1.50
2016.02.01 13:11:05.029,0.85836,0.85843,1.87,1.12
2016.02.01 13:11:05.080,0.85837,0.85847,4.10,1.87
2016.02.01 13:11:05.131,0.8584,0.85847,1.12,1.12
2016.02.01 13:11:05.233,0.85841,0.8585,1.45,1.37
2016.02.01 13:11:05.335,0.85841,0.85854,1.57,1.75
2016.02.01 13:11:06.029,0.8584,0.85853,1.95,1.00
2016.02.01 13:11:06.909,0.8584,0.8585,1.75,1.87
2016.02.01 13:11:07.113,0.85835,0.85849,1.48,2.32
2016.02.01 13:11:09.519,0.85838,0.85847,1.00,1.00
2016.02.01 13:11:09.622,0.85838,0.8585,1.87,1.95
2016.02.01 13:11:10.132,0.85839,0.85853,1.50,3.37
2016.02.01 13:11:10.652,0.8584,0.85853,1.12,2.62
2016.02.01 13:11:11.722,0.85839,0.85852,1.69,1.45
2016.02.01 13:11:12.229,0.85841,0.85854,1.50,4.20
2016.02.01 13:11:13.455,0.85841,0.85853,1.99,1.10
2016.02.01 13:11:13.766,0.85844,0.85855,1.37,1.20
2016.02.01 13:11:14.273,0.85844,0.85858,1.50,2.20
2016.02.01 13:11:16.362,0.85844,0.85859,1.50,5.29
2016.02.01 13:11:17.472,0.85845,0.85859,1.37,1.82
2016.02.01 13:11:17.776,0.85844,0.85857,1.37,1.20
2016.02.01 13:11:18.029,0.85842,0.85854,1.50,1.47
2016.02.01 13:11:18.543,0.85841,0.85852,1.00,1.12
2016.02.01 13:11:19.322,0.85841,0.85853,1.37,1.82
2016.02.01 13:11:21.091,0.85842,0.85854,1.12,1.20
2016.02.01 13:11:21.142,0.85842,0.85853,1.37,1.10
2016.02.01 13:11:21.657,0.85844,0.85855,1.12,1.87
2016.02.01 13:11:23.845,0.85843,0.85855,1.37,1.45
2016.02.01 13:11:24.353,0.85845,0.85857,1.00,4.17
2016.02.01 13:11:24.870,0.85843,0.85857,3.07,1.82
2016.02.01 13:11:25.611,0.85843,0.85856,2.70,1.57
2016.02.01 13:11:26.118,0.85847,0.85856,1.00,1.00
2016.02.01 13:11:26.270,0.85847,0.8586,1.37,1.95
2016.02.01 13:11:26.372,0.85847,0.85861,1.75,2.25
2016.02.01 13:11:27.058,0.85847,0.8586,1.75,1.65
2016.02.01 13:11:27.418,0.85847,0.85858,1.75,1.00
2016.02.01 13:11:27.762,0.85845,0.85855,1.00,1.37
2016.02.01 13:11:28.067,0.85841,0.85853,1.75,1.37
2016.02.01 13:11:30.166,0.85844,0.85854,1.00,1.50
2016.02.01 13:11:30.572,0.85845,0.85855,1.00,1.00
2016.02.01 13:11:34.108,0.85844,0.85853,1.00,1.00
2016.02.01 13:11:34.627,0.85843,0.85853,1.00,1.00
2016.02.01 13:11:35.152,0.85843,0.85858,2.32,5.70
2016.02.01 13:11:35.668,0.85842,0.85857,2.32,2.70
2016.02.01 13:11:37.062,0.85843,0.85856,1.00,1.85
2016.02.01 13:11:39.326,0.85842,0.85852,1.12,1.00
2016.02.01 13:11:39.530,0.8584,0.85853,2.02,1.75
2016.02.01 13:11:40.042,0.8584,0.85852,1.00,1.75
2016.02.01 13:11:40.594,0.85838,0.85852,3.45,1.75
2016.02.01 13:11:42.196,0.85839,0.85851,1.20,1.37
2016.02.01 13:11:44.211,0.85837,0.85851,3.07,1.50
2016.02.01 13:11:44.820,0.85841,0.85851,1.00,1.00
2016.02.01 13:11:48.460,0.8584,0.8585,1.57,1.00
2016.02.01 13:11:48.969,0.85841,0.8585,1.00,1.00
2016.02.01 13:11:49.726,0.85839,0.85851,1.57,1.75
2016.02.01 13:11:50.234,0.8584,0.8585,1.00,1.00
2016.02.01 13:11:50.766,0.85839,0.85848,1.00,1.00
2016.02.01 13:11:50.971,0.8584,0.8585,1.00,1.00
2016.02.01 13:11:51.888,0.8584,0.8585,3.00,1.00
2016.02.01 13:11:52.112,0.85847,0.85861,2.25,1.12
2016.02.01 13:11:52.576,0.85849,0.85861,3.00,1.12
2016.02.01 13:11:52.931,0.85854,0.85864,1.00,1.57
2016.02.01 13:11:53.441,0.85854,0.85864,1.87,1.00
2016.02.01 13:11:53.956,0.85854,0.85864,1.87,1.00
2016.02.01 13:11:54.506,0.85854,0.85864,2.62,1.00
2016.02.01 13:11:55.031,0.85854,0.85864,1.87,1.00
2016.02.01 13:11:55.578,0.85854,0.85864,2.62,1.00
2016.02.01 13:11:55.883,0.85862,0.85872,1.10,1.12
2016.02.01 13:11:56.188,0.85866,0.85878,2.62,1.12
2016.02.01 13:11:56.696,0.85867,0.85879,1.47,1.95
2016.02.01 13:11:57.208,0.85866,0.85879,2.62,1.95
2016.02.01 13:11:57.867,0.85867,0.85877,1.37,1.12
2016.02.01 13:11:58.374,0.85866,0.85878,2.25,1.12
2016.02.01 13:11:59.042,0.85867,0.85877,1.37,1.50
2016.02.01 13:11:59.144,0.85866,0.85877,1.12,1.50
2016.02.01 13:12:01.037,0.85866,0.85877,1.00,1.50
2016.02.01 13:12:02.157,0.85861,0.85876,4.13,4.27
2016.02.01 13:12:02.309,0.85863,0.85873,1.58,1.12
2016.02.01 13:12:02.512,0.85863,0.85876,1.20,1.50
2016.02.01 13:12:02.665,0.85863,0.85875,1.07,1.12
2016.02.01 13:12:06.490,0.85864,0.85876,1.57,1.85
2016.02.01 13:12:08.370,0.85862,0.85875,1.57,1.87
2016.02.01 13:12:08.421,0.85862,0.85873,1.10,1.00
2016.02.01 13:12:08.928,0.85861,0.85874,1.87,1.57
2016.02.01 13:12:09.475,0.85861,0.85874,2.62,1.57
2016.02.01 13:12:10.369,0.85862,0.85874,1.47,1.10
2016.02.01 13:12:10.890,0.85863,0.85877,2.18,1.75
2016.02.01 13:12:13.978,0.85863,0.85877,1.50,1.95
2016.02.01 13:12:14.081,0.85863,0.85874,1.00,2.32
2016.02.01 13:12:14.132,0.85861,0.85873,1.12,2.25
2016.02.01 13:12:14.183,0.85861,0.85873,1.00,1.87
2016.02.01 13:12:15.167,0.85862,0.8587,1.12,1.00
2016.02.01 13:12:15.268,0.85863,0.85876,1.95,1.75
2016.02.01 13:12:15.320,0.85863,0.85876,2.62,1.75
2016.02.01 13:12:15.827,0.85864,0.85876,1.57,1.50
2016.02.01 13:12:16.368,0.85864,0.85876,1.57,1.75
2016.02.01 13:12:17.530,0.85867,0.85877,7.50,1.75
2016.02.01 13:12:17.887,0.85864,0.85876,1.80,1.75
2016.02.01 13:12:18.884,0.85864,0.85875,1.95,1.00
2016.02.01 13:12:22.138,0.85864,0.85877,2.85,1.75
2016.02.01 13:12:22.654,0.85866,0.85877,1.07,1.50
2016.02.01 13:12:23.803,0.85867,0.85877,1.45,1.00
2016.02.01 13:12:24.006,0.85868,0.85882,1.75,1.75
2016.02.01 13:12:25.323,0.85867,0.85881,2.55,1.75
2016.02.01 13:12:27.874,0.85866,0.85881,3.45,2.62
2016.02.01 13:12:28.578,0.85868,0.85878,1.10,1.00
2016.02.01 13:12:29.084,0.85867,0.85881,1.87,2.62
2016.02.01 13:12:29.542,0.85873,0.85882,3.75,3.15
2016.02.01 13:12:29.737,0.85873,0.85881,4.12,1.00
2016.02.01 13:12:29.890,0.85873,0.85879,4.87,1.00
2016.02.01 13:12:30.397,0.85868,0.85879,1.50,1.50
2016.02.01 13:12:32.146,0.85868,0.85879,2.20,1.50
2016.02.01 13:12:32.248,0.85868,0.8588,1.82,1.75
2016.02.01 13:12:32.400,0.85863,0.85873,1.12,1.75
2016.02.01 13:12:32.503,0.85861,0.85873,3.75,4.20
2016.02.01 13:12:34.455,0.85861,0.85869,3.75,1.00
2016.02.01 13:12:34.506,0.85859,0.85869,1.00,1.00
2016.02.01 13:12:35.857,0.85858,0.85872,1.50,1.37
2016.02.01 13:12:36.011,0.85858,0.85873,2.25,3.62
2016.02.01 13:12:36.513,0.85859,0.85873,1.75,2.32
2016.02.01 13:12:37.527,0.85859,0.85871,2.25,1.00
2016.02.01 13:12:38.068,0.85861,0.85874,1.87,3.07
2016.02.01 13:12:39.135,0.85865,0.85874,3.75,1.10
2016.02.01 13:12:39.439,0.85869,0.85881,1.50,2.25
2016.02.01 13:12:39.744,0.85869,0.85879,1.50,2.25
2016.02.01 13:12:39.897,0.85867,0.85874,1.00,1.50
2016.02.01 13:12:39.948,0.85866,0.85874,1.12,1.50
2016.02.01 13:12:40.100,0.85865,0.85875,3.75,1.37
2016.02.01 13:12:40.531,0.85862,0.85874,1.45,1.60
2016.02.01 13:12:41.836,0.85862,0.85874,1.45,1.30
2016.02.01 13:12:42.343,0.85863,0.85877,2.32,2.05
2016.02.01 13:12:42.579,0.85864,0.85878,1.47,2.87
2016.02.01 13:12:42.680,0.85867,0.85878,1.07,1.50
2016.02.01 13:12:43.207,0.85868,0.8588,1.07,1.75
2016.02.01 13:12:43.784,0.85869,0.85881,1.47,2.25
2016.02.01 13:12:44.285,0.85869,0.85882,1.57,1.75
2016.02.01 13:12:44.888,0.85869,0.85877,1.57,1.00
2016.02.01 13:12:45.404,0.85869,0.8588,1.57,1.75
2016.02.01 13:12:46.592,0.85872,0.85881,1.00,1.50
2016.02.01 13:12:46.896,0.85873,0.85881,2.32,1.00
2016.02.01 13:12:47.099,0.85873,0.85883,1.95,1.00
2016.02.01 13:12:47.525,0.85873,0.8588,1.45,1.00
2016.02.01 13:12:47.829,0.85871,0.85881,1.95,1.37
2016.02.01 13:12:48.353,0.8587,0.85881,1.95,1.12
2016.02.01 13:12:48.864,0.85871,0.8588,1.57,1.00
2016.02.01 13:12:49.400,0.85871,0.8588,1.10,1.00
2016.02.01 13:12:49.947,0.85871,0.85879,1.10,1.00
2016.02.01 13:12:50.967,0.8587,0.8588,1.87,1.00
2016.02.01 13:12:51.424,0.85871,0.85878,1.20,2.25
2016.02.01 13:12:51.627,0.85871,0.85881,1.82,2.25
2016.02.01 13:12:52.328,0.85871,0.85882,1.82,1.87
2016.02.01 13:12:52.379,0.85871,0.85882,1.50,1.00
2016.02.01 13:12:52.532,0.85873,0.85887,2.62,3.75
2016.02.01 13:12:53.074,0.85877,0.85889,1.37,1.80
2016.02.01 13:12:53.126,0.85877,0.85889,1.57,1.42
2016.02.01 13:12:53.910,0.85877,0.85889,1.20,3.37
2016.02.01 13:12:54.416,0.85877,0.85888,1.95,2.25
2016.02.01 13:12:54.959,0.85877,0.85887,1.95,2.25
2016.02.01 13:12:55.492,0.8588,0.85887,1.00,2.25
2016.02.01 13:12:55.746,0.8588,0.85889,1.00,2.25
2016.02.01 13:12:56.264,0.85876,0.85889,2.02,2.62
2016.02.01 13:12:56.922,0.85879,0.8589,1.00,4.50
2016.02.01 13:12:59.246,0.8588,0.85889,1.00,1.42
2016.02.01 13:12:59.436,0.85877,0.85889,1.50,1.42
2016.02.01 13:13:00.221,0.85877,0.8589,2.62,4.12
2016.02.01 13:13:00.840,0.85877,0.85889,2.70,2.32
2016.02.01 13:13:01.145,0.85882,0.85893,1.00,1.76
2016.02.01 13:13:01.684,0.85882,0.85892,1.10,3.00
2016.02.01 13:13:01.888,0.85882,0.8589,1.10,1.00
2016.02.01 13:13:02.193,0.85882,0.85892,1.10,3.00
2016.02.01 13:13:02.396,0.85882,0.85889,1.10,1.00
2016.02.01 13:13:02.700,0.85881,0.8589,1.20,1.00
2016.02.01 13:13:02.802,0.85882,0.85892,1.57,1.12
2016.02.01 13:13:02.904,0.85882,0.8589,1.57,1.00
2016.02.01 13:13:03.428,0.85882,0.85891,1.57,1.00
2016.02.01 13:13:03.979,0.85882,0.85892,1.57,1.12
2016.02.01 13:13:04.720,0.85882,0.8589,1.57,1.00
2016.02.01 13:13:05.530,0.8588,0.85889,1.50,1.00
2016.02.01 13:13:06.042,0.8588,0.85888,1.50,1.00
2016.02.01 13:13:06.967,0.8588,0.85892,1.50,2.62
2016.02.01 13:13:07.018,0.8588,0.85888,1.50,1.00
2016.02.01 13:13:07.526,0.8588,0.85889,1.50,1.00
2016.02.01 13:13:08.057,0.8588,0.85888,1.50,1.00
2016.02.01 13:13:08.281,0.8588,0.85892,1.50,1.87
2016.02.01 13:13:08.332,0.8588,0.8589,1.00,1.00
2016.02.01 13:13:08.844,0.8588,0.85891,1.00,1.75
2016.02.01 13:13:08.997,0.85878,0.85889,1.12,1.37
2016.02.01 13:13:09.048,0.85878,0.85889,1.12,1.12
2016.02.01 13:13:09.734,0.85878,0.85885,1.00,1.00
2016.02.01 13:13:09.887,0.85875,0.85887,1.50,1.12
2016.02.01 13:13:12.310,0.85875,0.85886,2.25,1.12
2016.02.01 13:13:12.816,0.85875,0.85887,1.50,1.75
2016.02.01 13:13:13.320,0.85875,0.85884,1.87,1.37
2016.02.01 13:13:13.826,0.85875,0.85885,1.87,1.37
2016.02.01 13:13:15.071,0.85875,0.85885,1.12,1.37
2016.02.01 13:13:15.173,0.85873,0.85883,1.52,1.10
2016.02.01 13:13:15.427,0.85871,0.85881,1.75,1.37
2016.02.01 13:13:15.478,0.8587,0.85881,2.02,2.62
2016.02.01 13:13:15.580,0.85865,0.85878,1.90,2.70
2016.02.01 13:13:15.682,0.85865,0.85874,1.00,1.47
2016.02.01 13:13:15.783,0.85865,0.85874,1.37,1.20
2016.02.01 13:13:16.331,0.85865,0.85875,1.12,3.00
2016.02.01 13:13:17.283,0.85865,0.85875,1.12,1.57
2016.02.01 13:13:17.929,0.85865,0.85875,1.12,2.32
2016.02.01 13:13:18.440,0.85865,0.85877,1.90,1.12
2016.02.01 13:13:18.492,0.85867,0.85879,1.00,1.87
2016.02.01 13:13:18.593,0.85869,0.85881,1.00,1.20
2016.02.01 13:13:18.695,0.85868,0.85882,1.97,1.95
2016.02.01 13:13:19.449,0.85871,0.85883,1.50,2.32
2016.02.01 13:13:19.505,0.85872,0.85882,1.00,1.10
2016.02.01 13:13:20.013,0.85872,0.85884,1.37,1.95
2016.02.01 13:13:20.116,0.85872,0.85884,1.12,1.95
2016.02.01 13:13:20.624,0.8587,0.85883,2.35,1.95
2016.02.01 13:13:21.145,0.8587,0.85883,1.03,1.95
2016.02.01 13:13:21.673,0.8587,0.85884,3.10,1.85
2016.02.01 13:13:21.825,0.8587,0.85885,3.10,2.32
2016.02.01 13:13:22.350,0.85871,0.85883,1.75,1.12
2016.02.01 13:13:23.085,0.85871,0.85882,1.87,1.00
2016.02.01 13:13:23.605,0.85873,0.85883,1.00,1.50
2016.02.01 13:13:24.167,0.8587,0.85883,1.12,1.57
2016.02.01 13:13:24.269,0.85869,0.85882,1.47,1.95
2016.02.01 13:13:24.320,0.85869,0.8588,1.12,1.50
2016.02.01 13:13:25.111,0.85868,0.8588,1.12,1.87
2016.02.01 13:13:27.422,0.85866,0.85878,1.75,1.00
2016.02.01 13:13:30.125,0.85866,0.85879,1.75,1.27
2016.02.01 13:13:32.154,0.85868,0.8588,3.60,1.50
2016.02.01 13:13:32.701,0.85868,0.8588,3.98,1.12
2016.02.01 13:13:32.904,0.85868,0.8588,3.98,1.12
2016.02.01 13:13:33.572,0.85871,0.85879,1.00,1.00
2016.02.01 13:13:33.876,0.85867,0.85879,3.23,1.57
2016.02.01 13:13:34.231,0.85871,0.85879,1.00,1.07
2016.02.01 13:13:34.652,0.85868,0.85878,1.00,1.20
2016.02.01 13:13:34.855,0.85864,0.8587,1.98,1.00
2016.02.01 13:13:34.958,0.85859,0.8587,1.75,1.10
2016.02.01 13:13:35.307,0.85857,0.85866,1.05,1.00
2016.02.01 13:13:35.359,0.85859,0.85866,1.00,1.00
2016.02.01 13:13:35.895,0.85855,0.85866,1.35,1.00
2016.02.01 13:13:36.417,0.85858,0.85869,1.60,1.12
2016.02.01 13:13:36.950,0.85857,0.85868,2.18,1.00
2016.02.01 13:13:38.514,0.85858,0.85869,3.98,1.20
2016.02.01 13:13:38.819,0.85863,0.85873,1.00,1.10
2016.02.01 13:13:40.260,0.85863,0.85874,1.00,1.10
2016.02.01 13:13:40.361,0.85862,0.85875,1.05,2.62
2016.02.01 13:13:41.282,0.85861,0.85873,1.35,1.00
2016.02.01 13:13:41.708,0.85862,0.85875,1.35,1.12
2016.02.01 13:13:42.215,0.85864,0.85875,1.75,2.25
2016.02.01 13:13:42.470,0.85864,0.85875,1.50,1.10
2016.02.01 13:13:42.980,0.85866,0.85875,1.00,1.47
2016.02.01 13:13:43.887,0.85866,0.85876,1.00,3.07
2016.02.01 13:13:45.193,0.85864,0.85875,1.50,1.95
2016.02.01 13:13:45.499,0.8586,0.8587,1.00,1.87
2016.02.01 13:13:48.503,0.8586,0.85869,1.00,1.47
2016.02.01 13:13:48.605,0.85857,0.85868,3.05,1.37
2016.02.01 13:13:49.136,0.85857,0.85869,1.17,1.50
2016.02.01 13:13:49.441,0.85857,0.85865,1.87,1.37
2016.02.01 13:13:49.960,0.85857,0.85866,1.17,1.37
2016.02.01 13:13:50.468,0.85857,0.85865,2.30,1.37
2016.02.01 13:13:51.114,0.85857,0.85868,2.30,1.37
2016.02.01 13:13:51.482,0.85856,0.85868,1.87,1.00
2016.02.01 13:13:52.004,0.85856,0.85868,1.87,1.50
2016.02.01 13:13:52.510,0.85858,0.85868,1.00,1.12
2016.02.01 13:13:54.325,0.85858,0.85868,1.00,1.87
2016.02.01 13:13:54.851,0.85858,0.85868,1.00,1.12
2016.02.01 13:13:55.256,0.85857,0.85868,1.87,1.87
2016.02.01 13:13:55.627,0.85858,0.85869,1.37,8.02
2016.02.01 13:13:56.135,0.8586,0.85871,1.92,1.10
2016.02.01 13:13:56.650,0.8586,0.85871,1.50,1.12
2016.02.01 13:13:56.701,0.8586,0.85871,1.50,1.50
2016.02.01 13:13:57.056,0.85861,0.85871,1.37,1.00
2016.02.01 13:13:57.107,0.85863,0.85873,1.50,1.10
2016.02.01 13:13:57.463,0.85865,0.85876,1.00,1.95
2016.02.01 13:13:57.770,0.85865,0.85876,1.50,1.50
2016.02.01 13:13:58.074,0.85862,0.85874,2.25,2.25
2016.02.01 13:13:58.226,0.8586,0.85872,1.50,1.57
2016.02.01 13:13:58.530,0.85859,0.8587,1.87,1.12
2016.02.01 13:14:01.055,0.85858,0.85868,1.37,1.00
2016.02.01 13:14:01.458,0.85859,0.85867,1.00,1.37
2016.02.01 13:14:01.993,0.85858,0.85868,1.37,1.87
2016.02.01 13:14:03.855,0.85859,0.85867,1.00,1.37
2016.02.01 13:14:04.658,0.85858,0.85866,1.00,1.20
2016.02.01 13:14:05.208,0.85858,0.85865,1.00,1.00
2016.02.01 13:14:07.024,0.85855,0.85867,1.75,2.62
2016.02.01 13:14:07.075,0.85856,0.85867,1.00,3.00
2016.02.01 13:14:07.407,0.85853,0.85865,4.43,1.87
2016.02.01 13:14:08.417,0.85853,0.85865,1.06,1.95
2016.02.01 13:14:08.729,0.85854,0.85865,1.68,1.95
2016.02.01 13:14:10.284,0.85852,0.85865,4.81,1.95
2016.02.01 13:14:10.386,0.85852,0.85862,4.06,1.75
2016.02.01 13:14:10.640,0.85846,0.85857,1.12,1.10
2016.02.01 13:14:11.080,0.85845,0.85857,1.12,2.25
2016.02.01 13:14:11.283,0.85843,0.85854,1.81,1.00
2016.02.01 13:14:11.692,0.85843,0.85854,3.68,2.25
2016.02.01 13:14:12.207,0.85844,0.85855,1.06,1.57
2016.02.01 13:14:12.410,0.85841,0.85853,1.06,1.12
2016.02.01 13:14:12.626,0.8584,0.8585,1.81,1.00
2016.02.01 13:14:12.677,0.8584,0.85851,1.06,1.85
2016.02.01 13:14:12.786,0.8584,0.85851,1.43,1.57
2016.02.01 13:14:13.145,0.85843,0.85854,1.81,1.87
2016.02.01 13:14:13.196,0.85843,0.85854,2.18,1.50
2016.02.01 13:14:13.835,0.85842,0.85853,1.43,1.12
2016.02.01 13:14:13.886,0.85841,0.85853,1.88,1.75
2016.02.01 13:14:14.292,0.8584,0.85848,1.06,1.00
2016.02.01 13:14:14.496,0.85837,0.85846,4.13,1.00
2016.02.01 13:14:15.054,0.85836,0.85848,2.56,1.37
2016.02.01 13:14:16.249,0.85837,0.85847,1.50,1.00
2016.02.01 13:14:17.175,0.85837,0.85848,1.00,1.37
2016.02.01 13:14:18.684,0.85837,0.85847,1.00,1.50
2016.02.01 13:14:19.211,0.85837,0.85846,1.50,1.37
2016.02.01 13:14:19.689,0.85836,0.85843,1.50,1.00
2016.02.01 13:14:19.740,0.85833,0.85843,1.75,1.00
2016.02.01 13:14:19.995,0.85831,0.85844,1.75,1.27
2016.02.01 13:14:20.097,0.85831,0.8584,1.75,1.00
2016.02.01 13:14:20.604,0.85832,0.85841,1.50,1.00
2016.02.01 13:14:21.760,0.85832,0.85843,1.50,1.00
2016.02.01 13:14:22.621,0.85829,0.85839,1.12,1.00
2016.02.01 13:14:22.715,0.85828,0.85839,1.50,1.20
2016.02.01 13:14:24.270,0.85826,0.85837,1.85,1.00
2016.02.01 13:14:24.524,0.85824,0.85838,1.75,1.95
2016.02.01 13:14:24.575,0.85824,0.85834,1.87,1.00
2016.02.01 13:14:24.728,0.85824,0.85836,1.75,1.10
2016.02.01 13:14:25.278,0.85824,0.85836,1.87,1.57
2016.02.01 13:14:25.633,0.85828,0.85838,1.00,1.50
2016.02.01 13:14:25.938,0.85828,0.85838,1.75,1.50
2016.02.01 13:14:26.226,0.8583,0.8584,1.12,1.57
2016.02.01 13:14:26.757,0.85828,0.8584,1.75,1.95
2016.02.01 13:14:27.252,0.85831,0.85843,1.50,2.32
2016.02.01 13:14:27.354,0.8583,0.8584,1.75,1.00
2016.02.01 13:14:27.608,0.85825,0.85837,1.85,1.10
2016.02.01 13:14:27.710,0.85824,0.85836,1.87,1.50
2016.02.01 13:14:28.217,0.85826,0.85836,1.12,1.00
2016.02.01 13:14:28.527,0.85829,0.85839,1.00,1.27
2016.02.01 13:14:29.035,0.8583,0.8584,1.00,2.25
2016.02.01 13:14:29.754,0.85826,0.85837,1.87,1.12
2016.02.01 13:14:30.058,0.85824,0.85836,1.50,1.95
2016.02.01 13:14:32.924,0.85825,0.85836,1.50,1.12
2016.02.01 13:14:33.229,0.85831,0.8584,1.12,1.07
2016.02.01 13:14:33.332,0.85833,0.85843,1.00,3.07
2016.02.01 13:14:33.435,0.85834,0.85844,1.87,1.37
2016.02.01 13:14:33.690,0.85834,0.85845,1.50,1.20
2016.02.01 13:14:34.512,0.85834,0.85845,1.37,2.40
2016.02.01 13:14:35.042,0.85835,0.85845,1.12,1.65
2016.02.01 13:14:35.554,0.85836,0.85844,1.00,1.00
2016.02.01 13:14:36.131,0.85836,0.85845,1.00,1.00
2016.02.01 13:14:36.638,0.85836,0.85847,1.00,1.87
2016.02.01 13:14:36.842,0.85837,0.85847,1.87,1.00
2016.02.01 13:14:37.393,0.85839,0.85847,1.00,1.00
2016.02.01 13:14:38.671,0.85839,0.85846,1.00,1.00
2016.02.01 13:14:39.264,0.85836,0.85846,1.12,1.00
2016.02.01 13:14:39.365,0.85836,0.85846,1.75,1.00
2016.02.01 13:14:39.872,0.85835,0.85845,1.00,2.25
2016.02.01 13:14:39.924,0.85833,0.85844,1.37,1.12
2016.02.01 13:14:39.975,0.85832,0.8584,1.12,1.00
2016.02.01 13:14:40.229,0.8583,0.85839,2.25,1.00
2016.02.01 13:14:40.787,0.85827,0.8584,2.62,2.25
2016.02.01 13:14:42.898,0.85829,0.85839,1.00,1.37
2016.02.01 13:14:43.898,0.85827,0.8584,1.87,2.02
2016.02.01 13:14:45.557,0.85829,0.85839,1.00,1.50
2016.02.01 13:14:46.159,0.85829,0.85838,1.00,1.00
2016.02.01 13:14:47.389,0.85829,0.85839,1.00,1.10
2016.02.01 13:14:47.866,0.85828,0.85838,1.00,1.50
2016.02.01 13:14:48.069,0.85826,0.85837,1.12,1.10
2016.02.01 13:14:48.577,0.85825,0.85837,1.50,1.57
2016.02.01 13:14:49.096,0.85827,0.85837,1.75,1.12
2016.02.01 13:14:49.299,0.85828,0.85839,1.50,1.10
2016.02.01 13:14:49.401,0.8583,0.85839,1.75,1.00
2016.02.01 13:14:49.532,0.85835,0.85841,1.00,1.00
2016.02.01 13:14:49.583,0.85835,0.85845,1.00,1.75
2016.02.01 13:14:49.736,0.85833,0.85845,1.87,1.75
2016.02.01 13:14:50.877,0.85832,0.85843,1.57,1.12
2016.02.01 13:14:51.182,0.85831,0.85841,1.87,1.00
2016.02.01 13:14:51.486,0.85834,0.8584,1.12,1.00
2016.02.01 13:14:51.640,0.85833,0.85842,1.37,1.12
2016.02.01 13:14:52.156,0.85835,0.85842,1.00,1.00
2016.02.01 13:14:53.985,0.85834,0.85842,1.12,1.00
2016.02.01 13:14:54.089,0.85834,0.85842,1.12,1.75
2016.02.01 13:14:54.191,0.85832,0.85841,1.00,1.50
2016.02.01 13:14:54.712,0.85829,0.85839,1.75,1.75
2016.02.01 13:14:54.866,0.85829,0.85839,1.00,1.85
2016.02.01 13:14:54.917,0.85827,0.85837,3.44,1.10
2016.02.01 13:14:55.121,0.85829,0.85838,1.19,1.87
2016.02.01 13:14:55.325,0.85827,0.8584,3.07,2.02
2016.02.01 13:14:55.428,0.85831,0.85838,1.00,1.00
2016.02.01 13:14:55.532,0.85832,0.85841,1.00,1.95
2016.02.01 13:14:56.300,0.85831,0.85841,1.85,1.12
2016.02.01 13:14:58.009,0.85831,0.85841,1.10,1.00
2016.02.01 13:14:58.915,0.85829,0.85837,1.12,1.00
2016.02.01 13:14:59.017,0.85827,0.85837,2.77,1.00
2016.02.01 13:14:59.119,0.8583,0.85837,1.00,1.00
2016.02.01 13:14:59.220,0.85826,0.85837,1.65,1.00
2016.02.01 13:14:59.623,0.85827,0.8584,3.22,1.50
2016.02.01 13:14:59.826,0.85829,0.85839,2.85,1.00
2016.02.01 13:14:59.929,0.85829,0.8584,3.60,1.00
2016.02.01 13:15:00.619,0.85829,0.8584,1.50,1.00
2016.02.01 13:15:00.873,0.85831,0.85842,1.87,1.00
2016.02.01 13:15:01.413,0.85831,0.85843,1.52,3.37
2016.02.01 13:15:01.928,0.85831,0.85843,1.14,1.12
2016.02.01 13:15:02.419,0.8583,0.85842,2.57,2.62
2016.02.01 13:15:02.572,0.85829,0.85837,1.37,3.00
2016.02.01 13:15:02.834,0.85825,0.85837,1.12,2.32
2016.02.01 13:15:03.417,0.85825,0.85836,1.12,1.00
2016.02.01 13:15:03.468,0.85825,0.85834,3.47,2.25
2016.02.01 13:15:03.671,0.85825,0.85835,1.37,2.62
2016.02.01 13:15:04.190,0.85824,0.85834,3.84,2.25
2016.02.01 13:15:04.343,0.85824,0.85836,2.50,3.45
2016.02.01 13:15:04.748,0.85823,0.85834,1.38,2.62
2016.02.01 13:15:04.850,0.85821,0.85832,2.20,1.00
2016.02.01 13:15:05.446,0.85821,0.85831,4.31,1.50
2016.02.01 13:15:05.993,0.8582,0.85832,1.62,3.00
2016.02.01 13:15:06.551,0.85819,0.85829,1.12,1.50
2016.02.01 13:15:06.756,0.85818,0.85829,1.99,1.87
2016.02.01 13:15:07.298,0.85819,0.85828,1.00,1.00
2016.02.01 13:15:07.805,0.85819,0.85829,1.68,1.12
2016.02.01 13:15:08.347,0.85819,0.85829,1.12,1.00
2016.02.01 13:15:08.449,0.8582,0.85831,2.25,1.50
2016.02.01 13:15:08.753,0.85822,0.85832,1.37,1.00
2016.02.01 13:15:08.956,0.85822,0.85833,1.00,2.32
2016.02.01 13:15:09.057,0.85817,0.85831,2.32,1.75
2016.02.01 13:15:09.165,0.85818,0.85829,1.00,1.47
2016.02.01 13:15:09.724,0.85818,0.85829,1.12,1.12
2016.02.01 13:15:10.705,0.85818,0.85828,1.12,1.00
2016.02.01 13:15:11.156,0.8582,0.85829,1.00,1.37
2016.02.01 13:15:11.465,0.85824,0.85835,1.75,2.32
2016.02.01 13:15:12.396,0.85825,0.85835,1.50,1.00
2016.02.01 13:15:12.599,0.85829,0.85838,1.57,1.00
2016.02.01 13:15:12.650,0.85829,0.8584,1.57,1.12
2016.02.01 13:15:12.803,0.85831,0.85842,1.37,1.75
2016.02.01 13:15:13.006,0.85832,0.85842,1.00,1.87
2016.02.01 13:15:13.108,0.85831,0.85842,1.75,1.12
2016.02.01 13:15:13.412,0.8583,0.8584,1.75,1.00
2016.02.01 13:15:14.406,0.8583,0.85841,1.75,1.50
2016.02.01 13:15:14.761,0.85832,0.85839,1.00,1.00
2016.02.01 13:15:15.268,0.85832,0.8584,1.00,1.00
2016.02.01 13:15:15.573,0.85832,0.85837,1.00,1.00
2016.02.01 13:15:16.079,0.85827,0.85837,1.85,1.00
2016.02.01 13:15:21.215,0.85827,0.85837,1.57,1.00
2016.02.01 13:15:21.883,0.85827,0.85836,1.57,1.00
2016.02.01 13:15:23.885,0.85828,0.85835,1.12,1.00
2016.02.01 13:15:24.412,0.85826,0.85835,1.87,1.50
2016.02.01 13:15:28.047,0.85827,0.85836,1.57,1.00
2016.02.01 13:15:28.581,0.85827,0.85837,1.20,1.12
2016.02.01 13:15:29.087,0.85828,0.85838,1.10,1.12
2016.02.01 13:15:29.902,0.85827,0.85838,1.50,1.50
2016.02.01 13:15:30.446,0.85827,0.85838,1.12,1.75
2016.02.01 13:15:30.947,0.85826,0.85836,1.57,1.12
2016.02.01 13:15:34.562,0.85826,0.85838,1.10,1.12
2016.02.01 13:15:34.664,0.85826,0.85836,1.00,1.00
2016.02.01 13:15:35.196,0.85827,0.85836,1.00,1.00
2016.02.01 13:15:35.653,0.85826,0.85838,1.50,1.12
2016.02.01 13:15:35.755,0.85827,0.85838,1.57,1.12
2016.02.01 13:15:36.059,0.85831,0.85839,1.00,1.87
2016.02.01 13:15:36.516,0.85832,0.85842,1.10,1.00
2016.02.01 13:15:36.820,0.85834,0.85842,1.00,1.00
2016.02.01 13:15:36.973,0.85834,0.85844,1.00,1.00
2016.02.01 13:15:37.423,0.85834,0.85841,1.00,1.00
2016.02.01 13:15:38.082,0.85833,0.85843,1.47,1.37
2016.02.01 13:15:38.589,0.85835,0.85845,1.00,2.25
2016.02.01 13:15:38.742,0.85836,0.85844,1.00,1.12
2016.02.01 13:15:39.250,0.85835,0.85847,3.18,1.75
2016.02.01 13:15:39.352,0.85835,0.85845,2.81,1.75
2016.02.01 13:15:39.657,0.85832,0.85842,1.00,1.00
2016.02.01 13:15:39.759,0.85832,0.85841,1.00,1.95
2016.02.01 13:15:40.275,0.85831,0.85841,1.00,1.95
2016.02.01 13:15:41.388,0.85831,0.85841,1.87,1.00
2016.02.01 13:15:41.795,0.85832,0.85845,1.37,1.75
2016.02.01 13:15:42.099,0.85834,0.85844,2.13,1.00
2016.02.01 13:15:42.150,0.85837,0.85846,1.12,1.50
2016.02.01 13:15:42.812,0.85837,0.85848,1.12,1.12
2016.02.01 13:15:44.053,0.85837,0.85848,1.50,1.50
2016.02.01 13:15:44.155,0.85839,0.85847,1.00,1.00
2016.02.01 13:15:44.443,0.85837,0.85849,2.12,1.12
2016.02.01 13:15:44.957,0.8584,0.8585,1.00,1.37
2016.02.01 13:15:45.469,0.85841,0.85851,1.00,1.50
2016.02.01 13:15:46.361,0.8584,0.85851,1.12,1.50
2016.02.01 13:15:46.464,0.85842,0.85851,1.00,1.50
2016.02.01 13:15:46.567,0.8584,0.8585,1.12,1.12
2016.02.01 13:15:47.867,0.85838,0.85848,1.95,1.00
2016.02.01 13:15:48.375,0.85838,0.85847,1.57,1.00
2016.02.01 13:15:49.186,0.8584,0.85849,1.00,1.37
2016.02.01 13:15:49.693,0.8584,0.85849,1.00,1.12
2016.02.01 13:15:50.036,0.85837,0.85847,1.45,1.50
2016.02.01 13:15:54.165,0.85839,0.85847,1.00,1.00
2016.02.01 13:15:54.706,0.85837,0.85848,2.77,1.12
2016.02.01 13:15:55.108,0.85837,0.85845,2.62,1.00
2016.02.01 13:15:55.210,0.85837,0.85845,1.00,1.00
2016.02.01 13:15:55.261,0.85836,0.85843,1.87,1.00
2016.02.01 13:15:55.464,0.85836,0.85845,1.87,1.12
2016.02.01 13:15:56.876,0.85836,0.85843,1.37,1.00
2016.02.01 13:15:56.978,0.85834,0.85843,1.12,1.00
2016.02.01 13:15:57.537,0.85833,0.85843,1.00,1.12
2016.02.01 13:15:57.894,0.85832,0.85841,1.95,1.00
2016.02.01 13:16:00.069,0.85832,0.85841,1.10,1.12
2016.02.01 13:16:00.576,0.8583,0.8584,2.32,1.00
2016.02.01 13:16:00.950,0.85831,0.8584,1.87,1.00
2016.02.01 13:16:01.102,0.85833,0.85842,1.57,1.00
2016.02.01 13:16:01.406,0.85834,0.85844,1.10,1.50
2016.02.01 13:16:01.508,0.85833,0.85845,1.57,2.25
2016.02.01 13:16:02.054,0.85833,0.85845,1.20,2.25
2016.02.01 13:16:02.575,0.85833,0.85844,1.50,1.37
2016.02.01 13:16:02.681,0.85835,0.85844,1.12,1.00
2016.02.01 13:16:03.192,0.85836,0.85845,1.00,1.12
2016.02.01 13:16:03.693,0.85833,0.85845,2.25,1.12
2016.02.01 13:16:04.229,0.85833,0.85845,1.50,1.50
2016.02.01 13:16:05.600,0.85831,0.85841,1.31,1.00
2016.02.01 13:16:05.752,0.8583,0.85841,1.08,1.12
2016.02.01 13:16:08.578,0.85831,0.85841,1.01,1.00
2016.02.01 13:16:12.381,0.85831,0.85843,1.93,1.12
2016.02.01 13:16:13.599,0.85832,0.85843,1.31,1.12
2016.02.01 13:16:14.247,0.85835,0.85843,1.00,1.00
2016.02.01 13:16:14.612,0.85835,0.85846,1.76,1.00
2016.02.01 13:16:14.714,0.85838,0.85849,1.37,1.75
2016.02.01 13:16:14.968,0.85842,0.85851,1.08,1.00
2016.02.01 13:16:15.070,0.85841,0.85851,2.32,1.50
2016.02.01 13:16:15.172,0.85841,0.85851,2.13,1.00
2016.02.01 13:16:15.273,0.85841,0.85851,2.02,1.00
2016.02.01 13:16:15.679,0.85844,0.85853,1.50,1.12
2016.02.01 13:16:15.832,0.85845,0.85856,1.95,1.37
2016.02.01 13:16:15.884,0.85848,0.85856,1.00,1.00
2016.02.01 13:16:16.036,0.85844,0.85854,1.82,1.00
2016.02.01 13:16:16.189,0.85844,0.85854,1.45,1.50
2016.02.01 13:16:16.342,0.85841,0.85852,2.32,1.00
2016.02.01 13:16:16.698,0.8584,0.85851,1.57,1.50
2016.02.01 13:16:17.223,0.85839,0.8585,1.95,1.50
2016.02.01 13:16:17.579,0.85837,0.85848,1.07,1.50
2016.02.01 13:16:18.153,0.85836,0.85847,1.47,1.37
2016.02.01 13:16:20.517,0.85835,0.85848,1.88,1.20
2016.02.01 13:16:21.024,0.85835,0.85847,1.85,1.00
2016.02.01 13:16:21.569,0.85835,0.85846,1.20,1.00
2016.02.01 13:16:23.726,0.85835,0.85847,1.20,1.00
2016.02.01 13:16:24.257,0.85836,0.85849,1.12,3.00
2016.02.01 13:16:24.708,0.85835,0.85849,1.47,3.37
2016.02.01 13:16:25.015,0.85835,0.85847,1.00,1.85
2016.02.01 13:16:25.523,0.85833,0.85844,1.37,1.00
2016.02.01 13:16:25.929,0.85831,0.85841,1.37,1.12
2016.02.01 13:16:28.399,0.85831,0.85841,1.50,1.50
2016.02.01 13:16:28.946,0.85831,0.85841,1.12,1.12
2016.02.01 13:16:29.455,0.85831,0.85841,1.37,1.00
2016.02.01 13:16:30.308,0.85832,0.85843,1.00,2.02
2016.02.01 13:16:30.616,0.85831,0.85843,1.00,1.95
2016.02.01 13:16:31.170,0.85831,0.85843,1.50,2.02
2016.02.01 13:16:31.693,0.85831,0.85841,1.00,1.50
2016.02.01 13:16:32.526,0.85829,0.8584,1.00,1.12
2016.02.01 13:16:32.629,0.85828,0.85837,1.12,1.00
2016.02.01 13:16:32.933,0.85825,0.85834,1.37,1.12
2016.02.01 13:16:32.984,0.85823,0.85833,1.87,1.00
2016.02.01 13:16:33.097,0.85821,0.8583,1.87,1.00
2016.02.01 13:16:33.249,0.85821,0.8583,1.00,1.00
2016.02.01 13:16:33.928,0.85822,0.8583,1.00,1.00
2016.02.01 13:16:34.467,0.85821,0.8583,1.00,1.00
2016.02.01 13:16:35.014,0.85818,0.8583,1.75,1.37
2016.02.01 13:16:35.983,0.85818,0.85829,1.50,1.00
2016.02.01 13:16:36.236,0.85822,0.85829,1.00,1.00
2016.02.01 13:16:36.462,0.85822,0.85831,1.65,1.00
2016.02.01 13:16:36.614,0.85823,0.85834,1.00,1.12
2016.02.01 13:16:36.665,0.85821,0.85834,2.25,1.00
2016.02.01 13:16:36.970,0.85818,0.85828,1.95,1.00
2016.02.01 13:16:37.274,0.85823,0.85831,1.00,1.00
2016.02.01 13:16:37.579,0.85821,0.85831,1.00,1.50
2016.02.01 13:16:37.680,0.85821,0.85829,1.00,1.00
2016.02.01 13:16:38.188,0.85821,0.85828,1.50,1.00
2016.02.01 13:16:39.566,0.85817,0.85827,2.62,1.00
2016.02.01 13:16:40.643,0.85817,0.85828,2.25,1.00
2016.02.01 13:16:41.100,0.85817,0.85826,1.50,1.00
2016.02.01 13:16:41.442,0.85817,0.85824,1.87,1.00
2016.02.01 13:16:41.749,0.85817,0.85827,1.95,1.00
2016.02.01 13:16:42.267,0.85817,0.85826,1.95,1.00
2016.02.01 13:16:42.623,0.85819,0.85828,1.85,1.00
2016.02.01 13:16:43.144,0.85819,0.85828,1.85,1.00
2016.02.01 13:16:43.480,0.85821,0.85832,1.75,1.87
2016.02.01 13:16:45.307,0.85821,0.85832,1.95,1.00
2016.02.01 13:16:47.843,0.85821,0.85831,1.95,1.00
2016.02.01 13:16:48.349,0.85821,0.85831,1.95,1.00
2016.02.01 13:16:49.359,0.85821,0.8583,1.95,1.00
2016.02.01 13:16:49.460,0.85823,0.85833,1.85,1.00
2016.02.01 13:16:49.614,0.85823,0.85833,1.95,1.00
2016.02.01 13:16:49.817,0.85826,0.85835,1.00,1.00
2016.02.01 13:16:50.021,0.85824,0.85836,1.87,1.00
2016.02.01 13:16:51.529,0.85825,0.85836,1.20,1.50
2016.02.01 13:16:51.582,0.85825,0.85834,1.00,1.00
2016.02.01 13:16:52.090,0.8582,0.85833,2.32,1.12
2016.02.01 13:16:52.243,0.85821,0.85833,1.95,1.12
2016.02.01 13:16:52.344,0.85821,0.8583,1.57,1.00
2016.02.01 13:16:52.658,0.85818,0.85828,1.00,1.00
2016.02.01 13:16:52.964,0.85818,0.85826,1.00,1.00
2016.02.01 13:16:53.420,0.85818,0.85828,1.00,1.00
2016.02.01 13:16:54.457,0.85818,0.85829,1.12,1.12
2016.02.01 13:16:55.001,0.85818,0.8583,1.50,1.37
2016.02.01 13:16:58.172,0.85815,0.85829,1.82,1.87
2016.02.01 13:16:58.754,0.85814,0.85827,3.07,1.87
2016.02.01 13:16:59.359,0.85816,0.85828,1.75,1.00
2016.02.01 13:16:59.868,0.85816,0.85829,1.95,1.87
2016.02.01 13:17:00.385,0.85818,0.85828,1.00,1.00
2016.02.01 13:17:00.779,0.85818,0.85826,1.00,1.00
2016.02.01 13:17:01.296,0.85815,0.85827,1.85,1.12
2016.02.01 13:17:01.802,0.85816,0.85826,1.00,1.50
2016.02.01 13:17:03.535,0.85814,0.85825,1.12,1.00
2016.02.01 13:17:04.123,0.85815,0.85825,1.00,1.00
2016.02.01 13:17:04.655,0.85814,0.85825,1.12,1.50
2016.02.01 13:17:07.634,0.85814,0.85826,1.12,1.37
2016.02.01 13:17:07.685,0.85817,0.85826,1.00,1.00
2016.02.01 13:17:07.787,0.85815,0.85827,3.63,1.00
2016.02.01 13:17:08.336,0.85815,0.85828,1.85,1.00
2016.02.01 13:17:08.848,0.85818,0.85828,1.00,1.00
2016.02.01 13:17:11.015,0.85815,0.85827,1.20,1.00
2016.02.01 13:17:11.522,0.85818,0.85828,1.37,1.12
2016.02.01 13:17:12.028,0.85817,0.85829,1.20,1.12
2016.02.01 13:17:13.585,0.85817,0.85829,1.82,1.00
2016.02.01 13:17:14.117,0.85817,0.85829,1.82,1.00
2016.02.01 13:17:14.858,0.85817,0.8583,1.82,1.12
2016.02.01 13:17:15.280,0.85821,0.85832,1.75,1.50
2016.02.01 13:17:15.586,0.85823,0.85834,1.20,1.50
2016.02.01 13:17:16.094,0.85825,0.85835,1.39,1.00
2016.02.01 13:17:16.411,0.85827,0.85837,1.70,1.12
2016.02.01 13:17:16.677,0.85827,0.85837,1.46,1.50
2016.02.01 13:17:16.729,0.85827,0.85837,2.14,1.00
2016.02.01 13:17:18.604,0.85828,0.85838,1.95,1.00
2016.02.01 13:17:19.400,0.85828,0.85838,2.70,1.00
2016.02.01 13:17:20.367,0.85828,0.85838,2.25,1.00
2016.02.01 13:17:21.050,0.85828,0.85839,1.57,1.50
2016.02.01 13:17:21.455,0.85829,0.85838,1.50,1.00
2016.02.01 13:17:25.636,0.85831,0.85838,1.47,1.00
2016.02.01 13:17:26.888,0.8583,0.85839,1.82,1.00
2016.02.01 13:17:28.525,0.85831,0.85842,1.37,1.87
2016.02.01 13:17:29.043,0.8583,0.85841,2.10,1.00
2016.02.01 13:17:31.054,0.85832,0.85838,1.00,1.00
2016.02.01 13:17:34.547,0.8583,0.85838,1.50,1.12
2016.02.01 13:17:34.649,0.85827,0.85837,2.62,1.00
2016.02.01 13:17:35.105,0.85827,0.85836,1.12,1.00
2016.02.01 13:17:35.665,0.85825,0.85836,1.45,1.12
2016.02.01 13:17:36.224,0.85825,0.85836,1.45,1.50
2016.02.01 13:17:36.427,0.85825,0.85836,1.45,2.25
2016.02.01 13:17:37.186,0.85823,0.85835,1.50,2.25
2016.02.01 13:17:37.493,0.85821,0.8583,1.07,1.00
2016.02.01 13:17:38.027,0.85819,0.85833,1.20,3.00
2016.02.01 13:17:41.024,0.85816,0.85828,2.10,1.00
2016.02.01 13:17:41.176,0.85814,0.85827,1.75,1.12
2016.02.01 13:17:41.714,0.85814,0.85827,1.12,1.12
2016.02.01 13:17:44.764,0.85816,0.85827,2.70,1.12
2016.02.01 13:17:44.817,0.85817,0.85827,1.12,1.12
2016.02.01 13:17:45.072,0.85823,0.85834,1.12,1.00
2016.02.01 13:17:45.276,0.85823,0.85835,1.20,1.00
2016.02.01 13:17:46.735,0.85824,0.85836,1.82,1.12
2016.02.01 13:17:47.285,0.85824,0.85835,1.82,1.00
2016.02.01 13:17:47.944,0.85824,0.85839,4.28,2.25
2016.02.01 13:17:48.618,0.85825,0.85837,1.20,1.12
2016.02.01 13:17:48.994,0.85826,0.85839,1.12,1.12
2016.02.01 13:17:50.577,0.85825,0.85837,1.50,1.00
2016.02.01 13:17:50.679,0.85825,0.85836,1.45,1.00
2016.02.01 13:17:50.983,0.85822,0.85835,1.85,1.12
2016.02.01 13:17:51.085,0.8582,0.85831,1.20,1.00
2016.02.01 13:17:51.290,0.85823,0.85832,1.27,1.37
2016.02.01 13:17:51.392,0.85823,0.85833,2.02,1.00
2016.02.01 13:17:51.922,0.85823,0.85834,2.02,1.12
2016.02.01 13:17:52.900,0.85823,0.85832,1.45,1.37
2016.02.01 13:17:53.089,0.8582,0.85829,1.87,1.00
2016.02.01 13:17:53.191,0.85817,0.85829,1.75,1.50
2016.02.01 13:17:53.242,0.85816,0.85829,1.67,1.50
2016.02.01 13:17:53.597,0.85816,0.85828,1.35,1.50
2016.02.01 13:17:53.700,0.85815,0.85828,2.10,1.75
2016.02.01 13:17:54.112,0.85815,0.85827,2.32,1.00
2016.02.01 13:17:54.316,0.85817,0.85829,1.87,1.50
2016.02.01 13:17:54.417,0.85818,0.85829,1.00,1.37
2016.02.01 13:17:55.347,0.85816,0.8583,1.00,1.75
2016.02.01 13:17:55.853,0.85815,0.85827,1.10,1.75
2016.02.01 13:17:56.948,0.85815,0.85828,1.00,1.75
2016.02.01 13:17:57.480,0.85813,0.85827,1.57,2.17
2016.02.01 13:17:58.138,0.85813,0.85827,2.25,2.17
2016.02.01 13:17:58.641,0.85812,0.85827,3.37,1.75
2016.02.01 13:18:00.948,0.85813,0.85827,2.25,1.75
2016.02.01 13:18:01.354,0.85814,0.85827,1.50,1.75
2016.02.01 13:18:01.902,0.85815,0.85827,1.50,1.37
2016.02.01 13:18:02.207,0.85821,0.8583,1.00,1.50
2016.02.01 13:18:02.512,0.85827,0.85833,1.00,1.00
2016.02.01 13:18:02.816,0.85823,0.85833,3.00,1.00
2016.02.01 13:18:03.104,0.85823,0.85833,1.75,1.00
2016.02.01 13:18:03.312,0.85823,0.85831,1.75,1.00
2016.02.01 13:18:03.414,0.8582,0.85831,2.32,1.00
2016.02.01 13:18:03.465,0.85823,0.85829,1.00,1.00
2016.02.01 13:18:03.864,0.85821,0.85829,1.75,1.00
2016.02.01 13:18:04.218,0.85823,0.85827,1.00,1.00
2016.02.01 13:18:04.270,0.85818,0.85827,1.85,1.00
2016.02.01 13:18:04.321,0.85821,0.85825,1.00,1.00
2016.02.01 13:18:04.424,0.85815,0.85824,1.12,1.00
2016.02.01 13:18:04.526,0.85814,0.85824,1.12,1.50
2016.02.01 13:18:04.779,0.85811,0.85823,1.85,1.37
2016.02.01 13:18:05.640,0.85811,0.8582,1.57,1.00
2016.02.01 13:18:06.015,0.85809,0.85819,1.50,1.00
2016.02.01 13:18:06.525,0.85808,0.8582,1.75,1.12
2016.02.01 13:18:07.067,0.85808,0.8582,1.50,1.12
2016.02.01 13:18:07.676,0.85807,0.8582,1.85,1.50
2016.02.01 13:18:07.936,0.858,0.8581,1.75,1.00
2016.02.01 13:18:07.987,0.85798,0.8581,2.25,1.37
2016.02.01 13:18:08.088,0.85798,0.85808,1.50,1.00
2016.02.01 13:18:08.190,0.85802,0.85808,1.00,1.00
2016.02.01 13:18:08.292,0.85805,0.85816,1.50,1.87
2016.02.01 13:18:08.393,0.85807,0.85816,1.37,1.50
2016.02.01 13:18:08.699,0.85809,0.85818,1.37,1.00
2016.02.01 13:18:09.205,0.85809,0.8582,1.00,1.50
2016.02.01 13:18:09.787,0.85809,0.8582,1.50,1.50
2016.02.01 13:18:10.032,0.85811,0.85821,1.00,1.50
2016.02.01 13:18:11.298,0.85811,0.8582,1.00,1.00
2016.02.01 13:18:12.245,0.85811,0.85819,1.00,1.00
2016.02.01 13:18:12.705,0.85806,0.85817,1.82,3.98
2016.02.01 13:18:12.756,0.85806,0.85817,1.20,3.98
2016.02.01 13:18:12.858,0.85805,0.85815,1.00,1.00
2016.02.01 13:18:13.010,0.85804,0.85815,1.87,1.00
2016.02.01 13:18:13.112,0.85803,0.85815,1.12,1.12
2016.02.01 13:18:14.041,0.85805,0.85816,1.12,1.12
2016.02.01 13:18:14.295,0.85807,0.85819,1.47,1.37
2016.02.01 13:18:14.346,0.85807,0.8582,1.95,1.12
2016.02.01 13:18:14.534,0.85807,0.85821,1.95,1.37
2016.02.01 13:18:14.839,0.85809,0.8582,1.12,1.50
2016.02.01 13:18:14.992,0.85807,0.85817,1.85,1.00
2016.02.01 13:18:15.296,0.85807,0.85816,1.00,1.00
2016.02.01 13:18:15.499,0.85802,0.85816,1.47,2.48
2016.02.01 13:18:15.551,0.85802,0.85814,1.20,1.75
2016.02.01 13:18:15.602,0.85801,0.85814,3.37,1.75
2016.02.01 13:18:15.704,0.85802,0.85814,1.57,1.00
2016.02.01 13:18:16.111,0.85799,0.85813,3.15,2.25
2016.02.01 13:18:16.163,0.858,0.85813,2.40,1.75
2016.02.01 13:18:16.262,0.858,0.85815,3.45,3.00
2016.02.01 13:18:16.313,0.85802,0.85813,1.00,1.12
2016.02.01 13:18:16.516,0.85801,0.85813,1.95,1.00
2016.02.01 13:18:17.051,0.858,0.85813,1.20,1.12
2016.02.01 13:18:17.398,0.85796,0.85806,2.62,1.00
2016.02.01 13:18:17.906,0.858,0.85811,1.00,1.75
2016.02.01 13:18:17.958,0.85801,0.85815,1.00,3.37
2016.02.01 13:18:18.126,0.85801,0.85815,2.40,2.25
2016.02.01 13:18:18.177,0.85801,0.85812,2.40,1.00
2016.02.01 13:18:18.333,0.85797,0.85812,2.85,1.75
2016.02.01 13:18:19.153,0.85796,0.85809,2.33,2.25
2016.02.01 13:18:19.255,0.85796,0.85811,1.87,3.75
2016.02.01 13:18:19.357,0.85797,0.85808,1.10,1.00
2016.02.01 13:18:19.611,0.85795,0.85807,2.25,1.37
2016.02.01 13:18:19.916,0.85798,0.85809,1.57,3.00
2016.02.01 13:18:20.090,0.85797,0.8581,1.87,1.75
2016.02.01 13:18:20.598,0.85798,0.85811,1.20,1.75
2016.02.01 13:18:20.803,0.85796,0.85809,1.00,2.25
2016.02.01 13:18:20.854,0.85794,0.85808,3.45,1.75
2016.02.01 13:18:21.361,0.85793,0.85808,1.47,4.50
2016.02.01 13:18:22.262,0.85794,0.85806,1.00,1.75
2016.02.01 13:18:23.221,0.85793,0.85807,1.12,1.75
2016.02.01 13:18:24.796,0.85794,0.85807,1.00,2.25
2016.02.01 13:18:25.332,0.85795,0.85808,1.12,1.85
2016.02.01 13:18:25.835,0.85796,0.85806,1.00,1.00
2016.02.01 13:18:26.241,0.85795,0.85808,1.00,1.95
2016.02.01 13:18:28.544,0.85795,0.85808,1.00,2.32
2016.02.01 13:18:28.899,0.85792,0.85807,2.94,1.75
2016.02.01 13:18:29.423,0.85794,0.85807,1.12,1.85
2016.02.01 13:18:29.575,0.85795,0.85806,1.50,1.00
2016.02.01 13:18:29.778,0.85794,0.85806,1.50,1.37
2016.02.01 13:18:30.107,0.85793,0.85804,1.00,1.12
2016.02.01 13:18:30.158,0.85787,0.858,1.20,1.00
2016.02.01 13:18:30.260,0.85787,0.85799,1.12,1.12
2016.02.01 13:18:30.464,0.85776,0.85785,1.00,1.20
2016.02.01 13:18:30.566,0.85775,0.85785,1.50,3.07
2016.02.01 13:18:30.667,0.85772,0.85781,1.00,1.87
2016.02.01 13:18:30.771,0.85767,0.85779,2.25,1.37
2016.02.01 13:18:31.262,0.8577,0.85783,1.95,1.75
2016.02.01 13:18:31.364,0.85771,0.85781,1.00,1.00
2016.02.01 13:18:31.620,0.85769,0.8578,2.56,1.12
2016.02.01 13:18:31.672,0.85768,0.8578,2.32,1.00
2016.02.01 13:18:32.090,0.85767,0.8578,3.82,1.12
2016.02.01 13:18:32.294,0.85775,0.85788,1.00,1.75
2016.02.01 13:18:32.499,0.85777,0.85787,1.00,1.00
2016.02.01 13:18:32.627,0.85775,0.85788,1.87,1.87
2016.02.01 13:18:32.987,0.85775,0.85788,1.82,1.12
2016.02.01 13:18:33.191,0.85775,0.85788,1.57,1.75
2016.02.01 13:18:34.859,0.85775,0.85787,3.07,1.00
2016.02.01 13:18:35.165,0.85776,0.85789,1.37,1.87
2016.02.01 13:18:35.471,0.85775,0.85787,3.31,1.00
2016.02.01 13:18:36.068,0.85776,0.85788,1.70,1.00
2016.02.01 13:18:37.071,0.85777,0.85789,2.25,1.37
2016.02.01 13:18:37.123,0.85778,0.85791,1.20,1.65
2016.02.01 13:18:37.174,0.85779,0.85791,1.00,2.40
2016.02.01 13:18:37.682,0.85779,0.8579,1.95,1.50
2016.02.01 13:18:41.328,0.85778,0.85789,2.32,1.00
2016.02.01 13:18:43.010,0.85777,0.85789,1.95,1.37
2016.02.01 13:18:43.620,0.85777,0.85789,1.95,1.87
2016.02.01 13:18:43.671,0.85777,0.85788,1.95,1.00
2016.02.01 13:18:43.722,0.85777,0.85789,1.57,1.50
2016.02.01 13:18:44.228,0.85777,0.85789,2.25,1.50
2016.02.01 13:18:44.788,0.85775,0.85787,2.62,1.00
2016.02.01 13:18:44.840,0.85775,0.85787,2.32,1.50
2016.02.01 13:18:44.942,0.85774,0.85787,1.20,1.75
2016.02.01 13:18:45.247,0.85771,0.85784,2.62,1.37
2016.02.01 13:18:45.793,0.8577,0.8578,1.57,1.00
2016.02.01 13:18:46.097,0.85773,0.85782,1.47,1.12
2016.02.01 13:18:46.352,0.85775,0.85786,1.27,1.37
2016.02.01 13:18:46.860,0.85776,0.85791,1.87,2.25
2016.02.01 13:18:47.316,0.85778,0.85791,1.00,1.87
2016.02.01 13:18:47.827,0.85778,0.85792,1.12,2.02
2016.02.01 13:18:48.334,0.85777,0.85787,1.00,1.37
2016.02.01 13:18:48.597,0.85775,0.85788,1.00,1.75
2016.02.01 13:18:48.851,0.85777,0.8579,1.87,2.40
2016.02.01 13:18:49.004,0.85777,0.85787,3.00,1.00
2016.02.01 13:18:49.516,0.85778,0.85788,1.57,1.00
2016.02.01 13:18:50.023,0.85778,0.85791,1.37,1.75
2016.02.01 13:18:50.171,0.85777,0.85788,2.25,1.00
2016.02.01 13:18:50.678,0.85775,0.8579,3.07,2.25
2016.02.01 13:18:51.185,0.85777,0.8579,1.00,1.75
2016.02.01 13:18:51.815,0.85777,0.85789,1.12,1.75
2016.02.01 13:18:53.635,0.85774,0.85783,1.75,1.00
2016.02.01 13:18:53.940,0.85775,0.85783,1.50,1.12
2016.02.01 13:18:54.042,0.85773,0.85781,1.85,1.00
2016.02.01 13:18:54.394,0.85772,0.85781,1.37,1.12
2016.02.01 13:18:54.702,0.85773,0.85783,1.12,1.00
2016.02.01 13:18:55.799,0.85773,0.85784,2.02,1.12
2016.02.01 13:18:55.850,0.85773,0.85784,2.02,1.12
2016.02.01 13:18:56.054,0.85773,0.85784,2.40,1.37
2016.02.01 13:18:56.562,0.85775,0.85784,1.00,1.50
2016.02.01 13:19:00.408,0.85777,0.85783,1.00,1.12
2016.02.01 13:19:00.560,0.85778,0.85785,1.10,1.00
2016.02.01 13:19:00.662,0.85778,0.85785,1.10,1.37
2016.02.01 13:19:00.814,0.85776,0.85785,1.50,1.00
2016.02.01 13:19:00.916,0.85776,0.85785,1.12,1.00
2016.02.01 13:19:01.510,0.85779,0.8579,1.07,2.25
2016.02.01 13:19:01.816,0.8578,0.85791,1.12,1.00
2016.02.01 13:19:01.867,0.85784,0.85794,1.12,1.50
2016.02.01 13:19:02.003,0.85784,0.85795,1.47,1.00
2016.02.01 13:19:02.258,0.85784,0.85797,1.57,2.25
2016.02.01 13:19:02.930,0.85784,0.85797,1.95,2.40
2016.02.01 13:19:03.470,0.85784,0.85797,1.00,3.15
2016.02.01 13:19:04.031,0.85784,0.85795,1.00,1.90
2016.02.01 13:19:04.184,0.85781,0.85793,1.20,1.75
2016.02.01 13:19:04.387,0.85779,0.85788,1.00,1.00
2016.02.01 13:19:04.927,0.85778,0.85788,1.10,1.00
2016.02.01 13:19:05.580,0.85777,0.8579,2.25,1.95
2016.02.01 13:19:06.109,0.85777,0.8579,1.50,1.75
2016.02.01 13:19:06.709,0.85778,0.85788,1.57,1.00
2016.02.01 13:19:07.232,0.85779,0.85788,1.00,1.00
2016.02.01 13:19:08.591,0.85779,0.8579,1.12,1.75
2016.02.01 13:19:09.798,0.85778,0.8579,1.00,1.95
2016.02.01 13:19:10.344,0.85777,0.8579,1.57,1.95
2016.02.01 13:19:10.851,0.85778,0.8579,1.00,1.95
2016.02.01 13:19:15.401,0.85778,0.85789,1.00,1.75
2016.02.01 13:19:15.909,0.85776,0.85789,2.32,2.25
2016.02.01 13:19:17.714,0.85776,0.8579,2.70,2.25
2016.02.01 13:19:19.472,0.85779,0.8579,1.00,1.75
2016.02.01 13:19:19.625,0.85779,0.85791,1.87,2.25
2016.02.01 13:19:21.891,0.8578,0.85792,1.37,1.87
2016.02.01 13:19:21.993,0.8578,0.85794,2.25,1.57
2016.02.01 13:19:22.196,0.8578,0.85793,1.87,1.50
2016.02.01 13:19:23.110,0.85779,0.8579,1.00,1.37
2016.02.01 13:19:23.347,0.85776,0.85789,2.62,1.50
2016.02.01 13:19:23.856,0.85777,0.85787,1.00,1.75
2016.02.01 13:19:24.262,0.85776,0.85787,1.37,1.12
2016.02.01 13:19:25.688,0.85776,0.85788,1.57,1.50
2016.02.01 13:19:26.807,0.85776,0.85788,1.95,1.75
2016.02.01 13:19:27.357,0.85776,0.85789,1.20,2.25
2016.02.01 13:19:28.388,0.85776,0.85789,1.95,2.25
2016.02.01 13:19:29.187,0.85776,0.85789,1.20,2.25
2016.02.01 13:19:29.693,0.85776,0.85789,1.95,1.75
2016.02.01 13:19:29.896,0.85778,0.85788,1.00,1.00
2016.02.01 13:19:30.741,0.8578,0.85791,1.00,1.75
2016.02.01 13:19:31.293,0.85781,0.85793,1.00,3.82
2016.02.01 13:19:31.445,0.85781,0.85793,1.00,3.07
2016.02.01 13:19:36.108,0.85783,0.85792,1.12,1.75
2016.02.01 13:19:36.211,0.85783,0.85796,1.50,1.75
2016.02.01 13:19:36.347,0.85785,0.85796,1.87,1.12
2016.02.01 13:19:36.873,0.85787,0.85797,1.00,1.00
2016.02.01 13:19:37.823,0.85785,0.85798,1.27,2.25
2016.02.01 13:19:38.822,0.85784,0.85797,3.00,2.25
2016.02.01 13:19:39.278,0.85783,0.85793,1.20,1.50
2016.02.01 13:19:39.433,0.85781,0.85792,2.25,1.75
2016.02.01 13:19:39.737,0.85779,0.85789,1.27,1.50
2016.02.01 13:19:41.556,0.85776,0.85789,1.20,1.50
2016.02.01 13:19:43.671,0.85777,0.85789,1.82,1.12
2016.02.01 13:19:44.178,0.8578,0.85789,1.10,1.12
2016.02.01 13:19:46.438,0.8578,0.8579,1.10,1.87
2016.02.01 13:19:47.123,0.85777,0.85787,1.12,1.37
2016.02.01 13:19:47.175,0.85777,0.85785,1.37,1.12
2016.02.01 13:19:47.277,0.85775,0.85788,1.20,1.50
2016.02.01 13:19:47.329,0.85779,0.85788,1.37,1.37
2016.02.01 13:19:47.380,0.85779,0.85789,1.75,1.00
2016.02.01 13:19:47.838,0.85782,0.85792,1.57,1.75
2016.02.01 13:19:48.086,0.85783,0.85793,1.20,1.00
2016.02.01 13:19:48.594,0.85781,0.85793,1.85,1.87
