2016.02.03 15:00:00.105,0.84186,0.84222,1.87,1.00
2016.02.03 15:00:00.156,0.84186,0.84213,1.37,1.00
2016.02.03 15:00:00.208,0.84181,0.84213,1.00,1.00
2016.02.03 15:00:00.260,0.84181,0.84215,1.50,1.00
2016.02.03 15:00:00.463,0.84169,0.84233,2.39,1.00
2016.02.03 15:00:00.514,0.84187,0.84229,1.00,1.00
2016.02.03 15:00:00.565,0.84186,0.84235,1.00,1.00
2016.02.03 15:00:00.667,0.84192,0.84236,1.00,1.00
2016.02.03 15:00:00.769,0.84185,0.84233,1.00,1.00
2016.02.03 15:00:01.024,0.84184,0.84227,1.00,1.00
2016.02.03 15:00:01.137,0.84184,0.84232,1.00,1.00
2016.02.03 15:00:01.188,0.84186,0.84229,1.00,1.00
2016.02.03 15:00:01.496,0.84192,0.84223,1.00,1.00
2016.02.03 15:00:01.547,0.84187,0.84223,1.00,1.50
2016.02.03 15:00:01.599,0.84189,0.84223,1.00,1.00
2016.02.03 15:00:01.911,0.84193,0.8422,1.00,1.00
2016.02.03 15:00:01.962,0.8419,0.8422,1.00,1.00
2016.02.03 15:00:02.013,0.84193,0.84222,1.00,1.00
2016.02.03 15:00:02.064,0.8419,0.84222,1.00,1.00
2016.02.03 15:00:02.116,0.84188,0.84222,1.00,1.00
2016.02.03 15:00:02.269,0.84179,0.84215,1.00,1.00
2016.02.03 15:00:02.743,0.84179,0.84217,1.00,1.00
2016.02.03 15:00:02.795,0.84197,0.84217,1.00,1.00
2016.02.03 15:00:03.004,0.84195,0.84216,1.00,1.00
2016.02.03 15:00:03.126,0.84195,0.84214,1.00,1.37
2016.02.03 15:00:03.177,0.84193,0.84213,1.00,1.37
2016.02.03 15:00:03.229,0.84174,0.84196,1.50,1.00
2016.02.03 15:00:03.499,0.84174,0.84194,1.00,1.00
2016.02.03 15:00:03.856,0.84172,0.84194,1.50,1.00
2016.02.03 15:00:03.907,0.84172,0.84191,1.00,1.00
2016.02.03 15:00:04.209,0.8418,0.842,1.00,1.00
2016.02.03 15:00:04.312,0.84172,0.84189,1.12,1.00
2016.02.03 15:00:04.644,0.84173,0.84181,1.00,1.00
2016.02.03 15:00:04.898,0.84175,0.84186,1.00,1.00
2016.02.03 15:00:04.949,0.84173,0.84186,1.00,1.00
2016.02.03 15:00:05.051,0.84169,0.84186,1.00,1.00
2016.02.03 15:00:05.102,0.84165,0.84184,1.00,1.00
2016.02.03 15:00:05.305,0.84163,0.8418,1.00,1.00
2016.02.03 15:00:05.467,0.84161,0.84179,1.00,1.00
2016.02.03 15:00:05.569,0.84163,0.84182,1.00,1.00
2016.02.03 15:00:05.671,0.84171,0.84182,1.00,1.00
2016.02.03 15:00:05.774,0.84172,0.84187,1.00,1.00
2016.02.03 15:00:05.826,0.84168,0.84187,1.50,1.00
2016.02.03 15:00:05.877,0.84175,0.84192,1.00,1.00
2016.02.03 15:00:06.185,0.84176,0.84195,1.00,1.00
2016.02.03 15:00:06.338,0.8417,0.84189,1.00,1.00
2016.02.03 15:00:06.644,0.84173,0.8419,1.00,1.00
2016.02.03 15:00:06.746,0.84171,0.8419,1.00,1.00
2016.02.03 15:00:06.962,0.84168,0.84187,1.00,1.00
2016.02.03 15:00:07.321,0.84166,0.84183,1.50,1.00
2016.02.03 15:00:07.576,0.84162,0.8418,1.00,1.00
2016.02.03 15:00:07.970,0.84164,0.84183,1.00,1.00
2016.02.03 15:00:08.072,0.84164,0.8418,1.00,1.00
2016.02.03 15:00:08.276,0.8416,0.84179,1.50,1.00
2016.02.03 15:00:08.570,0.84159,0.84176,1.00,1.00
2016.02.03 15:00:09.077,0.84157,0.84175,1.50,1.00
2016.02.03 15:00:09.179,0.84157,0.84175,1.37,1.00
2016.02.03 15:00:09.297,0.84163,0.8418,1.00,1.00
2016.02.03 15:00:10.185,0.84161,0.84177,1.00,1.00
2016.02.03 15:00:10.490,0.84153,0.84172,1.00,1.00
2016.02.03 15:00:10.593,0.84152,0.8417,1.50,1.00
2016.02.03 15:00:10.912,0.84153,0.84163,1.00,1.75
2016.02.03 15:00:10.963,0.84152,0.84163,1.00,1.50
2016.02.03 15:00:11.065,0.8415,0.84161,1.00,1.00
2016.02.03 15:00:11.117,0.84148,0.84161,1.50,1.00
2016.02.03 15:00:11.169,0.84149,0.84167,1.12,1.75
2016.02.03 15:00:11.272,0.84152,0.84171,1.87,1.75
2016.02.03 15:00:11.483,0.84156,0.84174,1.00,1.37
2016.02.03 15:00:11.534,0.84156,0.84174,1.00,1.00
2016.02.03 15:00:11.585,0.84157,0.84167,2.25,1.00
2016.02.03 15:00:11.687,0.84148,0.84163,1.75,1.00
2016.02.03 15:00:11.739,0.84148,0.84163,1.75,1.00
2016.02.03 15:00:12.044,0.84159,0.84169,1.00,1.00
2016.02.03 15:00:12.095,0.84157,0.84169,1.00,1.00
2016.02.03 15:00:12.271,0.84152,0.84166,2.25,1.50
2016.02.03 15:00:12.373,0.84155,0.8417,1.75,1.87
2016.02.03 15:00:12.476,0.84157,0.84169,2.25,1.00
2016.02.03 15:00:12.578,0.84155,0.84174,3.75,1.75
2016.02.03 15:00:12.680,0.84155,0.84169,3.00,1.00
2016.02.03 15:00:12.884,0.84153,0.8417,2.25,1.75
2016.02.03 15:00:13.136,0.84152,0.84165,2.25,1.12
2016.02.03 15:00:13.187,0.84153,0.84163,1.50,1.00
2016.02.03 15:00:13.289,0.8415,0.84165,1.50,1.75
2016.02.03 15:00:13.596,0.84154,0.84167,1.75,1.00
2016.02.03 15:00:13.884,0.84148,0.8416,1.12,2.25
2016.02.03 15:00:14.089,0.84147,0.84156,1.00,1.00
2016.02.03 15:00:14.396,0.8414,0.84155,1.75,1.75
2016.02.03 15:00:14.742,0.84143,0.8416,1.75,2.25
2016.02.03 15:00:15.052,0.84142,0.84153,1.12,1.75
2016.02.03 15:00:15.464,0.84136,0.84154,2.25,2.25
2016.02.03 15:00:15.566,0.84136,0.84154,3.00,3.00
2016.02.03 15:00:15.871,0.84135,0.84142,1.00,1.50
2016.02.03 15:00:16.237,0.84132,0.84142,2.25,1.07
2016.02.03 15:00:16.470,0.84132,0.84147,3.00,1.87
2016.02.03 15:00:16.674,0.84129,0.8414,1.47,1.50
2016.02.03 15:00:17.090,0.84133,0.84142,1.12,2.25
2016.02.03 15:00:17.295,0.84128,0.84141,1.87,1.10
2016.02.03 15:00:17.448,0.84129,0.84136,1.00,1.00
2016.02.03 15:00:17.550,0.84113,0.84134,1.49,4.50
2016.02.03 15:00:17.601,0.84103,0.84116,1.50,1.95
2016.02.03 15:00:17.907,0.84113,0.84118,1.00,1.37
2016.02.03 15:00:18.009,0.8412,0.84126,1.00,1.07
2016.02.03 15:00:18.112,0.84122,0.84137,1.12,1.20
2016.02.03 15:00:18.233,0.84125,0.84137,1.12,1.47
2016.02.03 15:00:18.387,0.84129,0.84141,1.95,1.00
2016.02.03 15:00:18.439,0.84131,0.84144,2.25,1.00
2016.02.03 15:00:18.490,0.84135,0.84148,1.12,1.07
2016.02.03 15:00:18.541,0.8414,0.84149,1.00,1.37
2016.02.03 15:00:18.593,0.8414,0.84154,1.75,1.45
2016.02.03 15:00:18.695,0.84145,0.84154,1.75,1.12
2016.02.03 15:00:18.747,0.84154,0.8416,1.00,1.37
2016.02.03 15:00:18.798,0.84154,0.84166,1.87,1.87
2016.02.03 15:00:18.850,0.84167,0.84173,1.00,4.87
2016.02.03 15:00:18.961,0.84179,0.84183,1.00,1.00
2016.02.03 15:00:19.014,0.84182,0.8419,1.75,2.62
2016.02.03 15:00:19.065,0.84189,0.84199,1.00,1.07
2016.02.03 15:00:19.116,0.84191,0.84199,1.00,1.07
2016.02.03 15:00:19.270,0.84196,0.84209,1.37,1.12
2016.02.03 15:00:19.322,0.84196,0.84211,1.95,1.50
2016.02.03 15:00:19.373,0.84196,0.8421,1.95,1.57
2016.02.03 15:00:19.763,0.84197,0.84212,1.20,1.12
2016.02.03 15:00:19.816,0.84196,0.84212,1.87,1.12
2016.02.03 15:00:19.867,0.84197,0.84214,1.12,1.50
2016.02.03 15:00:20.071,0.84196,0.84208,2.32,1.00
2016.02.03 15:00:20.224,0.84191,0.84207,1.10,1.37
2016.02.03 15:00:20.277,0.8419,0.84207,1.12,1.50
2016.02.03 15:00:20.379,0.84188,0.84203,1.20,1.37
2016.02.03 15:00:20.589,0.84189,0.84198,1.12,1.37
2016.02.03 15:00:20.641,0.8418,0.84196,1.82,1.00
2016.02.03 15:00:20.692,0.84179,0.84193,1.12,1.37
2016.02.03 15:00:20.744,0.84178,0.84193,1.00,1.47
2016.02.03 15:00:20.796,0.84178,0.84188,1.00,1.37
2016.02.03 15:00:20.847,0.84176,0.84188,1.12,1.37
2016.02.03 15:00:20.949,0.84174,0.84188,1.12,1.37
2016.02.03 15:00:21.000,0.84174,0.84192,1.12,1.00
2016.02.03 15:00:21.103,0.84173,0.84187,1.37,1.37
2016.02.03 15:00:21.478,0.84174,0.84185,1.00,1.37
2016.02.03 15:00:21.733,0.8417,0.84185,1.00,1.50
2016.02.03 15:00:21.835,0.8417,0.84182,1.00,1.00
2016.02.03 15:00:22.158,0.84172,0.84179,1.00,1.37
2016.02.03 15:00:22.312,0.8417,0.84184,1.95,1.37
2016.02.03 15:00:22.414,0.84169,0.84182,1.85,1.37
2016.02.03 15:00:22.516,0.84168,0.84181,1.12,1.57
2016.02.03 15:00:22.644,0.8417,0.84183,1.37,1.20
2016.02.03 15:00:22.697,0.8417,0.84186,1.20,1.57
2016.02.03 15:00:22.850,0.84169,0.84185,1.85,1.50
2016.02.03 15:00:23.156,0.84178,0.84187,1.00,1.50
2016.02.03 15:00:23.207,0.84177,0.84188,1.37,1.95
2016.02.03 15:00:23.258,0.84181,0.84188,1.00,1.37
2016.02.03 15:00:23.310,0.84181,0.8419,1.75,1.10
2016.02.03 15:00:23.625,0.84181,0.84191,1.00,1.00
2016.02.03 15:00:23.727,0.84183,0.84194,1.00,2.25
2016.02.03 15:00:24.236,0.84181,0.84194,1.85,2.25
2016.02.03 15:00:24.545,0.84182,0.8419,1.00,1.00
2016.02.03 15:00:24.850,0.84187,0.84194,1.50,1.00
2016.02.03 15:00:25.055,0.84181,0.84193,1.20,1.00
2016.02.03 15:00:25.157,0.84179,0.84193,2.32,1.57
2016.02.03 15:00:25.462,0.84178,0.84193,1.10,2.25
2016.02.03 15:00:25.666,0.84181,0.84193,1.00,2.25
2016.02.03 15:00:25.717,0.84179,0.84192,1.50,1.07
2016.02.03 15:00:25.832,0.84179,0.84193,2.25,1.20
2016.02.03 15:00:25.934,0.84182,0.84194,1.00,1.07
2016.02.03 15:00:26.342,0.8418,0.84195,1.95,1.20
2016.02.03 15:00:26.495,0.84183,0.84196,1.37,1.27
2016.02.03 15:00:26.611,0.84183,0.84198,1.20,2.32
2016.02.03 15:00:26.714,0.84182,0.84196,2.25,1.00
2016.02.03 15:00:27.019,0.84186,0.842,2.25,1.75
2016.02.03 15:00:27.531,0.84185,0.84199,1.85,1.57
2016.02.03 15:00:27.938,0.84184,0.842,1.95,1.95
2016.02.03 15:00:28.351,0.84185,0.84199,2.32,1.10
2016.02.03 15:00:28.453,0.84189,0.84198,1.00,1.00
2016.02.03 15:00:28.504,0.84191,0.842,1.37,1.95
2016.02.03 15:00:28.556,0.84196,0.842,1.00,1.00
2016.02.03 15:00:28.658,0.84194,0.84203,1.50,1.00
2016.02.03 15:00:28.709,0.84194,0.842,1.75,1.00
2016.02.03 15:00:28.760,0.84194,0.84205,1.75,1.12
2016.02.03 15:00:28.812,0.84194,0.84201,1.75,1.00
2016.02.03 15:00:28.915,0.84198,0.84208,1.75,1.50
2016.02.03 15:00:28.966,0.84199,0.8421,1.12,2.62
2016.02.03 15:00:29.065,0.84199,0.84204,1.12,1.00
2016.02.03 15:00:29.117,0.84193,0.84204,1.87,1.37
2016.02.03 15:00:29.219,0.84191,0.84204,1.87,1.85
2016.02.03 15:00:29.424,0.84193,0.84203,1.00,1.10
2016.02.03 15:00:29.628,0.84193,0.84202,1.00,1.20
2016.02.03 15:00:30.194,0.84187,0.84201,2.62,1.87
2016.02.03 15:00:30.246,0.84189,0.84201,1.50,1.87
2016.02.03 15:00:30.348,0.8419,0.84202,1.75,2.25
2016.02.03 15:00:30.450,0.84188,0.84202,1.95,1.50
2016.02.03 15:00:30.759,0.8419,0.84198,1.00,1.12
2016.02.03 15:00:31.065,0.84201,0.84209,1.12,1.00
2016.02.03 15:00:31.371,0.84205,0.8421,1.00,1.50
2016.02.03 15:00:31.503,0.84207,0.8422,1.12,1.85
2016.02.03 15:00:31.608,0.84209,0.8422,1.00,1.85
2016.02.03 15:00:32.118,0.84206,0.84219,1.57,1.75
2016.02.03 15:00:32.170,0.84205,0.84219,2.25,3.07
2016.02.03 15:00:32.331,0.84205,0.84217,1.00,3.75
2016.02.03 15:00:32.435,0.84204,0.84216,1.12,1.95
2016.02.03 15:00:32.487,0.84206,0.84217,1.00,1.12
2016.02.03 15:00:32.539,0.84206,0.84218,1.50,2.70
2016.02.03 15:00:32.742,0.84205,0.84214,1.20,2.25
2016.02.03 15:00:32.946,0.84202,0.84214,1.57,1.50
2016.02.03 15:00:33.462,0.84201,0.84216,1.50,1.95
2016.02.03 15:00:33.614,0.84201,0.84215,2.25,1.95
2016.02.03 15:00:33.716,0.8421,0.84222,3.00,1.12
2016.02.03 15:00:33.977,0.84209,0.84219,1.00,1.50
2016.02.03 15:00:34.028,0.84205,0.84217,1.37,1.12
2016.02.03 15:00:34.079,0.84205,0.84217,1.00,1.50
2016.02.03 15:00:34.232,0.84201,0.84214,3.15,1.65
2016.02.03 15:00:34.804,0.84201,0.84213,1.47,1.75
2016.02.03 15:00:34.906,0.84199,0.84212,1.12,1.50
2016.02.03 15:00:35.060,0.84201,0.84214,1.87,1.82
2016.02.03 15:00:35.366,0.842,0.84209,1.00,1.75
2016.02.03 15:00:35.417,0.84196,0.84205,1.12,1.12
2016.02.03 15:00:35.468,0.84191,0.84199,1.57,1.00
2016.02.03 15:00:35.680,0.84186,0.84201,1.50,2.25
2016.02.03 15:00:35.933,0.84193,0.84197,2.25,1.00
2016.02.03 15:00:36.035,0.84186,0.842,1.07,1.75
2016.02.03 15:00:36.137,0.84193,0.84197,1.50,1.00
2016.02.03 15:00:36.239,0.84185,0.84196,1.12,1.75
2016.02.03 15:00:36.421,0.84186,0.84199,1.37,1.85
2016.02.03 15:00:36.576,0.84189,0.84203,1.37,4.20
2016.02.03 15:00:36.883,0.84188,0.84201,1.10,1.75
2016.02.03 15:00:37.146,0.84186,0.84192,1.57,1.00
2016.02.03 15:00:37.248,0.84188,0.84201,1.00,3.00
2016.02.03 15:00:37.349,0.84188,0.84199,1.57,1.00
2016.02.03 15:00:37.757,0.84188,0.84201,2.25,1.75
2016.02.03 15:00:37.956,0.84188,0.84202,1.50,1.12
2016.02.03 15:00:38.160,0.84188,0.84203,1.37,3.00
2016.02.03 15:00:38.262,0.84188,0.84202,1.12,1.75
2016.02.03 15:00:38.364,0.84188,0.84204,1.50,3.00
2016.02.03 15:00:38.874,0.84186,0.84196,1.12,1.75
2016.02.03 15:00:38.976,0.84187,0.84197,1.00,1.00
2016.02.03 15:00:39.079,0.84188,0.842,1.12,1.50
2016.02.03 15:00:39.181,0.84187,0.84198,1.00,3.00
2016.02.03 15:00:39.438,0.84183,0.84197,1.00,3.75
2016.02.03 15:00:39.783,0.84182,0.84195,1.00,2.25
2016.02.03 15:00:40.091,0.842,0.84207,1.75,4.87
2016.02.03 15:00:40.256,0.84205,0.84211,1.37,1.12
2016.02.03 15:00:40.358,0.84207,0.84216,1.00,1.37
2016.02.03 15:00:40.663,0.84204,0.84215,1.37,1.37
2016.02.03 15:00:40.765,0.84201,0.84211,1.00,1.00
2016.02.03 15:00:40.907,0.84199,0.84204,1.00,1.00
2016.02.03 15:00:40.959,0.84189,0.84203,2.62,3.00
2016.02.03 15:00:41.166,0.8419,0.84203,1.12,2.25
2016.02.03 15:00:41.623,0.84192,0.842,1.00,1.00
2016.02.03 15:00:41.890,0.84189,0.84204,1.12,2.25
2016.02.03 15:00:42.196,0.84191,0.84206,1.12,5.02
2016.02.03 15:00:42.521,0.84192,0.84204,1.00,2.32
2016.02.03 15:00:42.624,0.8419,0.84203,1.00,2.25
2016.02.03 15:00:42.831,0.84192,0.84199,1.00,1.00
2016.02.03 15:00:43.141,0.84197,0.84207,1.00,1.37
2016.02.03 15:00:43.656,0.84196,0.84204,1.00,1.00
2016.02.03 15:00:44.280,0.84194,0.84204,1.10,1.00
2016.02.03 15:00:44.331,0.84192,0.84199,1.20,1.87
2016.02.03 15:00:44.383,0.8419,0.84199,2.25,2.25
2016.02.03 15:00:44.434,0.8419,0.84201,2.25,2.25
2016.02.03 15:00:44.485,0.84188,0.84199,1.50,2.25
2016.02.03 15:00:44.689,0.84192,0.84202,1.50,1.75
2016.02.03 15:00:44.800,0.8419,0.842,1.00,1.00
2016.02.03 15:00:44.914,0.84193,0.84203,1.00,2.62
2016.02.03 15:00:44.965,0.84194,0.84203,1.50,1.12
2016.02.03 15:00:45.119,0.84195,0.84203,1.50,1.75
2016.02.03 15:00:45.170,0.84193,0.84203,1.50,1.75
2016.02.03 15:00:45.274,0.84193,0.84202,1.50,1.50
2016.02.03 15:00:45.479,0.84187,0.84201,1.75,1.07
2016.02.03 15:00:45.784,0.84183,0.84193,1.50,3.00
2016.02.03 15:00:45.886,0.84179,0.84194,1.12,2.25
2016.02.03 15:00:45.937,0.84178,0.84192,1.50,2.62
2016.02.03 15:00:46.453,0.84181,0.84192,1.50,2.25
2016.02.03 15:00:46.504,0.84181,0.84191,1.50,1.00
2016.02.03 15:00:46.657,0.84179,0.84191,1.00,1.00
2016.02.03 15:00:46.911,0.84182,0.84197,1.00,2.25
2016.02.03 15:00:47.020,0.84182,0.84199,1.50,3.82
2016.02.03 15:00:47.173,0.84184,0.84193,1.00,1.00
2016.02.03 15:00:47.478,0.84173,0.84184,1.37,1.37
2016.02.03 15:00:47.812,0.84172,0.84182,1.00,1.85
2016.02.03 15:00:47.864,0.84169,0.84181,1.50,1.75
2016.02.03 15:00:47.915,0.84169,0.84181,1.50,3.07
2016.02.03 15:00:48.171,0.8416,0.84174,1.12,1.50
2016.02.03 15:00:48.222,0.84156,0.84173,1.37,2.77
2016.02.03 15:00:48.274,0.84156,0.8417,1.00,1.75
2016.02.03 15:00:48.326,0.84153,0.84169,1.00,1.45
2016.02.03 15:00:48.582,0.84145,0.84162,1.12,2.25
2016.02.03 15:00:48.634,0.84145,0.84159,1.00,1.37
2016.02.03 15:00:48.940,0.84142,0.8415,1.37,1.95
2016.02.03 15:00:49.174,0.84136,0.84146,1.37,1.85
2016.02.03 15:00:49.378,0.84133,0.84146,1.37,1.00
2016.02.03 15:00:49.429,0.84133,0.84146,1.37,1.37
2016.02.03 15:00:49.642,0.8413,0.84145,1.50,1.37
2016.02.03 15:00:49.851,0.84129,0.84145,1.10,1.37
2016.02.03 15:00:50.157,0.84128,0.84146,1.50,1.85
2016.02.03 15:00:50.490,0.84138,0.84149,1.00,1.75
2016.02.03 15:00:50.542,0.84138,0.84149,1.00,1.37
2016.02.03 15:00:50.644,0.84135,0.8415,3.00,1.37
2016.02.03 15:00:51.182,0.84137,0.8415,1.00,1.00
2016.02.03 15:00:51.335,0.84138,0.84153,1.00,1.00
2016.02.03 15:00:51.437,0.84137,0.84153,1.75,1.50
2016.02.03 15:00:51.750,0.84141,0.84152,1.37,1.37
2016.02.03 15:00:51.801,0.84141,0.84153,1.37,1.50
2016.02.03 15:00:52.004,0.84141,0.8415,1.37,1.50
2016.02.03 15:00:52.056,0.84138,0.8415,1.75,1.50
2016.02.03 15:00:52.107,0.84134,0.84151,1.75,1.00
2016.02.03 15:00:52.158,0.84134,0.84151,1.37,1.37
2016.02.03 15:00:52.311,0.84138,0.84152,1.50,2.25
2016.02.03 15:00:52.443,0.84138,0.84145,1.00,1.37
2016.02.03 15:00:52.496,0.84136,0.84142,1.37,1.50
2016.02.03 15:00:52.598,0.84129,0.84142,1.50,1.12
2016.02.03 15:00:52.650,0.84129,0.84142,1.37,1.37
2016.02.03 15:00:53.113,0.8413,0.84142,1.00,1.50
2016.02.03 15:00:53.624,0.84136,0.84144,1.00,1.50
2016.02.03 15:00:53.726,0.84137,0.84144,1.00,1.00
2016.02.03 15:00:53.888,0.8413,0.84145,4.20,1.50
2016.02.03 15:00:53.940,0.8413,0.84143,3.07,1.87
2016.02.03 15:00:54.042,0.84129,0.84139,1.87,1.75
2016.02.03 15:00:54.297,0.8413,0.84137,1.00,1.12
2016.02.03 15:00:54.535,0.84131,0.84144,1.12,2.25
2016.02.03 15:00:54.639,0.84133,0.84144,1.00,1.12
2016.02.03 15:00:54.946,0.84124,0.84134,1.00,1.50
2016.02.03 15:00:55.049,0.84121,0.84133,1.12,1.00
2016.02.03 15:00:55.152,0.84122,0.84136,1.37,1.50
2016.02.03 15:00:55.462,0.84132,0.84141,1.75,1.37
2016.02.03 15:00:55.513,0.84132,0.8414,1.87,1.37
2016.02.03 15:00:55.616,0.84129,0.84141,2.62,1.37
2016.02.03 15:00:55.718,0.84124,0.84137,1.12,1.00
2016.02.03 15:00:55.821,0.84127,0.84137,1.37,1.50
2016.02.03 15:00:55.960,0.84127,0.84137,1.37,1.50
2016.02.03 15:00:56.012,0.84125,0.84138,1.37,1.12
2016.02.03 15:00:56.168,0.84126,0.84143,1.12,1.47
2016.02.03 15:00:56.222,0.84127,0.84139,1.00,1.00
2016.02.03 15:00:56.273,0.84124,0.84139,1.20,1.87
2016.02.03 15:00:56.641,0.84116,0.84128,1.37,1.37
2016.02.03 15:00:56.900,0.84119,0.84129,1.37,1.00
2016.02.03 15:00:57.002,0.84109,0.84122,2.25,1.37
2016.02.03 15:00:57.369,0.84109,0.84123,1.37,1.57
2016.02.03 15:00:57.522,0.84105,0.84123,1.75,1.00
2016.02.03 15:00:57.624,0.84113,0.84123,1.00,1.37
2016.02.03 15:00:57.727,0.84114,0.84125,1.57,1.37
2016.02.03 15:00:57.843,0.84114,0.84126,2.25,1.37
2016.02.03 15:00:57.896,0.84114,0.8413,1.07,1.37
2016.02.03 15:00:58.108,0.8412,0.84128,1.00,1.00
2016.02.03 15:00:58.313,0.84111,0.84128,1.47,1.00
2016.02.03 15:00:58.466,0.84119,0.84133,1.00,1.37
2016.02.03 15:00:58.568,0.84121,0.84135,1.00,1.12
2016.02.03 15:00:58.772,0.84118,0.84131,2.25,1.00
2016.02.03 15:00:59.076,0.84113,0.8413,4.12,1.00
2016.02.03 15:00:59.128,0.84113,0.8413,4.12,2.25
2016.02.03 15:00:59.231,0.84113,0.84129,3.45,1.50
2016.02.03 15:00:59.283,0.84117,0.84129,2.25,1.12
2016.02.03 15:00:59.601,0.84121,0.84132,2.32,1.12
2016.02.03 15:00:59.906,0.84119,0.84129,2.25,1.12
2016.02.03 15:01:00.215,0.8412,0.84125,2.25,1.00
2016.02.03 15:01:00.267,0.84114,0.84124,2.32,1.00
2016.02.03 15:01:00.318,0.84114,0.8412,1.47,1.00
2016.02.03 15:01:00.421,0.84106,0.84117,3.00,1.00
2016.02.03 15:01:00.472,0.84105,0.84117,3.37,1.00
2016.02.03 15:01:00.626,0.84105,0.84115,2.25,1.37
2016.02.03 15:01:00.945,0.84107,0.84115,2.25,1.10
2016.02.03 15:01:00.996,0.84103,0.84117,2.25,1.10
2016.02.03 15:01:01.148,0.84111,0.84118,1.00,1.37
2016.02.03 15:01:01.250,0.84111,0.84119,1.00,1.00
2016.02.03 15:01:01.302,0.84111,0.84122,1.00,1.37
2016.02.03 15:01:01.397,0.84112,0.84125,2.25,1.00
2016.02.03 15:01:01.551,0.84114,0.84127,1.00,1.00
2016.02.03 15:01:01.858,0.84123,0.84133,2.25,1.00
2016.02.03 15:01:02.173,0.84127,0.84137,2.25,1.00
2016.02.03 15:01:02.377,0.84122,0.84134,3.97,1.00
2016.02.03 15:01:02.429,0.84122,0.84138,4.35,1.00
2016.02.03 15:01:02.480,0.84131,0.84138,2.25,1.00
2016.02.03 15:01:02.531,0.84131,0.84142,2.25,1.50
2016.02.03 15:01:02.583,0.84135,0.84142,2.25,1.50
2016.02.03 15:01:02.899,0.84138,0.84143,2.25,1.00
2016.02.03 15:01:03.052,0.84137,0.84144,1.50,1.00
2016.02.03 15:01:03.104,0.84131,0.84144,1.50,1.00
2016.02.03 15:01:03.207,0.84132,0.84148,1.00,1.00
2016.02.03 15:01:03.258,0.84133,0.84148,1.87,1.00
2016.02.03 15:01:03.573,0.84144,0.8416,1.12,1.00
2016.02.03 15:01:03.625,0.84143,0.8416,1.00,1.50
2016.02.03 15:01:03.676,0.84147,0.84158,1.50,1.10
2016.02.03 15:01:03.781,0.84143,0.84159,1.57,1.00
2016.02.03 15:01:03.883,0.84144,0.84156,1.50,1.00
2016.02.03 15:01:03.986,0.84141,0.84156,2.25,1.00
2016.02.03 15:01:04.097,0.8414,0.84153,1.00,1.00
2016.02.03 15:01:04.403,0.84142,0.84154,2.25,1.87
2016.02.03 15:01:04.719,0.84152,0.8416,2.25,1.00
2016.02.03 15:01:04.820,0.84153,0.84162,2.25,1.00
2016.02.03 15:01:04.973,0.84153,0.84165,2.25,1.12
2016.02.03 15:01:05.024,0.84155,0.84165,2.25,1.12
2016.02.03 15:01:05.126,0.84149,0.84165,1.00,1.12
2016.02.03 15:01:05.177,0.84151,0.84166,1.10,1.00
2016.02.03 15:01:05.482,0.84155,0.84167,2.25,1.00
2016.02.03 15:01:05.533,0.84156,0.84169,2.25,1.00
2016.02.03 15:01:05.584,0.84163,0.84169,2.25,1.00
2016.02.03 15:01:05.635,0.84163,0.84171,2.25,1.00
2016.02.03 15:01:05.686,0.84158,0.84171,1.37,1.00
2016.02.03 15:01:05.789,0.8417,0.84174,2.25,1.00
2016.02.03 15:01:05.840,0.8417,0.84179,2.25,1.12
2016.02.03 15:01:05.893,0.84167,0.84179,2.25,1.00
2016.02.03 15:01:06.111,0.84163,0.84175,2.70,1.00
2016.02.03 15:01:06.162,0.84157,0.84174,1.57,1.00
2016.02.03 15:01:06.214,0.84159,0.84174,2.25,1.37
2016.02.03 15:01:06.519,0.8416,0.84169,2.25,1.00
2016.02.03 15:01:06.723,0.84167,0.84179,2.25,2.02
2016.02.03 15:01:06.924,0.84162,0.84179,4.12,1.12
2016.02.03 15:01:06.981,0.84162,0.84175,4.12,1.00
2016.02.03 15:01:07.134,0.84158,0.84171,2.62,1.50
2016.02.03 15:01:07.185,0.84158,0.84167,2.25,1.00
2016.02.03 15:01:07.338,0.84156,0.84167,2.25,1.50
2016.02.03 15:01:07.591,0.84163,0.84167,2.25,1.00
2016.02.03 15:01:07.747,0.84165,0.84171,2.25,1.00
2016.02.03 15:01:07.851,0.84165,0.8417,2.25,1.00
2016.02.03 15:01:08.005,0.84163,0.8417,1.00,1.00
2016.02.03 15:01:08.057,0.84163,0.84172,1.00,1.00
2016.02.03 15:01:08.109,0.84168,0.84172,1.00,1.00
2016.02.03 15:01:08.161,0.84168,0.84174,1.00,1.00
2016.02.03 15:01:08.328,0.84171,0.84178,1.00,1.00
2016.02.03 15:01:08.537,0.84171,0.84181,1.00,1.00
2016.02.03 15:01:08.640,0.84166,0.84179,1.00,1.87
2016.02.03 15:01:08.743,0.84166,0.84176,1.00,1.87
2016.02.03 15:01:09.103,0.84173,0.8418,2.25,1.20
2016.02.03 15:01:09.256,0.84168,0.84178,2.25,1.00
2016.02.03 15:01:09.358,0.84164,0.84178,2.25,1.00
2016.02.03 15:01:09.666,0.84164,0.84177,2.25,1.37
2016.02.03 15:01:09.979,0.84163,0.84173,2.25,1.50
2016.02.03 15:01:10.285,0.84162,0.84172,1.87,1.00
2016.02.03 15:01:10.337,0.84165,0.84174,1.10,1.00
2016.02.03 15:01:10.840,0.84165,0.84175,1.50,1.00
2016.02.03 15:01:10.891,0.84165,0.8417,1.50,1.00
2016.02.03 15:01:10.995,0.84161,0.8417,1.00,1.00
2016.02.03 15:01:11.149,0.84163,0.8417,1.00,1.12
2016.02.03 15:01:11.251,0.84159,0.84171,1.00,1.00
2016.02.03 15:01:11.514,0.84161,0.84172,1.00,1.00
2016.02.03 15:01:11.820,0.84155,0.84168,1.12,1.00
2016.02.03 15:01:11.871,0.84151,0.84168,2.32,1.00
2016.02.03 15:01:11.923,0.84153,0.8417,1.00,1.00
2016.02.03 15:01:12.126,0.84153,0.84168,1.57,1.00
2016.02.03 15:01:12.330,0.84152,0.84167,1.10,1.00
2016.02.03 15:01:12.483,0.8416,0.84167,1.00,1.00
2016.02.03 15:01:12.584,0.84159,0.8417,1.00,1.00
2016.02.03 15:01:12.635,0.84163,0.8417,1.00,1.00
2016.02.03 15:01:12.737,0.8416,0.8417,1.00,1.00
2016.02.03 15:01:12.941,0.84157,0.8417,1.10,1.00
2016.02.03 15:01:13.139,0.84156,0.84172,1.12,1.12
2016.02.03 15:01:13.343,0.84156,0.84172,1.85,1.00
2016.02.03 15:01:13.445,0.84155,0.8417,2.70,1.00
2016.02.03 15:01:13.983,0.84154,0.8417,1.95,1.00
2016.02.03 15:01:14.034,0.84157,0.8417,1.00,1.00
2016.02.03 15:01:14.543,0.84157,0.84173,1.10,1.00
2016.02.03 15:01:14.645,0.84157,0.84175,1.10,1.50
2016.02.03 15:01:15.055,0.84158,0.84174,1.50,1.00
2016.02.03 15:01:15.462,0.84157,0.84173,1.20,1.00
2016.02.03 15:01:15.724,0.84156,0.8417,1.47,1.00
2016.02.03 15:01:16.041,0.84152,0.84162,1.50,1.00
2016.02.03 15:01:16.511,0.84152,0.8416,1.50,1.00
2016.02.03 15:01:16.613,0.84154,0.84163,1.50,1.20
2016.02.03 15:01:16.837,0.84154,0.84159,1.00,1.50
2016.02.03 15:01:16.900,0.84143,0.84159,2.32,1.50
2016.02.03 15:01:16.956,0.84142,0.84157,1.87,1.00
2016.02.03 15:01:17.302,0.84142,0.84154,1.12,1.00
2016.02.03 15:01:17.608,0.84139,0.84148,1.00,1.00
2016.02.03 15:01:17.710,0.84134,0.84148,1.20,1.00
2016.02.03 15:01:17.812,0.84138,0.84148,1.00,1.00
2016.02.03 15:01:18.070,0.84127,0.84141,1.50,1.00
2016.02.03 15:01:18.121,0.84127,0.84138,1.12,1.00
2016.02.03 15:01:18.378,0.84113,0.84131,1.12,1.50
2016.02.03 15:01:18.483,0.84113,0.8413,1.12,1.20
2016.02.03 15:01:18.703,0.84111,0.8413,1.12,1.47
2016.02.03 15:01:18.856,0.8411,0.84123,3.45,1.00
2016.02.03 15:01:18.907,0.8411,0.84123,1.00,1.00
2016.02.03 15:01:18.959,0.84109,0.84121,1.50,1.00
2016.02.03 15:01:19.062,0.8411,0.84125,1.00,1.00
2016.02.03 15:01:19.164,0.8411,0.84123,1.12,1.00
2016.02.03 15:01:19.419,0.84109,0.84122,1.10,1.00
2016.02.03 15:01:19.572,0.84109,0.84123,1.95,1.00
2016.02.03 15:01:19.878,0.84109,0.84121,1.37,2.25
2016.02.03 15:01:20.031,0.84093,0.8411,1.75,1.35
2016.02.03 15:01:20.144,0.84091,0.84111,1.00,1.87
2016.02.03 15:01:20.195,0.84094,0.84111,1.00,1.87
2016.02.03 15:01:20.246,0.84095,0.84111,1.95,1.00
2016.02.03 15:01:20.297,0.84106,0.84111,1.37,1.00
2016.02.03 15:01:20.399,0.84106,0.84114,1.37,1.00
2016.02.03 15:01:20.501,0.84106,0.84112,1.37,1.00
2016.02.03 15:01:20.604,0.84097,0.84111,1.82,1.00
2016.02.03 15:01:20.655,0.84097,0.84111,1.50,1.00
2016.02.03 15:01:20.791,0.84095,0.84111,1.87,2.62
2016.02.03 15:01:21.097,0.84097,0.84108,1.37,1.10
2016.02.03 15:01:21.301,0.84095,0.84104,1.00,1.80
2016.02.03 15:01:21.507,0.84092,0.84102,1.00,1.00
2016.02.03 15:01:21.558,0.84092,0.84105,1.00,2.70
2016.02.03 15:01:21.661,0.84089,0.84096,2.25,1.00
2016.02.03 15:01:21.763,0.84089,0.84098,1.00,1.50
2016.02.03 15:01:21.815,0.84086,0.84098,1.00,2.25
2016.02.03 15:01:21.968,0.84084,0.84097,2.25,1.50
2016.02.03 15:01:22.072,0.84084,0.84099,1.75,1.47
2016.02.03 15:01:22.185,0.84087,0.841,1.12,1.10
2016.02.03 15:01:22.338,0.84081,0.84097,2.02,1.00
2016.02.03 15:01:22.647,0.84076,0.84089,1.75,1.00
2016.02.03 15:01:22.700,0.84076,0.84091,2.25,1.00
2016.02.03 15:01:22.851,0.8408,0.84094,1.00,1.00
2016.02.03 15:01:23.004,0.84078,0.8409,1.45,1.00
2016.02.03 15:01:23.108,0.84076,0.84091,1.50,1.00
2016.02.03 15:01:23.159,0.8408,0.84092,1.12,1.00
2016.02.03 15:01:23.262,0.8408,0.84097,1.75,1.87
2016.02.03 15:01:23.525,0.84083,0.84098,1.00,1.12
2016.02.03 15:01:23.590,0.84086,0.84093,1.00,1.00
2016.02.03 15:01:23.693,0.84076,0.8409,1.12,1.00
2016.02.03 15:01:23.744,0.84076,0.8409,1.10,1.00
2016.02.03 15:01:23.795,0.84085,0.8409,1.00,2.25
2016.02.03 15:01:23.897,0.84085,0.84093,1.00,1.00
2016.02.03 15:01:24.321,0.84088,0.84093,1.00,1.00
2016.02.03 15:01:24.474,0.84081,0.84092,1.37,1.12
2016.02.03 15:01:24.577,0.84083,0.84097,1.12,1.75
2016.02.03 15:01:24.681,0.84083,0.84098,1.12,1.87
2016.02.03 15:01:24.834,0.84082,0.84098,1.95,1.00
2016.02.03 15:01:25.141,0.84092,0.84101,1.87,1.50
2016.02.03 15:01:25.447,0.84098,0.84104,1.50,1.12
2016.02.03 15:01:25.498,0.84107,0.84111,1.00,1.00
2016.02.03 15:01:25.595,0.84105,0.84115,1.12,1.00
2016.02.03 15:01:25.648,0.84108,0.84117,1.75,1.87
2016.02.03 15:01:25.701,0.84117,0.84122,1.00,1.37
2016.02.03 15:01:25.804,0.84117,0.84122,1.00,1.37
2016.02.03 15:01:25.907,0.84115,0.84124,1.00,1.37
2016.02.03 15:01:25.959,0.84115,0.84124,1.75,1.37
2016.02.03 15:01:26.271,0.84114,0.8412,1.00,1.00
2016.02.03 15:01:26.323,0.8411,0.84117,1.12,1.00
2016.02.03 15:01:26.375,0.84109,0.84116,1.37,1.00
2016.02.03 15:01:26.426,0.84101,0.84116,1.75,1.12
2016.02.03 15:01:26.477,0.841,0.84113,1.00,1.00
2016.02.03 15:01:26.529,0.84098,0.84113,1.00,2.25
2016.02.03 15:01:26.834,0.84096,0.84109,1.00,1.00
2016.02.03 15:01:26.952,0.84098,0.84109,1.00,1.20
2016.02.03 15:01:27.004,0.84098,0.84102,1.00,1.00
2016.02.03 15:01:27.208,0.84098,0.8411,1.87,1.12
2016.02.03 15:01:27.310,0.84104,0.84108,1.50,1.00
2016.02.03 15:01:27.412,0.84109,0.84119,1.50,1.00
2016.02.03 15:01:27.514,0.84111,0.84121,1.50,1.00
2016.02.03 15:01:27.825,0.84108,0.84119,1.50,1.00
2016.02.03 15:01:27.877,0.84105,0.84117,2.25,1.00
2016.02.03 15:01:27.979,0.84106,0.84119,2.25,1.00
2016.02.03 15:01:28.133,0.84107,0.84115,1.87,1.00
2016.02.03 15:01:28.562,0.84103,0.84113,2.25,1.00
2016.02.03 15:01:28.614,0.84104,0.84115,1.00,1.50
2016.02.03 15:01:28.717,0.84108,0.84116,1.00,1.00
2016.02.03 15:01:29.023,0.84098,0.84108,1.12,1.00
2016.02.03 15:01:29.237,0.84068,0.84073,1.50,1.10
2016.02.03 15:01:29.289,0.84065,0.8407,1.00,1.00
2016.02.03 15:01:29.340,0.84066,0.8407,1.00,1.00
2016.02.03 15:01:29.561,0.84066,0.84078,1.87,1.87
2016.02.03 15:01:29.615,0.84068,0.84078,1.37,1.50
2016.02.03 15:01:29.932,0.84069,0.84076,2.25,1.12
2016.02.03 15:01:30.037,0.8408,0.84091,1.00,2.62
2016.02.03 15:01:30.089,0.84075,0.84082,2.25,1.37
2016.02.03 15:01:30.296,0.84082,0.84096,1.00,3.52
2016.02.03 15:01:30.399,0.84077,0.84091,1.12,1.10
2016.02.03 15:01:30.502,0.84072,0.84085,1.12,1.37
2016.02.03 15:01:30.710,0.84065,0.8408,1.57,1.00
2016.02.03 15:01:30.813,0.84061,0.84079,2.62,1.75
2016.02.03 15:01:31.119,0.84064,0.84078,1.45,1.00
2016.02.03 15:01:31.475,0.8407,0.84082,1.00,1.75
2016.02.03 15:01:31.784,0.84073,0.84085,1.50,1.87
2016.02.03 15:01:31.835,0.84074,0.84085,1.50,1.12
2016.02.03 15:01:31.937,0.84078,0.84084,1.50,1.00
2016.02.03 15:01:32.039,0.84075,0.84085,1.50,1.00
2016.02.03 15:01:32.141,0.84081,0.84086,1.00,1.50
2016.02.03 15:01:32.202,0.84082,0.84089,1.50,1.12
2016.02.03 15:01:32.254,0.84082,0.84089,1.50,1.00
2016.02.03 15:01:32.407,0.84084,0.84094,1.00,1.20
2016.02.03 15:01:32.510,0.84082,0.84092,1.00,1.00
2016.02.03 15:01:33.038,0.84077,0.84091,3.00,1.12
2016.02.03 15:01:33.140,0.84084,0.8409,1.50,1.00
2016.02.03 15:01:33.344,0.84079,0.84089,2.25,1.00
2016.02.03 15:01:33.446,0.84081,0.84086,1.87,1.00
2016.02.03 15:01:33.547,0.84082,0.84093,1.50,1.50
2016.02.03 15:01:33.700,0.84081,0.84085,1.87,1.00
2016.02.03 15:01:33.908,0.84081,0.84089,2.25,1.00
2016.02.03 15:01:34.010,0.84087,0.84096,1.50,1.12
2016.02.03 15:01:34.112,0.84088,0.84092,1.50,1.50
2016.02.03 15:01:34.315,0.84096,0.84106,2.25,1.12
2016.02.03 15:01:34.416,0.84099,0.84109,2.25,1.95
2016.02.03 15:01:34.518,0.84096,0.84109,1.50,1.75
2016.02.03 15:01:34.834,0.84095,0.84109,1.87,1.20
2016.02.03 15:01:34.936,0.84096,0.84102,2.25,1.00
2016.02.03 15:01:35.039,0.84094,0.8411,2.25,1.20
2016.02.03 15:01:35.090,0.84094,0.8411,2.25,1.87
2016.02.03 15:01:35.402,0.84089,0.84099,2.25,1.00
2016.02.03 15:01:35.556,0.84097,0.84108,1.50,1.50
2016.02.03 15:01:35.607,0.84097,0.84108,1.87,1.00
2016.02.03 15:01:36.112,0.84097,0.84101,1.87,1.00
2016.02.03 15:01:36.214,0.84101,0.84113,1.50,1.12
2016.02.03 15:01:36.316,0.84101,0.84113,3.00,1.00
2016.02.03 15:01:36.623,0.84099,0.84109,1.00,1.00
2016.02.03 15:01:36.674,0.84104,0.84113,1.50,1.50
2016.02.03 15:01:36.836,0.84105,0.84118,1.50,1.50
2016.02.03 15:01:36.888,0.84103,0.84115,1.00,1.00
2016.02.03 15:01:37.195,0.84093,0.84108,2.25,1.00
2016.02.03 15:01:37.550,0.84098,0.84107,1.87,1.12
2016.02.03 15:01:37.856,0.84082,0.84097,1.00,1.12
2016.02.03 15:01:37.959,0.84073,0.84088,1.37,1.80
2016.02.03 15:01:38.010,0.84069,0.84083,1.37,2.55
2016.02.03 15:01:38.063,0.84076,0.8408,1.00,1.12
2016.02.03 15:01:38.217,0.84076,0.84086,1.50,2.70
2016.02.03 15:01:38.331,0.84073,0.84086,1.50,1.37
2016.02.03 15:01:38.382,0.84075,0.84086,1.50,1.37
2016.02.03 15:01:38.485,0.84073,0.84086,1.87,1.00
2016.02.03 15:01:38.536,0.84073,0.84084,1.87,1.00
2016.02.03 15:01:38.740,0.84075,0.8409,1.00,1.37
2016.02.03 15:01:38.944,0.8408,0.84095,1.50,1.12
2016.02.03 15:01:39.149,0.84089,0.84105,1.00,1.20
2016.02.03 15:01:39.201,0.84092,0.84105,1.50,1.85
2016.02.03 15:01:39.252,0.84092,0.84105,1.87,1.00
2016.02.03 15:01:39.303,0.84094,0.84106,1.50,1.87
2016.02.03 15:01:39.354,0.84089,0.84099,1.00,1.20
2016.02.03 15:01:39.405,0.84087,0.84095,1.50,1.00
2016.02.03 15:01:39.507,0.84076,0.84089,1.37,1.12
2016.02.03 15:01:39.559,0.84079,0.84088,1.50,1.00
2016.02.03 15:01:39.661,0.84075,0.84091,1.87,1.12
2016.02.03 15:01:39.825,0.84075,0.84089,1.00,1.00
2016.02.03 15:01:40.031,0.84074,0.84092,3.00,1.57
2016.02.03 15:01:40.083,0.84074,0.84091,3.00,1.37
2016.02.03 15:01:40.134,0.84075,0.84089,1.50,1.10
2016.02.03 15:01:40.287,0.84075,0.84089,1.00,1.75
2016.02.03 15:01:40.596,0.84071,0.84079,1.00,1.00
2016.02.03 15:01:40.649,0.84065,0.84075,1.87,1.00
2016.02.03 15:01:40.751,0.84062,0.84075,1.00,1.00
2016.02.03 15:01:40.955,0.84064,0.84076,1.00,1.10
2016.02.03 15:01:41.262,0.84067,0.84075,1.00,1.00
2016.02.03 15:01:41.574,0.84069,0.84074,1.00,1.12
2016.02.03 15:01:41.625,0.84059,0.84076,1.75,1.95
2016.02.03 15:01:41.778,0.84059,0.84076,1.75,1.20
2016.02.03 15:01:42.082,0.84061,0.84075,1.00,1.50
2016.02.03 15:01:42.203,0.84056,0.84075,1.95,1.75
2016.02.03 15:01:42.356,0.84056,0.84073,2.40,1.75
2016.02.03 15:01:42.458,0.84058,0.84073,1.12,1.20
2016.02.03 15:01:42.561,0.84058,0.84073,1.00,2.32
2016.02.03 15:01:42.865,0.84062,0.84073,1.00,2.25
2016.02.03 15:01:43.173,0.84065,0.84073,1.00,1.50
2016.02.03 15:01:43.480,0.84036,0.84047,1.75,1.00
2016.02.03 15:01:43.582,0.84036,0.84044,1.00,1.75
2016.02.03 15:01:43.861,0.84033,0.84043,1.00,1.50
2016.02.03 15:01:43.914,0.84033,0.84043,1.50,1.50
2016.02.03 15:01:44.220,0.84041,0.84048,2.32,1.00
2016.02.03 15:01:44.271,0.84044,0.84055,1.12,1.00
2016.02.03 15:01:44.583,0.84038,0.84053,1.20,1.50
2016.02.03 15:01:44.685,0.84039,0.84056,1.87,3.75
2016.02.03 15:01:45.155,0.84038,0.84051,1.37,2.25
2016.02.03 15:01:45.290,0.84035,0.84045,1.20,1.12
2016.02.03 15:01:45.392,0.84034,0.84045,1.20,1.00
2016.02.03 15:01:45.494,0.8403,0.84043,1.20,1.00
2016.02.03 15:01:45.545,0.84028,0.84041,2.25,1.00
2016.02.03 15:01:45.596,0.84029,0.84039,1.00,1.00
2016.02.03 15:01:45.697,0.84024,0.8404,1.87,1.75
2016.02.03 15:01:46.044,0.84028,0.84045,1.12,1.75
2016.02.03 15:01:46.096,0.8403,0.84045,1.75,1.75
2016.02.03 15:01:46.401,0.84035,0.84048,1.00,2.25
2016.02.03 15:01:46.504,0.84031,0.84049,1.87,1.75
2016.02.03 15:01:46.657,0.84034,0.84049,3.07,1.75
2016.02.03 15:01:46.709,0.84037,0.84047,1.00,1.00
2016.02.03 15:01:46.883,0.8404,0.84051,1.00,1.75
2016.02.03 15:01:47.140,0.84035,0.84049,1.12,1.75
2016.02.03 15:01:47.295,0.84035,0.8405,3.82,1.37
2016.02.03 15:01:47.499,0.84041,0.84055,3.00,1.75
2016.02.03 15:01:47.881,0.84039,0.84049,1.20,1.00
2016.02.03 15:01:48.186,0.84041,0.84048,1.12,1.50
2016.02.03 15:01:48.289,0.84041,0.84048,1.37,1.00
2016.02.03 15:01:48.343,0.84038,0.8405,1.20,1.12
2016.02.03 15:01:48.394,0.84038,0.8405,1.20,1.00
2016.02.03 15:01:48.708,0.84035,0.8405,1.12,1.87
2016.02.03 15:01:49.013,0.84031,0.84044,1.85,1.50
2016.02.03 15:01:49.524,0.84033,0.8404,1.50,1.00
2016.02.03 15:01:49.576,0.84028,0.84037,2.25,1.00
2016.02.03 15:01:49.780,0.8402,0.84038,3.45,3.82
2016.02.03 15:01:49.882,0.84019,0.84035,3.00,1.85
2016.02.03 15:01:49.984,0.84015,0.84034,1.87,3.37
2016.02.03 15:01:50.200,0.84011,0.84027,3.37,2.25
2016.02.03 15:01:50.251,0.8401,0.84027,1.12,2.62
2016.02.03 15:01:50.302,0.84009,0.84022,1.50,2.62
2016.02.03 15:01:50.354,0.84006,0.8402,1.75,1.12
2016.02.03 15:01:50.612,0.83997,0.84007,1.37,1.37
2016.02.03 15:01:50.715,0.83993,0.84005,1.27,1.12
2016.02.03 15:01:50.819,0.83991,0.84002,2.00,1.00
2016.02.03 15:01:50.871,0.83991,0.84004,2.00,1.00
2016.02.03 15:01:50.973,0.83995,0.84006,1.75,1.00
2016.02.03 15:01:51.027,0.83998,0.84014,1.45,1.12
2016.02.03 15:01:51.079,0.84002,0.84017,1.12,1.50
2016.02.03 15:01:51.131,0.84003,0.84017,1.12,1.12
2016.02.03 15:01:51.284,0.84001,0.84016,1.82,1.00
2016.02.03 15:01:51.387,0.84005,0.84016,1.50,1.00
2016.02.03 15:01:51.656,0.84006,0.8402,2.25,1.00
2016.02.03 15:01:51.860,0.84011,0.84021,1.00,1.00
2016.02.03 15:01:52.063,0.84006,0.84021,1.57,1.00
2016.02.03 15:01:52.166,0.84005,0.84018,1.95,1.00
2016.02.03 15:01:52.268,0.84004,0.84021,3.00,1.10
2016.02.03 15:01:52.319,0.84004,0.84017,2.25,1.00
2016.02.03 15:01:52.428,0.84006,0.84017,1.00,1.00
2016.02.03 15:01:52.530,0.84001,0.84017,1.57,1.50
2016.02.03 15:01:52.682,0.84002,0.8401,1.12,1.00
2016.02.03 15:01:52.785,0.84002,0.84016,1.12,1.87
2016.02.03 15:01:53.191,0.84002,0.84018,2.20,1.12
2016.02.03 15:01:53.523,0.84007,0.84019,1.12,1.00
2016.02.03 15:01:53.625,0.84008,0.84021,1.10,1.00
2016.02.03 15:01:53.777,0.84008,0.84021,1.47,1.00
2016.02.03 15:01:53.880,0.84008,0.84022,1.50,1.50
2016.02.03 15:01:53.932,0.84005,0.84017,3.37,1.00
2016.02.03 15:01:54.064,0.84007,0.84022,1.47,1.12
2016.02.03 15:01:54.167,0.84005,0.84019,1.20,1.00
2016.02.03 15:01:54.472,0.8401,0.84024,1.10,1.50
2016.02.03 15:01:54.523,0.84013,0.84024,1.12,1.00
2016.02.03 15:01:54.879,0.84008,0.84023,1.95,1.00
2016.02.03 15:01:55.032,0.84011,0.84025,1.00,1.00
2016.02.03 15:01:55.336,0.8402,0.8403,1.00,1.00
2016.02.03 15:01:55.387,0.84015,0.84027,1.50,1.00
2016.02.03 15:01:55.439,0.84018,0.84027,1.12,1.00
2016.02.03 15:01:55.592,0.84027,0.84035,1.50,1.50
2016.02.03 15:01:55.749,0.84034,0.84039,1.50,1.87
2016.02.03 15:01:55.902,0.84026,0.84037,1.12,1.00
2016.02.03 15:01:56.005,0.84021,0.84037,1.95,1.75
2016.02.03 15:01:56.341,0.8403,0.84034,2.25,1.12
2016.02.03 15:01:56.457,0.8403,0.8404,2.25,1.75
2016.02.03 15:01:56.509,0.84032,0.8404,1.00,1.75
2016.02.03 15:01:56.611,0.84038,0.84046,2.25,1.12
2016.02.03 15:01:56.915,0.84037,0.84047,3.00,1.00
2016.02.03 15:01:57.018,0.84041,0.84051,1.00,1.10
2016.02.03 15:01:57.172,0.84041,0.84049,2.25,1.00
2016.02.03 15:01:57.223,0.84039,0.84048,2.25,1.00
2016.02.03 15:01:57.325,0.84036,0.84049,3.00,1.85
2016.02.03 15:01:57.427,0.84038,0.84047,2.25,1.75
2016.02.03 15:01:57.681,0.84038,0.84046,2.25,1.00
2016.02.03 15:01:58.122,0.8404,0.84052,1.00,1.12
2016.02.03 15:01:58.429,0.84039,0.84048,1.20,1.00
2016.02.03 15:01:58.532,0.8404,0.84047,1.12,1.00
2016.02.03 15:01:58.690,0.84037,0.84047,1.00,1.00
2016.02.03 15:01:58.742,0.84037,0.84047,1.00,1.50
2016.02.03 15:01:58.793,0.84031,0.84043,1.12,1.00
2016.02.03 15:01:58.895,0.84032,0.84045,1.20,1.00
2016.02.03 15:01:58.946,0.84032,0.84046,1.95,1.00
2016.02.03 15:01:59.251,0.84028,0.84042,1.75,1.50
2016.02.03 15:01:59.563,0.84034,0.84042,1.00,1.00
2016.02.03 15:01:59.818,0.84034,0.84044,1.00,1.00
2016.02.03 15:01:59.919,0.8404,0.84045,2.25,1.00
2016.02.03 15:02:00.021,0.84044,0.84049,2.62,1.00
2016.02.03 15:02:00.123,0.84043,0.84049,2.62,1.00
2016.02.03 15:02:00.269,0.84042,0.84052,3.00,1.00
2016.02.03 15:02:00.422,0.84045,0.84053,2.25,1.00
2016.02.03 15:02:00.577,0.84045,0.84058,3.00,1.00
2016.02.03 15:02:00.628,0.84044,0.84058,2.25,1.75
2016.02.03 15:02:00.731,0.84045,0.84058,2.25,1.00
2016.02.03 15:02:00.937,0.84053,0.84063,1.50,1.87
2016.02.03 15:02:01.143,0.84051,0.84063,2.32,1.12
2016.02.03 15:02:01.246,0.84051,0.84064,2.25,1.75
2016.02.03 15:02:01.593,0.84046,0.84061,2.25,1.50
2016.02.03 15:02:01.645,0.84046,0.8406,1.50,1.20
2016.02.03 15:02:01.747,0.84047,0.84058,1.50,1.50
2016.02.03 15:02:01.849,0.84042,0.84057,2.25,1.85
2016.02.03 15:02:02.104,0.84035,0.8405,2.25,1.12
2016.02.03 15:02:02.156,0.84035,0.8405,2.25,1.75
2016.02.03 15:02:02.472,0.84037,0.84049,1.37,1.75
2016.02.03 15:02:02.524,0.84035,0.84049,1.50,2.25
2016.02.03 15:02:02.728,0.84038,0.84051,1.00,2.62
2016.02.03 15:02:03.251,0.84039,0.84055,1.12,3.82
2016.02.03 15:02:03.561,0.84056,0.8406,1.50,1.00
2016.02.03 15:02:03.613,0.84056,0.84064,1.50,1.12
2016.02.03 15:02:03.664,0.84056,0.84065,1.75,1.37
2016.02.03 15:02:03.715,0.84056,0.84067,1.75,1.00
2016.02.03 15:02:03.868,0.84058,0.84067,1.50,1.50
2016.02.03 15:02:03.971,0.8406,0.84068,2.25,1.50
2016.02.03 15:02:04.334,0.84057,0.84069,2.25,1.12
2016.02.03 15:02:04.436,0.84061,0.8407,1.00,1.00
2016.02.03 15:02:04.741,0.84062,0.84073,1.75,1.00
2016.02.03 15:02:05.263,0.84063,0.84076,2.25,1.50
2016.02.03 15:02:05.569,0.84068,0.84076,1.00,1.00
2016.02.03 15:02:05.877,0.84059,0.8407,1.87,1.50
2016.02.03 15:02:05.979,0.84062,0.8407,1.87,1.00
2016.02.03 15:02:06.437,0.84065,0.8407,1.00,1.00
2016.02.03 15:02:06.539,0.84062,0.84072,2.25,1.50
2016.02.03 15:02:06.758,0.84062,0.84073,2.25,1.00
2016.02.03 15:02:06.911,0.84062,0.84071,2.25,1.00
2016.02.03 15:02:07.064,0.84061,0.84077,2.25,2.25
2016.02.03 15:02:07.166,0.84065,0.84077,2.25,1.00
2016.02.03 15:02:07.484,0.84066,0.84075,1.50,1.75
2016.02.03 15:02:07.688,0.84065,0.84074,1.50,1.50
2016.02.03 15:02:07.790,0.84065,0.84072,1.87,1.00
2016.02.03 15:02:07.892,0.84065,0.84074,1.50,1.00
2016.02.03 15:02:07.943,0.84065,0.84074,1.50,1.50
2016.02.03 15:02:08.248,0.8406,0.84072,2.25,1.12
2016.02.03 15:02:08.453,0.84056,0.84069,2.25,1.00
2016.02.03 15:02:08.556,0.84055,0.84069,2.25,1.50
2016.02.03 15:02:08.661,0.84059,0.84069,2.25,1.00
2016.02.03 15:02:08.916,0.8406,0.84076,1.87,1.57
2016.02.03 15:02:08.967,0.84067,0.84076,1.00,1.10
2016.02.03 15:02:09.478,0.84061,0.84075,2.25,1.12
2016.02.03 15:02:09.580,0.84061,0.84075,1.87,1.12
2016.02.03 15:02:09.686,0.84061,0.84073,1.75,1.00
2016.02.03 15:02:10.201,0.8406,0.84074,1.75,1.12
2016.02.03 15:02:10.508,0.84066,0.84077,1.50,1.00
2016.02.03 15:02:10.869,0.84084,0.84088,1.00,1.00
2016.02.03 15:02:10.921,0.84084,0.84094,1.00,1.50
2016.02.03 15:02:10.972,0.8408,0.84093,1.27,1.50
2016.02.03 15:02:11.280,0.84075,0.84088,1.20,1.87
2016.02.03 15:02:11.382,0.84074,0.84085,1.12,1.00
2016.02.03 15:02:11.690,0.84072,0.8408,2.32,1.00
2016.02.03 15:02:11.741,0.84072,0.84082,1.95,1.00
2016.02.03 15:02:12.046,0.84072,0.84084,1.82,1.00
2016.02.03 15:02:12.199,0.84075,0.84084,1.85,1.00
2016.02.03 15:02:12.301,0.84084,0.84093,1.50,1.00
2016.02.03 15:02:12.417,0.84084,0.84098,2.62,1.12
2016.02.03 15:02:12.624,0.84088,0.84093,1.00,1.00
2016.02.03 15:02:12.827,0.84086,0.84097,1.75,1.00
2016.02.03 15:02:13.081,0.84089,0.84099,2.62,1.12
2016.02.03 15:02:13.396,0.84093,0.84097,1.00,1.00
2016.02.03 15:02:13.498,0.84096,0.84102,1.00,1.50
2016.02.03 15:02:13.600,0.84095,0.84104,1.87,1.00
2016.02.03 15:02:13.651,0.84095,0.84108,1.87,1.00
2016.02.03 15:02:13.804,0.84094,0.84107,1.50,1.87
2016.02.03 15:02:13.906,0.84094,0.84105,1.00,1.75
2016.02.03 15:02:14.210,0.84096,0.84103,1.00,1.00
2016.02.03 15:02:14.261,0.84096,0.84106,2.25,1.00
2016.02.03 15:02:14.313,0.84103,0.84108,1.00,1.50
2016.02.03 15:02:14.517,0.84101,0.84113,1.75,1.12
2016.02.03 15:02:14.670,0.84101,0.84113,1.75,1.00
2016.02.03 15:02:14.885,0.84098,0.84109,1.12,1.50
2016.02.03 15:02:14.938,0.84092,0.84102,3.07,1.00
2016.02.03 15:02:14.990,0.84095,0.84102,1.00,1.00
2016.02.03 15:02:15.103,0.84089,0.84101,1.75,1.00
2016.02.03 15:02:15.306,0.84085,0.84095,1.20,1.00
2016.02.03 15:02:15.407,0.84084,0.84092,1.00,2.25
2016.02.03 15:02:15.510,0.84084,0.84089,1.00,1.37
2016.02.03 15:02:15.620,0.84075,0.84089,2.25,1.00
2016.02.03 15:02:15.723,0.84078,0.84089,1.00,1.50
2016.02.03 15:02:15.775,0.84081,0.84089,1.00,1.00
2016.02.03 15:02:15.826,0.84081,0.84091,1.00,1.00
2016.02.03 15:02:16.030,0.84075,0.84089,2.62,1.00
2016.02.03 15:02:16.132,0.84074,0.84089,1.37,2.25
2016.02.03 15:02:16.183,0.84074,0.84085,1.37,1.75
2016.02.03 15:02:16.234,0.84072,0.84085,1.10,1.75
2016.02.03 15:02:16.357,0.84072,0.84085,1.12,1.50
2016.02.03 15:02:16.612,0.84078,0.84092,1.85,1.12
2016.02.03 15:02:16.664,0.84084,0.84092,1.00,1.12
2016.02.03 15:02:16.917,0.84089,0.84104,1.50,1.50
2016.02.03 15:02:17.019,0.8409,0.84104,2.32,1.37
2016.02.03 15:02:17.352,0.84085,0.84093,2.25,1.00
2016.02.03 15:02:17.403,0.84085,0.84094,1.00,1.00
2016.02.03 15:02:17.607,0.84079,0.84092,3.37,1.00
2016.02.03 15:02:17.709,0.84078,0.84091,1.20,1.12
2016.02.03 15:02:17.812,0.84076,0.8409,1.12,1.50
2016.02.03 15:02:18.123,0.84078,0.84088,1.75,1.00
2016.02.03 15:02:18.275,0.84077,0.8409,2.62,1.50
2016.02.03 15:02:18.327,0.84076,0.8409,1.85,1.00
2016.02.03 15:02:18.429,0.84077,0.8409,3.07,1.00
2016.02.03 15:02:18.659,0.84075,0.84088,1.12,1.12
2016.02.03 15:02:18.711,0.84079,0.84085,1.00,1.00
2016.02.03 15:02:18.813,0.84082,0.84092,1.00,1.10
2016.02.03 15:02:18.915,0.84085,0.84094,1.00,1.00
2016.02.03 15:02:19.220,0.84087,0.841,1.20,1.12
2016.02.03 15:02:19.323,0.84089,0.841,1.12,1.00
2016.02.03 15:02:19.446,0.84092,0.84104,1.12,1.12
2016.02.03 15:02:19.498,0.84094,0.84103,1.12,1.00
2016.02.03 15:02:19.701,0.84093,0.84108,1.27,1.50
2016.02.03 15:02:19.803,0.84098,0.84104,1.00,1.00
2016.02.03 15:02:20.109,0.8409,0.84105,2.70,1.37
2016.02.03 15:02:20.211,0.8409,0.84104,1.47,1.75
2016.02.03 15:02:20.340,0.84089,0.84096,2.32,1.00
2016.02.03 15:02:20.443,0.8409,0.84105,1.95,1.75
2016.02.03 15:02:20.495,0.8409,0.84105,1.95,1.75
2016.02.03 15:02:20.597,0.84089,0.84105,2.32,1.75
2016.02.03 15:02:20.881,0.8409,0.84101,1.20,1.50
2016.02.03 15:02:21.033,0.84091,0.84104,1.20,1.50
2016.02.03 15:02:21.580,0.84091,0.84106,1.20,1.75
2016.02.03 15:02:21.733,0.84091,0.84104,1.20,1.00
2016.02.03 15:02:22.143,0.84095,0.841,1.00,1.00
2016.02.03 15:02:22.245,0.84095,0.84104,1.00,1.00
2016.02.03 15:02:22.500,0.8409,0.84104,1.20,1.37
2016.02.03 15:02:23.039,0.84092,0.84103,1.00,2.25
2016.02.03 15:02:23.542,0.84087,0.84101,1.87,1.12
2016.02.03 15:02:23.887,0.84084,0.84097,1.75,1.12
2016.02.03 15:02:24.144,0.84083,0.84093,1.00,1.00
2016.02.03 15:02:24.347,0.84081,0.84095,1.82,1.75
2016.02.03 15:02:25.248,0.84081,0.84095,1.20,1.75
2016.02.03 15:02:25.564,0.84079,0.84092,2.25,1.87
2016.02.03 15:02:25.869,0.8407,0.84083,1.10,2.25
2016.02.03 15:02:25.921,0.8407,0.84084,1.20,2.25
2016.02.03 15:02:26.024,0.84072,0.84083,1.12,1.00
2016.02.03 15:02:26.331,0.84072,0.84088,1.12,1.75
2016.02.03 15:02:26.540,0.84078,0.84087,1.00,1.00
2016.02.03 15:02:26.591,0.84078,0.84087,2.62,1.00
2016.02.03 15:02:26.643,0.84081,0.8409,1.75,1.00
2016.02.03 15:02:26.746,0.84082,0.84097,1.45,3.00
2016.02.03 15:02:26.849,0.84082,0.84097,1.20,1.75
2016.02.03 15:02:27.053,0.84084,0.84094,1.00,1.00
2016.02.03 15:02:27.155,0.84084,0.84098,1.85,1.50
2016.02.03 15:02:27.463,0.84091,0.84103,1.87,1.12
2016.02.03 15:02:27.615,0.84092,0.84106,1.20,1.12
2016.02.03 15:02:27.818,0.84093,0.84107,1.85,1.00
2016.02.03 15:02:28.322,0.84094,0.84107,2.25,1.50
2016.02.03 15:02:28.679,0.84093,0.84105,2.25,1.00
2016.02.03 15:02:28.731,0.84091,0.84105,1.87,1.75
2016.02.03 15:02:28.833,0.84093,0.84106,1.75,1.50
2016.02.03 15:02:29.347,0.84095,0.8411,1.50,1.75
2016.02.03 15:02:29.399,0.84098,0.8411,1.00,1.75
2016.02.03 15:02:29.551,0.84098,0.84108,1.00,1.00
2016.02.03 15:02:29.602,0.84102,0.84108,1.00,1.00
2016.02.03 15:02:29.654,0.84102,0.84113,1.00,1.75
2016.02.03 15:02:30.070,0.84102,0.84114,1.37,1.50
2016.02.03 15:02:30.173,0.84105,0.84116,1.00,1.00
2016.02.03 15:02:30.226,0.84102,0.84116,1.20,1.50
2016.02.03 15:02:30.430,0.84099,0.84114,1.37,1.37
2016.02.03 15:02:30.481,0.84099,0.84111,1.50,1.12
2016.02.03 15:02:30.634,0.84097,0.84111,1.00,1.00
2016.02.03 15:02:30.685,0.84097,0.84108,1.50,1.00
2016.02.03 15:02:31.006,0.84098,0.84112,1.00,1.50
2016.02.03 15:02:31.057,0.84098,0.84112,1.75,1.75
2016.02.03 15:02:31.361,0.84093,0.84106,1.12,1.75
2016.02.03 15:02:31.569,0.84089,0.84102,1.12,1.85
2016.02.03 15:02:31.673,0.84086,0.841,1.87,1.12
2016.02.03 15:02:31.877,0.84088,0.84098,1.00,1.00
2016.02.03 15:02:31.979,0.84086,0.84102,1.75,1.85
2016.02.03 15:02:32.284,0.84087,0.84102,3.00,1.12
2016.02.03 15:02:32.596,0.8409,0.84106,1.85,1.75
2016.02.03 15:02:32.951,0.8409,0.84104,1.50,1.75
2016.02.03 15:02:33.311,0.84097,0.84109,1.00,3.00
2016.02.03 15:02:33.362,0.84097,0.84109,1.75,1.12
2016.02.03 15:02:33.667,0.84092,0.84107,2.62,1.75
2016.02.03 15:02:33.971,0.8409,0.84105,1.95,1.75
2016.02.03 15:02:34.189,0.84093,0.84108,1.75,1.50
2016.02.03 15:02:34.446,0.8409,0.84106,2.02,1.50
2016.02.03 15:02:34.750,0.84086,0.84099,1.95,1.12
2016.02.03 15:02:35.051,0.84087,0.84101,1.27,1.12
2016.02.03 15:02:35.358,0.84086,0.84098,1.12,1.00
2016.02.03 15:02:35.409,0.84086,0.84101,2.25,1.50
2016.02.03 15:02:35.512,0.84086,0.84098,3.37,1.00
2016.02.03 15:02:35.563,0.84086,0.84098,1.87,1.12
2016.02.03 15:02:35.615,0.84083,0.84094,1.95,1.37
2016.02.03 15:02:35.939,0.84083,0.84087,1.12,1.00
2016.02.03 15:02:36.091,0.84079,0.84087,1.00,1.00
2016.02.03 15:02:36.618,0.84077,0.84092,1.75,2.70
2016.02.03 15:02:36.770,0.84076,0.84092,3.00,1.12
2016.02.03 15:02:36.821,0.84076,0.84088,3.00,1.00
2016.02.03 15:02:36.873,0.84076,0.84088,1.75,1.00
2016.02.03 15:02:36.975,0.84075,0.84088,3.00,1.50
2016.02.03 15:02:37.179,0.84062,0.84075,1.75,1.12
2016.02.03 15:02:37.281,0.84061,0.84072,1.50,1.50
2016.02.03 15:02:37.377,0.8406,0.8407,1.00,1.00
2016.02.03 15:02:37.584,0.8406,0.84068,1.00,1.00
2016.02.03 15:02:37.788,0.84052,0.84066,3.00,1.00
2016.02.03 15:02:37.992,0.8405,0.84065,1.45,1.00
2016.02.03 15:02:38.043,0.84049,0.84061,1.12,1.00
2016.02.03 15:02:38.295,0.84044,0.8406,1.87,1.50
2016.02.03 15:02:38.346,0.84044,0.84057,1.75,1.00
2016.02.03 15:02:38.397,0.84044,0.84057,1.75,1.00
2016.02.03 15:02:38.550,0.84041,0.84059,3.75,1.57
2016.02.03 15:02:38.753,0.84041,0.84057,3.00,1.00
2016.02.03 15:02:38.906,0.84043,0.84056,1.00,1.50
2016.02.03 15:02:39.441,0.84044,0.84059,1.00,1.00
2016.02.03 15:02:39.493,0.84051,0.84061,3.00,2.25
2016.02.03 15:02:39.697,0.84058,0.84069,2.62,1.50
2016.02.03 15:02:39.748,0.84058,0.84074,3.37,2.62
2016.02.03 15:02:40.005,0.8406,0.84074,3.07,1.37
2016.02.03 15:02:40.309,0.84058,0.84073,1.85,2.25
2016.02.03 15:02:40.512,0.84059,0.84075,3.00,1.50
2016.02.03 15:02:40.614,0.84066,0.84076,1.00,1.00
2016.02.03 15:02:40.767,0.84066,0.84081,2.25,2.25
2016.02.03 15:02:40.824,0.84072,0.84081,1.00,1.87
2016.02.03 15:02:40.875,0.84064,0.8408,3.00,3.00
2016.02.03 15:02:40.977,0.84063,0.8408,2.62,1.87
2016.02.03 15:02:41.282,0.84065,0.84079,5.25,1.50
2016.02.03 15:02:41.384,0.84069,0.84081,2.32,1.00
2016.02.03 15:02:41.486,0.84075,0.84081,1.00,1.00
2016.02.03 15:02:41.537,0.84075,0.84085,1.00,1.00
2016.02.03 15:02:41.588,0.84072,0.84087,2.32,1.50
2016.02.03 15:02:41.654,0.84075,0.84087,1.50,1.87
2016.02.03 15:02:41.706,0.84075,0.84087,1.75,1.00
2016.02.03 15:02:41.808,0.84079,0.84087,1.00,1.37
2016.02.03 15:02:41.910,0.84079,0.8409,1.00,1.00
2016.02.03 15:02:42.065,0.84076,0.84084,1.75,1.00
2016.02.03 15:02:42.116,0.84072,0.84082,2.25,1.00
2016.02.03 15:02:42.218,0.84071,0.84083,1.50,1.20
2016.02.03 15:02:42.321,0.84072,0.84081,1.00,1.75
2016.02.03 15:02:42.373,0.84072,0.8408,1.00,3.00
2016.02.03 15:02:42.486,0.84069,0.8408,1.50,1.47
2016.02.03 15:02:42.537,0.84067,0.8408,1.00,1.85
2016.02.03 15:02:42.592,0.84067,0.8408,1.00,1.47
2016.02.03 15:02:43.100,0.84064,0.8408,1.57,1.37
2016.02.03 15:02:43.910,0.84064,0.84079,1.37,1.37
2016.02.03 15:02:44.316,0.84066,0.84082,2.32,1.50
2016.02.03 15:02:44.662,0.8407,0.84084,1.50,1.75
2016.02.03 15:02:45.322,0.8407,0.84085,1.75,1.75
2016.02.03 15:02:45.423,0.84072,0.84082,1.00,1.00
2016.02.03 15:02:45.787,0.8407,0.8408,1.00,1.00
2016.02.03 15:02:46.092,0.84071,0.84086,1.75,1.75
2016.02.03 15:02:46.404,0.84071,0.84086,3.07,1.12
2016.02.03 15:02:46.607,0.84073,0.84088,1.75,1.12
2016.02.03 15:02:46.811,0.84077,0.84091,1.75,1.87
2016.02.03 15:02:47.117,0.84078,0.84089,1.75,1.00
2016.02.03 15:02:47.433,0.84079,0.8409,1.50,1.00
2016.02.03 15:02:47.536,0.84079,0.84093,1.75,1.12
2016.02.03 15:02:47.993,0.84082,0.84094,1.50,1.50
2016.02.03 15:02:48.304,0.84091,0.84097,1.00,1.00
2016.02.03 15:02:48.760,0.84091,0.84099,1.00,1.00
2016.02.03 15:02:48.863,0.84092,0.84096,1.00,1.00
2016.02.03 15:02:49.181,0.84071,0.84083,1.37,1.12
2016.02.03 15:02:49.283,0.84075,0.84081,1.00,1.87
2016.02.03 15:02:49.335,0.8407,0.84078,1.87,1.00
2016.02.03 15:02:49.386,0.8407,0.84078,1.87,1.75
2016.02.03 15:02:49.691,0.84068,0.84072,1.00,1.12
2016.02.03 15:02:49.793,0.84059,0.84072,1.75,1.12
2016.02.03 15:02:50.215,0.84063,0.84071,1.00,1.00
2016.02.03 15:02:50.266,0.84063,0.84073,1.00,1.00
2016.02.03 15:02:50.780,0.84058,0.84074,3.75,1.12
2016.02.03 15:02:50.831,0.84068,0.84074,1.00,1.12
2016.02.03 15:02:51.239,0.84065,0.84073,1.00,1.12
2016.02.03 15:02:51.291,0.84062,0.84073,1.50,1.12
2016.02.03 15:02:51.342,0.84061,0.84065,1.00,1.00
2016.02.03 15:02:51.651,0.84059,0.84064,1.00,1.47
2016.02.03 15:02:51.703,0.84051,0.84062,1.75,1.00
2016.02.03 15:02:51.805,0.84051,0.84057,1.00,1.12
2016.02.03 15:02:51.857,0.84047,0.84057,1.12,1.12
2016.02.03 15:02:52.009,0.84047,0.84055,1.00,1.85
2016.02.03 15:02:52.060,0.84044,0.84055,1.00,1.85
2016.02.03 15:02:52.212,0.84048,0.84052,1.00,1.00
2016.02.03 15:02:52.263,0.84048,0.84055,1.00,1.45
2016.02.03 15:02:52.778,0.84045,0.84054,1.00,1.00
2016.02.03 15:02:52.880,0.84038,0.84048,2.25,1.00
2016.02.03 15:02:52.931,0.84035,0.84048,2.62,1.00
2016.02.03 15:02:53.033,0.84035,0.84048,2.25,1.87
2016.02.03 15:02:53.303,0.84035,0.8405,1.75,1.50
2016.02.03 15:02:53.354,0.84035,0.8405,2.25,1.12
2016.02.03 15:02:53.506,0.84038,0.8405,1.00,1.12
2016.02.03 15:02:54.228,0.84034,0.8405,1.75,1.00
2016.02.03 15:02:54.433,0.84045,0.8405,1.00,1.00
2016.02.03 15:02:54.687,0.84045,0.84055,1.50,1.12
2016.02.03 15:02:54.942,0.8404,0.84056,1.75,1.95
2016.02.03 15:02:55.216,0.84037,0.84052,2.25,1.12
2016.02.03 15:02:55.750,0.84037,0.84049,1.50,1.50
2016.02.03 15:02:56.148,0.8404,0.8405,1.00,1.00
2016.02.03 15:02:56.454,0.84042,0.8405,1.00,1.00
2016.02.03 15:02:56.556,0.84042,0.84053,1.00,1.00
2016.02.03 15:02:57.122,0.8404,0.84054,2.25,1.50
2016.02.03 15:02:57.427,0.84046,0.84059,1.75,1.00
2016.02.03 15:02:57.732,0.84048,0.8406,1.75,1.00
2016.02.03 15:02:58.074,0.84053,0.84063,1.75,1.00
2016.02.03 15:02:58.381,0.84053,0.84067,2.25,1.12
2016.02.03 15:02:58.434,0.84053,0.84064,4.50,1.00
2016.02.03 15:02:58.688,0.84056,0.84071,2.25,1.75
2016.02.03 15:02:58.739,0.84055,0.84071,2.25,1.00
2016.02.03 15:02:58.867,0.84056,0.84071,1.12,1.00
2016.02.03 15:02:58.970,0.84062,0.84076,1.00,3.00
2016.02.03 15:02:59.021,0.84062,0.84076,1.00,1.27
2016.02.03 15:02:59.225,0.84063,0.84076,2.25,1.00
2016.02.03 15:02:59.381,0.84067,0.84081,1.00,1.00
2016.02.03 15:02:59.647,0.84068,0.84081,1.50,1.00
2016.02.03 15:02:59.698,0.84068,0.84084,2.62,1.47
2016.02.03 15:02:59.749,0.84069,0.84084,1.20,1.10
2016.02.03 15:03:00.055,0.84077,0.84091,1.20,1.00
2016.02.03 15:03:00.359,0.84076,0.84088,1.45,1.00
2016.02.03 15:03:00.610,0.84072,0.84085,1.50,1.50
2016.02.03 15:03:00.814,0.84072,0.84088,1.50,1.50
2016.02.03 15:03:00.865,0.84072,0.84088,1.75,1.50
2016.02.03 15:03:01.171,0.84072,0.84081,1.00,1.00
2016.02.03 15:03:01.335,0.84066,0.84082,1.57,1.87
2016.02.03 15:03:01.390,0.84068,0.84082,1.12,1.12
2016.02.03 15:03:01.542,0.84069,0.8408,1.00,1.00
2016.02.03 15:03:02.049,0.84068,0.8408,1.00,1.00
2016.02.03 15:03:02.266,0.84066,0.8408,1.00,1.00
2016.02.03 15:03:02.572,0.8407,0.84085,1.00,1.20
2016.02.03 15:03:02.674,0.84072,0.84088,1.50,1.87
2016.02.03 15:03:02.776,0.84072,0.84085,2.25,1.75
2016.02.03 15:03:03.100,0.84069,0.84077,1.00,1.12
2016.02.03 15:03:03.254,0.84067,0.84081,2.25,2.62
2016.02.03 15:03:03.561,0.84063,0.84077,1.75,1.12
2016.02.03 15:03:03.663,0.84065,0.84075,1.00,1.00
2016.02.03 15:03:04.004,0.84061,0.84067,1.00,1.00
2016.02.03 15:03:04.107,0.84058,0.84068,1.87,1.12
2016.02.03 15:03:04.159,0.84058,0.84068,1.87,1.12
2016.02.03 15:03:04.362,0.84061,0.84073,1.00,1.20
2016.02.03 15:03:04.465,0.84063,0.84074,1.50,1.10
2016.02.03 15:03:04.579,0.84063,0.84077,1.75,1.12
2016.02.03 15:03:05.002,0.84065,0.84078,2.25,2.25
2016.02.03 15:03:05.205,0.84067,0.84084,1.75,1.95
2016.02.03 15:03:05.408,0.84067,0.84078,1.75,1.00
2016.02.03 15:03:05.618,0.84069,0.84081,2.25,1.00
2016.02.03 15:03:05.973,0.84068,0.84083,1.75,1.75
2016.02.03 15:03:06.494,0.84072,0.84082,1.00,1.00
2016.02.03 15:03:06.597,0.8407,0.84081,1.00,1.00
2016.02.03 15:03:06.649,0.84069,0.84081,1.37,1.57
2016.02.03 15:03:06.701,0.84065,0.84077,2.62,1.75
2016.02.03 15:03:06.752,0.84065,0.84072,1.50,1.12
2016.02.03 15:03:06.804,0.8406,0.84072,1.50,1.50
2016.02.03 15:03:06.856,0.8406,0.84071,1.12,1.50
2016.02.03 15:03:07.010,0.84054,0.84066,1.00,1.75
2016.02.03 15:03:07.061,0.84056,0.84063,1.00,1.00
2016.02.03 15:03:07.376,0.84056,0.84065,1.00,1.85
2016.02.03 15:03:07.478,0.84049,0.84064,2.25,1.75
2016.02.03 15:03:07.580,0.84048,0.84061,1.37,1.75
2016.02.03 15:03:07.785,0.84046,0.84056,1.50,1.00
2016.02.03 15:03:08.109,0.84048,0.84056,1.00,1.00
2016.02.03 15:03:08.413,0.84046,0.8406,3.75,1.37
2016.02.03 15:03:08.616,0.84046,0.84062,4.12,1.75
2016.02.03 15:03:08.718,0.84052,0.84065,1.00,3.07
2016.02.03 15:03:08.820,0.84052,0.84065,1.00,1.85
2016.02.03 15:03:09.266,0.84052,0.84062,1.00,2.32
2016.02.03 15:03:09.318,0.84047,0.84058,1.00,1.87
2016.02.03 15:03:09.420,0.84044,0.84055,1.00,1.12
2016.02.03 15:03:09.472,0.84044,0.84053,1.00,1.12
2016.02.03 15:03:09.523,0.8404,0.84051,1.37,1.57
2016.02.03 15:03:09.574,0.8404,0.8405,1.37,2.25
2016.02.03 15:03:09.729,0.84038,0.84048,1.00,1.75
2016.02.03 15:03:09.882,0.84039,0.84049,1.50,1.10
2016.02.03 15:03:10.035,0.84037,0.84051,1.50,1.50
2016.02.03 15:03:10.188,0.84036,0.84048,1.00,1.75
2016.02.03 15:03:10.290,0.84039,0.84049,1.50,1.00
2016.02.03 15:03:10.392,0.84039,0.8405,1.00,1.75
2016.02.03 15:03:10.507,0.84036,0.84049,1.00,1.87
2016.02.03 15:03:10.660,0.84039,0.84048,1.00,1.10
2016.02.03 15:03:10.711,0.84031,0.84045,1.50,1.00
2016.02.03 15:03:10.813,0.8403,0.84044,1.12,1.12
2016.02.03 15:03:10.917,0.84037,0.84044,1.00,1.00
2016.02.03 15:03:10.968,0.84037,0.84048,1.00,1.87
2016.02.03 15:03:11.019,0.84039,0.84048,1.00,1.12
2016.02.03 15:03:11.070,0.84039,0.84051,1.00,1.50
2016.02.03 15:03:11.223,0.84037,0.8405,1.00,1.37
2016.02.03 15:03:11.379,0.84035,0.84045,1.00,1.00
2016.02.03 15:03:11.431,0.84032,0.84045,1.00,1.12
2016.02.03 15:03:11.482,0.84036,0.84051,1.00,2.32
2016.02.03 15:03:11.533,0.84036,0.84052,1.00,1.87
2016.02.03 15:03:11.635,0.84037,0.8405,1.00,1.00
2016.02.03 15:03:11.890,0.84037,0.84051,1.00,2.25
2016.02.03 15:03:12.204,0.84032,0.84046,2.25,1.75
2016.02.03 15:03:12.307,0.84032,0.84046,1.75,1.75
2016.02.03 15:03:12.409,0.84032,0.84047,1.50,1.75
2016.02.03 15:03:12.511,0.84031,0.84046,1.12,1.75
2016.02.03 15:03:12.816,0.84031,0.84039,1.00,1.12
2016.02.03 15:03:13.336,0.84032,0.84043,1.00,1.82
2016.02.03 15:03:13.438,0.84029,0.84044,1.87,3.82
2016.02.03 15:03:13.816,0.84028,0.84042,1.00,4.20
2016.02.03 15:03:13.919,0.84026,0.84039,1.00,1.12
2016.02.03 15:03:14.225,0.84028,0.8404,1.00,2.32
2016.02.03 15:03:14.328,0.84028,0.84044,1.75,5.25
2016.02.03 15:03:14.430,0.8403,0.84045,1.12,1.95
2016.02.03 15:03:14.481,0.84027,0.84045,1.75,1.95
2016.02.03 15:03:14.532,0.8403,0.84045,1.75,1.75
2016.02.03 15:03:14.945,0.84032,0.84045,1.75,1.50
2016.02.03 15:03:15.047,0.84027,0.84043,1.75,1.85
2016.02.03 15:03:15.561,0.84025,0.8404,1.75,1.85
2016.02.03 15:03:16.124,0.84026,0.8404,1.12,1.85
2016.02.03 15:03:16.226,0.84025,0.84038,2.25,1.12
2016.02.03 15:03:16.328,0.84026,0.84035,1.00,1.00
2016.02.03 15:03:16.490,0.84026,0.84038,1.00,1.95
2016.02.03 15:03:16.745,0.8403,0.84042,2.25,1.10
2016.02.03 15:03:16.796,0.8403,0.84042,2.25,1.10
2016.02.03 15:03:16.848,0.8403,0.84044,3.00,1.12
2016.02.03 15:03:17.001,0.84028,0.84044,3.37,1.87
2016.02.03 15:03:17.052,0.84028,0.84044,1.50,1.95
2016.02.03 15:03:17.205,0.84029,0.84043,1.37,2.32
2016.02.03 15:03:17.499,0.84029,0.84043,1.75,3.07
2016.02.03 15:03:17.652,0.84031,0.84037,1.00,1.12
2016.02.03 15:03:17.804,0.84023,0.84037,1.75,1.50
2016.02.03 15:03:17.956,0.84025,0.84037,1.00,3.00
2016.02.03 15:03:18.148,0.84025,0.84039,1.37,2.62
2016.02.03 15:03:18.200,0.84025,0.84039,1.75,1.75
2016.02.03 15:03:18.352,0.84026,0.84039,2.25,1.37
2016.02.03 15:03:18.403,0.84026,0.84042,3.00,1.95
2016.02.03 15:03:18.555,0.84029,0.84042,1.75,1.95
2016.02.03 15:03:19.418,0.84029,0.84043,1.12,1.50
2016.02.03 15:03:19.815,0.84029,0.84043,1.50,1.57
2016.02.03 15:03:19.917,0.84028,0.84042,1.12,1.75
2016.02.03 15:03:20.349,0.84026,0.8404,1.75,1.87
2016.02.03 15:03:20.663,0.84024,0.84038,2.25,1.47
2016.02.03 15:03:20.714,0.84023,0.84038,2.25,1.65
2016.02.03 15:03:20.816,0.84026,0.84038,1.50,1.27
2016.02.03 15:03:21.121,0.84027,0.8404,2.25,1.20
2016.02.03 15:03:21.224,0.8403,0.8404,1.00,1.47
2016.02.03 15:03:21.276,0.8403,0.84039,1.00,1.87
2016.02.03 15:03:21.327,0.84024,0.84037,2.25,1.12
2016.02.03 15:03:21.434,0.84024,0.84036,1.00,2.32
2016.02.03 15:03:21.739,0.84022,0.84037,2.25,1.95
2016.02.03 15:03:21.942,0.84024,0.8404,1.75,1.75
2016.02.03 15:03:22.044,0.84024,0.8404,4.12,1.50
2016.02.03 15:03:22.360,0.84027,0.84037,1.95,1.12
2016.02.03 15:03:22.667,0.84026,0.84036,1.87,1.50
2016.02.03 15:03:23.175,0.84026,0.84037,1.50,1.37
2016.02.03 15:03:23.691,0.84025,0.84036,1.95,1.50
2016.02.03 15:03:23.997,0.84034,0.84039,1.37,1.50
2016.02.03 15:03:24.048,0.84033,0.84046,1.10,1.75
2016.02.03 15:03:24.151,0.84033,0.84049,1.85,1.75
2016.02.03 15:03:24.462,0.84036,0.8405,1.75,1.50
2016.02.03 15:03:24.938,0.84039,0.84051,1.50,1.50
2016.02.03 15:03:25.149,0.84044,0.84053,1.37,1.50
2016.02.03 15:03:25.252,0.84045,0.84054,1.37,1.12
2016.02.03 15:03:25.353,0.84044,0.84052,1.00,1.00
2016.02.03 15:03:25.456,0.84042,0.84052,1.12,1.50
2016.02.03 15:03:25.660,0.8404,0.84048,1.50,1.00
2016.02.03 15:03:25.762,0.84037,0.84048,1.12,1.00
2016.02.03 15:03:25.848,0.84036,0.84048,1.75,1.37
2016.02.03 15:03:25.951,0.84035,0.84047,1.50,1.75
2016.02.03 15:03:26.155,0.84036,0.84048,1.37,1.87
2016.02.03 15:03:26.257,0.84037,0.8405,1.37,1.75
2016.02.03 15:03:26.461,0.84034,0.84047,1.50,1.75
2016.02.03 15:03:26.512,0.84034,0.84047,1.50,1.75
2016.02.03 15:03:26.830,0.84033,0.84043,1.37,1.50
2016.02.03 15:03:26.881,0.84032,0.84043,1.37,1.50
2016.02.03 15:03:27.136,0.84029,0.84039,1.37,1.75
2016.02.03 15:03:27.362,0.84027,0.84037,1.57,1.00
2016.02.03 15:03:27.415,0.84026,0.8404,2.25,2.25
2016.02.03 15:03:27.875,0.84024,0.84034,1.00,1.00
2016.02.03 15:03:27.977,0.84024,0.84036,1.12,1.75
2016.02.03 15:03:28.482,0.84025,0.84036,1.00,1.75
2016.02.03 15:03:28.685,0.84022,0.84036,1.95,1.75
2016.02.03 15:03:28.838,0.84022,0.84036,1.95,3.75
2016.02.03 15:03:29.041,0.84023,0.84037,1.00,1.75
2016.02.03 15:03:29.120,0.84025,0.84037,1.00,1.75
2016.02.03 15:03:29.176,0.84025,0.84035,1.00,1.50
2016.02.03 15:03:29.633,0.84023,0.84035,1.37,1.50
2016.02.03 15:03:30.043,0.84025,0.84038,1.12,1.50
2016.02.03 15:03:30.550,0.84026,0.84039,1.12,1.50
2016.02.03 15:03:30.653,0.84025,0.84038,1.47,1.75
2016.02.03 15:03:30.971,0.84025,0.84038,1.12,1.50
2016.02.03 15:03:32.479,0.8403,0.8404,1.75,1.75
2016.02.03 15:03:32.733,0.84035,0.84043,1.37,1.00
2016.02.03 15:03:32.784,0.84037,0.84043,1.37,1.00
2016.02.03 15:03:32.901,0.84038,0.84048,1.00,1.12
2016.02.03 15:03:32.953,0.8404,0.8405,1.00,1.50
2016.02.03 15:03:33.258,0.84041,0.84052,1.87,1.37
2016.02.03 15:03:33.360,0.84041,0.84051,1.12,1.00
2016.02.03 15:03:33.635,0.84041,0.84053,1.37,1.50
2016.02.03 15:03:33.894,0.84044,0.84053,1.10,1.00
2016.02.03 15:03:33.996,0.84045,0.84056,1.00,1.50
2016.02.03 15:03:34.508,0.84044,0.84054,1.00,1.00
2016.02.03 15:03:35.018,0.84043,0.84053,1.00,1.50
2016.02.03 15:03:35.120,0.84043,0.84051,1.00,1.00
2016.02.03 15:03:35.422,0.84042,0.84051,1.12,1.00
2016.02.03 15:03:35.474,0.84044,0.84056,1.12,1.75
2016.02.03 15:03:35.678,0.84046,0.84057,1.37,1.12
2016.02.03 15:03:35.983,0.84046,0.84058,1.12,1.00
2016.02.03 15:03:36.315,0.84049,0.84059,1.12,1.00
2016.02.03 15:03:36.822,0.8405,0.8406,1.37,1.12
2016.02.03 15:03:37.388,0.84052,0.84063,1.12,1.00
2016.02.03 15:03:37.592,0.84052,0.84066,1.12,1.12
2016.02.03 15:03:37.896,0.84054,0.84068,1.87,1.50
2016.02.03 15:03:38.405,0.84054,0.84068,2.25,1.12
2016.02.03 15:03:38.609,0.84053,0.84067,1.12,1.12
2016.02.03 15:03:38.661,0.84053,0.8406,1.12,1.00
2016.02.03 15:03:38.763,0.84053,0.84064,1.12,1.50
2016.02.03 15:03:39.271,0.84051,0.84064,1.12,1.12
2016.02.03 15:03:39.812,0.8405,0.84058,3.00,1.00
2016.02.03 15:03:39.863,0.84048,0.84058,1.10,1.50
2016.02.03 15:03:39.967,0.84049,0.84062,2.25,2.25
2016.02.03 15:03:40.018,0.84052,0.84062,1.00,1.00
2016.02.03 15:03:40.120,0.8405,0.84065,1.12,1.50
2016.02.03 15:03:40.272,0.84049,0.84064,1.95,1.00
2016.02.03 15:03:40.779,0.84055,0.84065,1.00,1.00
2016.02.03 15:03:41.084,0.84052,0.84065,1.87,1.00
2016.02.03 15:03:41.185,0.84053,0.84068,1.75,2.25
2016.02.03 15:03:41.388,0.84056,0.84069,2.25,1.00
2016.02.03 15:03:41.904,0.84057,0.84069,2.25,1.00
2016.02.03 15:03:42.579,0.84061,0.84069,1.00,1.00
2016.02.03 15:03:42.631,0.8406,0.84064,1.00,1.00
2016.02.03 15:03:42.682,0.84058,0.84064,1.00,1.00
2016.02.03 15:03:42.834,0.84058,0.84067,1.00,1.50
2016.02.03 15:03:42.886,0.84051,0.84061,2.25,1.00
2016.02.03 15:03:42.988,0.84048,0.84058,1.12,1.12
2016.02.03 15:03:43.039,0.84048,0.84052,1.00,1.00
2016.02.03 15:03:43.091,0.84042,0.8405,1.37,1.00
2016.02.03 15:03:43.235,0.84041,0.84052,1.37,1.75
2016.02.03 15:03:43.289,0.8404,0.8405,1.87,1.12
2016.02.03 15:03:43.493,0.84036,0.84045,1.20,1.00
2016.02.03 15:03:43.595,0.84035,0.84045,1.37,1.12
2016.02.03 15:03:43.909,0.84031,0.84045,1.75,1.75
2016.02.03 15:03:44.011,0.84036,0.84046,1.00,1.00
2016.02.03 15:03:44.062,0.84034,0.84049,1.75,1.37
2016.02.03 15:03:44.113,0.84034,0.84049,1.75,1.12
2016.02.03 15:03:44.214,0.84032,0.84049,2.40,3.75
2016.02.03 15:03:44.316,0.84031,0.84042,1.12,2.70
2016.02.03 15:03:44.367,0.84028,0.84039,1.37,1.37
2016.02.03 15:03:44.684,0.84029,0.84039,1.50,4.12
2016.02.03 15:03:44.737,0.84023,0.84033,1.00,1.00
2016.02.03 15:03:44.891,0.8402,0.84031,1.12,1.00
2016.02.03 15:03:44.994,0.8402,0.84031,1.00,1.87
2016.02.03 15:03:45.299,0.84023,0.84031,1.00,1.75
2016.02.03 15:03:45.401,0.84019,0.84028,1.00,1.00
2016.02.03 15:03:45.893,0.84017,0.84033,1.75,1.75
2016.02.03 15:03:46.198,0.84015,0.84031,1.75,1.75
2016.02.03 15:03:46.453,0.84011,0.84022,1.50,1.00
2016.02.03 15:03:46.505,0.84012,0.84025,1.00,2.25
2016.02.03 15:03:46.606,0.84012,0.84022,1.50,1.00
2016.02.03 15:03:46.709,0.84009,0.84022,1.75,1.50
2016.02.03 15:03:47.014,0.84012,0.84024,1.75,1.37
2016.02.03 15:03:48.044,0.84012,0.84026,1.75,1.50
2016.02.03 15:03:48.400,0.84013,0.84023,1.00,1.00
2016.02.03 15:03:48.504,0.84012,0.84025,1.75,1.50
2016.02.03 15:03:48.609,0.84012,0.84027,1.87,1.87
2016.02.03 15:03:48.711,0.84011,0.84027,1.75,4.95
2016.02.03 15:03:49.243,0.8401,0.84026,1.75,2.25
2016.02.03 15:03:49.750,0.84014,0.84018,1.00,1.00
2016.02.03 15:03:49.852,0.84007,0.84015,1.75,1.57
2016.02.03 15:03:49.903,0.84004,0.84014,1.00,1.00
2016.02.03 15:03:50.020,0.84,0.84014,3.00,2.62
2016.02.03 15:03:50.531,0.83999,0.84013,1.75,2.70
2016.02.03 15:03:50.918,0.83998,0.8401,1.50,1.50
2016.02.03 15:03:51.324,0.83996,0.84008,1.50,1.50
2016.02.03 15:03:51.742,0.83996,0.84011,1.75,1.12
2016.02.03 15:03:52.046,0.84,0.84013,1.75,3.00
2016.02.03 15:03:52.401,0.84003,0.84015,1.00,1.87
2016.02.03 15:03:52.560,0.84005,0.84015,1.00,1.87
2016.02.03 15:03:52.866,0.84002,0.84012,1.00,1.00
2016.02.03 15:03:53.171,0.83997,0.84009,1.12,3.00
2016.02.03 15:03:53.493,0.83996,0.84006,1.00,1.50
2016.02.03 15:03:53.798,0.83996,0.84003,1.00,1.50
2016.02.03 15:03:54.102,0.83995,0.84003,1.00,2.25
2016.02.03 15:03:54.273,0.83996,0.84007,1.00,2.25
2016.02.03 15:03:54.324,0.83996,0.84008,1.12,1.75
2016.02.03 15:03:54.528,0.83997,0.84006,1.00,1.75
2016.02.03 15:03:54.680,0.83995,0.84006,1.00,1.75
2016.02.03 15:03:54.731,0.83999,0.84008,2.25,1.12
2016.02.03 15:03:54.782,0.84001,0.84009,1.12,1.00
2016.02.03 15:03:54.833,0.84,0.84011,1.75,1.00
2016.02.03 15:03:54.935,0.84007,0.84014,1.00,1.00
2016.02.03 15:03:55.163,0.83998,0.84008,1.37,1.37
2016.02.03 15:03:55.480,0.83999,0.84012,1.12,1.12
2016.02.03 15:03:55.633,0.84,0.84012,1.50,1.50
2016.02.03 15:03:55.880,0.84003,0.84016,1.75,1.50
2016.02.03 15:03:56.135,0.84008,0.84017,1.00,1.50
2016.02.03 15:03:56.237,0.84009,0.84021,1.75,1.12
2016.02.03 15:03:56.340,0.84009,0.84021,1.37,1.50
2016.02.03 15:03:56.754,0.84007,0.84022,1.75,1.50
2016.02.03 15:03:57.262,0.84008,0.84024,1.75,3.45
2016.02.03 15:03:57.570,0.84001,0.84012,1.75,1.00
2016.02.03 15:03:57.672,0.84,0.84012,1.12,1.75
2016.02.03 15:03:57.977,0.83999,0.84013,1.75,1.75
2016.02.03 15:03:58.304,0.83999,0.84012,1.37,1.75
2016.02.03 15:03:58.459,0.84007,0.84019,1.75,3.37
2016.02.03 15:03:58.561,0.84007,0.84016,1.00,1.00
2016.02.03 15:03:59.120,0.84005,0.84018,2.25,1.12
2016.02.03 15:03:59.172,0.84006,0.8402,3.00,1.75
2016.02.03 15:03:59.273,0.84006,0.8402,2.25,1.50
2016.02.03 15:03:59.780,0.8401,0.8402,1.00,1.00
2016.02.03 15:04:00.357,0.84011,0.84021,1.00,1.50
2016.02.03 15:04:00.561,0.84008,0.84022,3.00,1.37
2016.02.03 15:04:01.667,0.84013,0.84027,1.12,1.12
2016.02.03 15:04:01.769,0.84013,0.84028,1.75,1.75
2016.02.03 15:04:01.997,0.84014,0.84028,1.75,1.50
2016.02.03 15:04:02.099,0.84014,0.84029,1.12,2.25
2016.02.03 15:04:02.404,0.84021,0.8403,1.00,1.00
2016.02.03 15:04:02.707,0.84014,0.84022,1.75,1.00
2016.02.03 15:04:03.217,0.84014,0.84023,1.75,1.00
2016.02.03 15:04:03.636,0.84012,0.84021,4.12,1.00
2016.02.03 15:04:04.094,0.84013,0.84023,1.75,1.00
2016.02.03 15:04:04.740,0.84014,0.84022,1.75,1.00
2016.02.03 15:04:05.096,0.84014,0.8402,1.50,1.00
2016.02.03 15:04:05.199,0.84015,0.84022,1.50,1.00
2016.02.03 15:04:05.301,0.84015,0.84027,1.50,1.12
2016.02.03 15:04:05.410,0.84015,0.84029,2.25,1.47
2016.02.03 15:04:05.513,0.84018,0.84028,1.00,1.00
2016.02.03 15:04:05.615,0.84016,0.84029,1.75,1.00
2016.02.03 15:04:05.920,0.84017,0.84032,1.75,2.25
2016.02.03 15:04:06.237,0.8402,0.84031,1.75,1.00
2016.02.03 15:04:06.290,0.84019,0.84035,1.75,1.75
2016.02.03 15:04:06.391,0.8402,0.84035,1.75,1.75
2016.02.03 15:04:06.493,0.84026,0.84036,1.00,1.50
2016.02.03 15:04:06.899,0.84023,0.84037,3.00,1.87
2016.02.03 15:04:07.001,0.84026,0.84036,1.00,1.00
2016.02.03 15:04:07.132,0.84023,0.84036,2.25,1.12
2016.02.03 15:04:07.187,0.84023,0.84035,1.75,1.00
2016.02.03 15:04:07.292,0.84022,0.84034,1.75,1.37
2016.02.03 15:04:07.600,0.8401,0.84026,1.75,1.75
2016.02.03 15:04:07.703,0.8401,0.84024,1.50,1.75
2016.02.03 15:04:08.219,0.84011,0.84026,1.50,2.25
2016.02.03 15:04:08.321,0.84011,0.84026,1.75,2.25
2016.02.03 15:04:08.423,0.84015,0.84026,1.00,1.00
2016.02.03 15:04:08.627,0.84015,0.8403,1.50,1.75
2016.02.03 15:04:08.888,0.84014,0.84024,1.00,1.00
2016.02.03 15:04:08.991,0.84012,0.84026,1.12,2.25
2016.02.03 15:04:09.296,0.84013,0.84024,2.25,1.00
2016.02.03 15:04:09.398,0.84011,0.84023,3.00,1.00
2016.02.03 15:04:09.500,0.84011,0.84023,2.25,1.00
2016.02.03 15:04:09.615,0.8401,0.84023,3.00,1.75
2016.02.03 15:04:09.919,0.84007,0.84021,1.37,1.75
2016.02.03 15:04:10.021,0.8401,0.84024,1.12,1.75
2016.02.03 15:04:10.123,0.8401,0.84024,1.75,1.75
2016.02.03 15:04:10.591,0.8401,0.84025,1.12,1.75
2016.02.03 15:04:11.334,0.8401,0.84023,1.50,1.37
2016.02.03 15:04:11.387,0.8401,0.84023,1.75,1.12
2016.02.03 15:04:11.591,0.84011,0.84021,1.00,1.00
2016.02.03 15:04:11.795,0.84005,0.84019,1.75,1.12
2016.02.03 15:04:11.897,0.84005,0.84018,1.75,1.37
2016.02.03 15:04:11.998,0.84002,0.84018,1.95,1.75
2016.02.03 15:04:12.101,0.84001,0.84017,1.87,1.75
2016.02.03 15:04:12.328,0.84005,0.84019,1.75,1.20
2016.02.03 15:04:12.582,0.84005,0.8402,1.75,1.75
2016.02.03 15:04:12.634,0.84007,0.84017,1.00,1.00
2016.02.03 15:04:13.138,0.84004,0.8402,1.75,1.75
2016.02.03 15:04:13.595,0.84002,0.84017,1.75,1.85
2016.02.03 15:04:13.749,0.84,0.84014,2.25,1.75
2016.02.03 15:04:14.524,0.84,0.84016,1.75,1.75
2016.02.03 15:04:14.626,0.84,0.84014,1.75,1.75
2016.02.03 15:04:14.931,0.84001,0.84016,1.75,2.32
2016.02.03 15:04:15.625,0.84003,0.84013,1.50,1.50
2016.02.03 15:04:15.778,0.84003,0.84013,1.12,1.50
2016.02.03 15:04:15.829,0.84001,0.84011,1.00,1.00
2016.02.03 15:04:16.291,0.84002,0.84014,1.37,1.87
2016.02.03 15:04:16.343,0.84001,0.84014,4.12,1.12
2016.02.03 15:04:16.547,0.84003,0.84017,1.12,1.20
2016.02.03 15:04:16.598,0.84007,0.84017,1.00,1.85
2016.02.03 15:04:16.751,0.84011,0.84022,1.50,1.95
2016.02.03 15:04:16.824,0.84011,0.84023,1.50,1.12
2016.02.03 15:04:17.181,0.84011,0.84022,1.00,1.50
2016.02.03 15:04:17.437,0.84005,0.84019,1.75,1.12
2016.02.03 15:04:17.852,0.84007,0.84021,1.75,1.57
2016.02.03 15:04:18.258,0.8401,0.84023,1.50,1.12
2016.02.03 15:04:18.309,0.84011,0.84024,3.37,1.50
2016.02.03 15:04:18.462,0.84012,0.84026,1.75,1.50
2016.02.03 15:04:18.615,0.84015,0.84028,1.50,1.45
2016.02.03 15:04:19.170,0.84014,0.84028,1.75,1.45
2016.02.03 15:04:19.685,0.84014,0.84028,1.75,1.57
2016.02.03 15:04:20.216,0.84017,0.84031,2.25,2.25
2016.02.03 15:04:20.268,0.8402,0.8403,1.00,1.00
2016.02.03 15:04:20.370,0.84021,0.84032,1.00,1.00
2016.02.03 15:04:20.421,0.84019,0.84035,2.25,2.32
2016.02.03 15:04:20.769,0.84028,0.84043,2.25,1.50
2016.02.03 15:04:20.871,0.84029,0.84044,1.12,1.50
2016.02.03 15:04:21.228,0.84035,0.84045,1.12,1.50
2016.02.03 15:04:21.535,0.84044,0.84054,1.00,1.00
2016.02.03 15:04:21.738,0.84042,0.84054,1.75,1.00
2016.02.03 15:04:21.840,0.84039,0.84053,3.37,1.00
2016.02.03 15:04:21.891,0.84039,0.84053,3.37,1.37
2016.02.03 15:04:21.942,0.84039,0.84053,1.50,1.75
2016.02.03 15:04:22.248,0.84041,0.84052,1.00,1.50
2016.02.03 15:04:22.353,0.8404,0.84054,1.85,1.75
2016.02.03 15:04:22.455,0.84041,0.84057,1.75,1.75
2016.02.03 15:04:22.963,0.8404,0.84055,2.25,1.12
2016.02.03 15:04:23.167,0.84042,0.84058,1.87,1.50
2016.02.03 15:04:23.273,0.84042,0.84058,1.75,1.75
2016.02.03 15:04:23.375,0.84044,0.84055,1.00,1.00
2016.02.03 15:04:23.427,0.84043,0.84057,1.37,1.85
2016.02.03 15:04:23.682,0.84037,0.84053,2.25,2.25
2016.02.03 15:04:23.784,0.84037,0.84053,3.00,2.25
2016.02.03 15:04:24.298,0.8404,0.84054,1.37,2.32
2016.02.03 15:04:24.350,0.8404,0.84054,1.37,1.95
2016.02.03 15:04:24.765,0.8404,0.84055,2.25,1.50
2016.02.03 15:04:24.867,0.84044,0.84057,1.37,1.50
2016.02.03 15:04:24.970,0.84048,0.84059,1.37,1.12
2016.02.03 15:04:25.022,0.84048,0.8406,1.50,1.37
2016.02.03 15:04:25.099,0.84052,0.84061,1.00,1.37
2016.02.03 15:04:25.252,0.84054,0.84066,1.37,1.12
2016.02.03 15:04:25.455,0.84056,0.84072,1.50,3.07
2016.02.03 15:04:25.557,0.84056,0.8407,1.75,1.00
2016.02.03 15:04:25.659,0.84057,0.84072,1.75,1.75
2016.02.03 15:04:26.000,0.84056,0.84072,1.75,2.70
2016.02.03 15:04:26.154,0.84057,0.84071,1.50,2.70
2016.02.03 15:04:26.462,0.8406,0.84073,3.75,1.00
2016.02.03 15:04:26.966,0.84062,0.84076,1.75,1.75
2016.02.03 15:04:27.119,0.84062,0.84078,1.75,1.75
2016.02.03 15:04:27.476,0.84066,0.84077,1.00,1.75
2016.02.03 15:04:27.644,0.84066,0.8408,1.00,1.75
2016.02.03 15:04:27.796,0.84066,0.84082,1.87,1.75
2016.02.03 15:04:27.999,0.8407,0.84084,1.87,1.75
2016.02.03 15:04:28.101,0.84071,0.84085,1.87,2.25
2016.02.03 15:04:28.460,0.84071,0.84081,1.50,1.00
2016.02.03 15:04:28.512,0.84071,0.84084,1.00,1.50
2016.02.03 15:04:28.614,0.84068,0.84078,1.15,1.00
2016.02.03 15:04:28.667,0.84068,0.84079,1.97,1.00
2016.02.03 15:04:28.931,0.84068,0.84078,2.55,1.00
2016.02.03 15:04:29.083,0.84074,0.84084,1.09,4.12
2016.02.03 15:04:29.134,0.84074,0.84084,1.09,2.32
2016.02.03 15:04:29.236,0.84071,0.84084,1.30,1.85
2016.02.03 15:04:29.332,0.84071,0.84084,1.57,1.85
2016.02.03 15:04:29.842,0.84075,0.84081,1.00,1.00
2016.02.03 15:04:29.944,0.8408,0.84089,1.00,1.12
2016.02.03 15:04:29.995,0.8408,0.84093,1.37,3.82
2016.02.03 15:04:30.046,0.8408,0.84093,1.75,1.65
2016.02.03 15:04:30.252,0.84081,0.84093,2.25,1.00
2016.02.03 15:04:30.559,0.84083,0.84093,1.75,1.37
2016.02.03 15:04:30.712,0.84083,0.84093,1.50,1.37
2016.02.03 15:04:30.814,0.84079,0.84091,1.00,1.00
2016.02.03 15:04:31.176,0.84076,0.8409,1.37,1.10
2016.02.03 15:04:31.645,0.84074,0.84091,2.51,2.32
2016.02.03 15:04:31.910,0.84082,0.84093,1.00,1.87
2016.02.03 15:04:32.044,0.84084,0.84094,1.00,1.00
2016.02.03 15:04:32.096,0.84084,0.84099,1.00,1.00
2016.02.03 15:04:32.418,0.84086,0.84098,1.50,1.00
2016.02.03 15:04:32.470,0.84086,0.84102,1.50,1.10
2016.02.03 15:04:32.521,0.8409,0.84102,1.00,1.00
2016.02.03 15:04:32.623,0.84087,0.84103,1.95,1.00
2016.02.03 15:04:32.889,0.84091,0.84106,1.00,1.00
2016.02.03 15:04:33.244,0.84089,0.84106,1.50,1.12
2016.02.03 15:04:34.287,0.8409,0.84105,1.00,1.10
2016.02.03 15:04:34.764,0.84088,0.84103,1.00,1.00
2016.02.03 15:04:35.323,0.84089,0.84104,1.00,1.20
2016.02.03 15:04:35.802,0.84087,0.84104,1.50,1.20
2016.02.03 15:04:35.853,0.84089,0.84106,1.00,3.07
2016.02.03 15:04:36.006,0.8409,0.84106,1.00,1.00
2016.02.03 15:04:36.209,0.84091,0.84108,1.00,1.57
2016.02.03 15:04:36.412,0.84094,0.84108,2.25,1.00
2016.02.03 15:04:36.615,0.84099,0.84116,1.37,1.57
2016.02.03 15:04:37.116,0.841,0.84115,1.00,1.10
2016.02.03 15:04:37.521,0.84102,0.84116,1.00,2.02
2016.02.03 15:04:37.674,0.84104,0.84119,1.05,1.45
2016.02.03 15:04:37.784,0.84103,0.84114,1.05,2.25
2016.02.03 15:04:37.836,0.84099,0.84114,1.50,2.62
2016.02.03 15:04:37.938,0.84099,0.84112,1.00,1.50
2016.02.03 15:04:38.314,0.84098,0.84111,1.75,1.00
2016.02.03 15:04:38.618,0.84106,0.84119,1.37,1.20
2016.02.03 15:04:38.960,0.84111,0.84119,1.00,1.07
2016.02.03 15:04:39.266,0.84107,0.84121,3.75,1.27
2016.02.03 15:04:39.628,0.84111,0.84124,1.75,1.50
2016.02.03 15:04:39.732,0.84112,0.84125,3.75,2.32
2016.02.03 15:04:39.834,0.84113,0.84126,3.75,1.07
2016.02.03 15:04:40.240,0.84114,0.84129,2.25,1.07
2016.02.03 15:04:40.656,0.84116,0.84125,1.00,1.00
2016.02.03 15:04:40.758,0.84114,0.84124,1.00,1.00
2016.02.03 15:04:40.860,0.84111,0.84126,2.25,1.57
2016.02.03 15:04:40.962,0.84111,0.84128,2.25,2.62
2016.02.03 15:04:41.216,0.84109,0.84126,3.00,1.37
2016.02.03 15:04:41.318,0.84113,0.84125,1.00,1.87
2016.02.03 15:04:41.860,0.84112,0.84122,1.00,1.00
2016.02.03 15:04:42.837,0.84108,0.84122,3.00,1.00
2016.02.03 15:04:42.989,0.84113,0.84124,1.00,1.50
2016.02.03 15:04:43.041,0.84113,0.84124,1.50,1.12
2016.02.03 15:04:43.144,0.84113,0.84128,1.75,1.45
2016.02.03 15:04:43.452,0.84112,0.84126,1.75,1.50
2016.02.03 15:04:43.556,0.84112,0.84122,1.00,1.12
2016.02.03 15:04:43.659,0.84108,0.84119,1.00,1.50
2016.02.03 15:04:44.168,0.84107,0.84118,1.00,1.00
2016.02.03 15:04:44.574,0.84105,0.84119,1.75,1.12
2016.02.03 15:04:44.879,0.8411,0.84121,1.75,1.00
2016.02.03 15:04:45.032,0.84111,0.84125,1.50,1.12
2016.02.03 15:04:45.133,0.84115,0.84126,1.12,1.50
2016.02.03 15:04:45.357,0.84111,0.84125,1.75,1.57
2016.02.03 15:04:45.459,0.84111,0.84125,1.37,1.95
2016.02.03 15:04:45.561,0.8411,0.8412,1.00,1.00
2016.02.03 15:04:46.140,0.84107,0.84124,2.25,1.75
2016.02.03 15:04:46.243,0.84106,0.8412,1.50,1.57
2016.02.03 15:04:46.294,0.84102,0.84118,1.85,1.75
2016.02.03 15:04:46.447,0.84107,0.84118,1.37,1.50
2016.02.03 15:04:46.498,0.84107,0.84122,1.75,1.50
2016.02.03 15:04:46.549,0.84107,0.84121,1.75,1.10
2016.02.03 15:04:46.651,0.84107,0.8412,1.75,1.12
2016.02.03 15:04:46.753,0.84107,0.84117,1.00,1.10
2016.02.03 15:04:46.854,0.84102,0.84117,2.25,1.50
2016.02.03 15:04:47.280,0.84105,0.84116,1.00,1.65
2016.02.03 15:04:47.534,0.841,0.84116,3.15,2.32
2016.02.03 15:04:47.851,0.84105,0.84118,3.00,1.12
2016.02.03 15:04:47.903,0.84105,0.8412,3.75,1.57
2016.02.03 15:04:47.954,0.84108,0.8412,1.00,1.57
2016.02.03 15:04:48.157,0.84101,0.84118,3.14,1.50
2016.02.03 15:04:48.413,0.84106,0.84115,1.00,1.00
2016.02.03 15:04:48.880,0.84105,0.84119,1.75,1.37
2016.02.03 15:04:48.982,0.841,0.84116,3.14,1.00
2016.02.03 15:04:49.084,0.841,0.84116,1.89,1.75
2016.02.03 15:04:49.388,0.84098,0.84112,2.32,1.57
2016.02.03 15:04:49.591,0.84098,0.8411,1.50,1.75
2016.02.03 15:04:49.799,0.84089,0.84105,1.75,1.50
2016.02.03 15:04:49.902,0.84088,0.84105,2.25,1.75
2016.02.03 15:04:50.208,0.84096,0.84114,3.75,1.75
2016.02.03 15:04:50.259,0.841,0.84114,1.00,3.00
2016.02.03 15:04:50.669,0.84096,0.84112,1.50,1.75
2016.02.03 15:04:50.772,0.84092,0.8411,4.12,1.75
2016.02.03 15:04:50.874,0.84095,0.84105,1.00,1.00
2016.02.03 15:04:51.178,0.84093,0.84106,1.12,1.95
2016.02.03 15:04:51.527,0.84088,0.84094,1.00,1.37
2016.02.03 15:04:51.629,0.8408,0.84089,1.12,1.37
2016.02.03 15:04:51.680,0.84077,0.84081,1.12,1.10
2016.02.03 15:04:51.732,0.84075,0.84081,1.00,1.20
2016.02.03 15:04:51.783,0.84074,0.84079,1.37,1.00
2016.02.03 15:04:51.836,0.84072,0.84079,1.37,1.82
2016.02.03 15:04:51.887,0.8407,0.84079,1.12,1.50
2016.02.03 15:04:51.938,0.84064,0.84079,1.00,1.50
2016.02.03 15:04:52.161,0.84064,0.8408,1.87,2.70
2016.02.03 15:04:52.313,0.84064,0.8408,1.50,2.70
2016.02.03 15:04:52.366,0.84064,0.8408,1.50,1.20
2016.02.03 15:04:52.773,0.84063,0.84078,1.50,1.85
2016.02.03 15:04:52.876,0.84062,0.84074,1.00,2.32
2016.02.03 15:04:52.977,0.84058,0.84074,1.75,3.07
2016.02.03 15:04:53.029,0.84062,0.84074,1.00,3.37
2016.02.03 15:04:53.538,0.84059,0.84072,1.50,2.20
2016.02.03 15:04:53.640,0.84062,0.84072,1.00,2.20
2016.02.03 15:04:53.844,0.84057,0.84072,1.12,2.20
2016.02.03 15:04:54.110,0.84055,0.84068,1.75,1.50
2016.02.03 15:04:54.212,0.84055,0.84068,1.87,1.95
2016.02.03 15:04:54.618,0.84058,0.84068,1.00,1.00
2016.02.03 15:04:54.953,0.8407,0.8408,2.25,1.00
2016.02.03 15:04:55.208,0.84073,0.8409,1.75,1.12
2016.02.03 15:04:55.310,0.84076,0.84091,1.75,1.75
2016.02.03 15:04:55.615,0.84079,0.84095,1.75,2.25
2016.02.03 15:04:55.979,0.84079,0.84089,1.00,1.00
2016.02.03 15:04:56.233,0.84075,0.84085,1.75,1.00
2016.02.03 15:04:56.284,0.84075,0.84087,2.25,1.00
2016.02.03 15:04:56.437,0.84077,0.8409,1.87,1.50
2016.02.03 15:04:56.489,0.84077,0.84091,3.37,1.12
2016.02.03 15:04:56.807,0.84083,0.84094,1.12,1.50
2016.02.03 15:04:56.909,0.84084,0.84095,1.00,1.00
2016.02.03 15:04:56.960,0.84084,0.84089,1.50,1.00
2016.02.03 15:04:57.062,0.84085,0.84095,1.00,1.00
2016.02.03 15:04:57.113,0.84086,0.84098,1.50,1.50
2016.02.03 15:04:57.626,0.84086,0.84096,1.75,1.00
2016.02.03 15:04:57.930,0.84085,0.84096,1.75,1.00
2016.02.03 15:04:57.981,0.84085,0.84099,1.75,1.50
2016.02.03 15:04:58.307,0.84086,0.841,1.75,1.50
2016.02.03 15:04:58.816,0.84085,0.84101,3.00,2.25
2016.02.03 15:04:59.336,0.84085,0.841,1.75,1.50
2016.02.03 15:04:59.844,0.84088,0.84098,1.00,1.00
2016.02.03 15:05:00.387,0.84087,0.84098,1.00,2.25
2016.02.03 15:05:01.012,0.84082,0.84097,2.25,1.50
2016.02.03 15:05:02.327,0.84083,0.84097,1.75,2.25
2016.02.03 15:05:02.429,0.84082,0.84093,1.50,1.00
2016.02.03 15:05:02.531,0.84082,0.84094,1.00,1.75
2016.02.03 15:05:02.683,0.84074,0.84086,1.00,2.25
2016.02.03 15:05:02.734,0.84074,0.84086,1.00,3.75
2016.02.03 15:05:03.107,0.84069,0.84084,1.87,3.00
2016.02.03 15:05:03.726,0.84067,0.84081,1.12,2.70
2016.02.03 15:05:03.777,0.84067,0.84074,1.12,1.57
2016.02.03 15:05:04.006,0.84058,0.84068,1.00,1.75
2016.02.03 15:05:04.317,0.84054,0.84066,1.75,1.20
2016.02.03 15:05:04.370,0.84053,0.84064,1.75,1.10
2016.02.03 15:05:04.425,0.84054,0.84064,1.00,1.57
2016.02.03 15:05:04.479,0.84054,0.84059,1.00,1.12
2016.02.03 15:05:04.690,0.84048,0.8406,1.50,1.27
2016.02.03 15:05:04.742,0.84049,0.84061,1.87,2.25
2016.02.03 15:05:04.846,0.84049,0.8406,1.12,1.20
2016.02.03 15:05:04.948,0.84045,0.84059,1.50,2.25
2016.02.03 15:05:04.999,0.84045,0.84057,1.12,2.25
2016.02.03 15:05:05.204,0.84045,0.84055,1.00,1.00
2016.02.03 15:05:05.370,0.84043,0.84057,1.00,1.12
2016.02.03 15:05:05.676,0.84042,0.84053,1.12,1.95
2016.02.03 15:05:05.727,0.84042,0.84053,1.50,1.50
2016.02.03 15:05:05.828,0.84042,0.84055,2.32,1.50
2016.02.03 15:05:05.931,0.84044,0.84059,3.75,1.10
2016.02.03 15:05:06.144,0.84051,0.8406,1.00,1.00
2016.02.03 15:05:06.450,0.84049,0.84059,1.50,1.00
2016.02.03 15:05:06.654,0.84046,0.84057,1.75,1.12
2016.02.03 15:05:06.965,0.84041,0.8405,1.00,1.75
2016.02.03 15:05:07.067,0.84037,0.8405,1.37,1.75
2016.02.03 15:05:07.321,0.84042,0.84051,1.10,1.00
2016.02.03 15:05:07.424,0.84046,0.84056,1.00,1.87
2016.02.03 15:05:07.834,0.84044,0.84056,1.12,1.75
2016.02.03 15:05:08.037,0.84043,0.84056,1.75,1.12
2016.02.03 15:05:08.241,0.84048,0.84058,1.00,1.00
2016.02.03 15:05:08.559,0.8405,0.84059,1.12,3.00
2016.02.03 15:05:08.674,0.84051,0.84064,1.75,1.00
2016.02.03 15:05:08.830,0.84056,0.84068,1.75,1.00
2016.02.03 15:05:09.186,0.8406,0.84064,1.00,3.00
2016.02.03 15:05:09.288,0.8406,0.84069,1.00,1.00
2016.02.03 15:05:09.544,0.8406,0.84074,1.50,2.32
2016.02.03 15:05:09.647,0.8406,0.84073,1.75,1.12
2016.02.03 15:05:09.951,0.84057,0.84065,1.75,1.00
2016.02.03 15:05:10.104,0.84057,0.84062,1.50,1.00
2016.02.03 15:05:10.155,0.84057,0.84066,1.75,1.50
2016.02.03 15:05:10.702,0.8406,0.84072,1.00,3.00
2016.02.03 15:05:11.209,0.84059,0.84071,1.10,2.25
2016.02.03 15:05:11.261,0.84059,0.84071,1.37,2.25
2016.02.03 15:05:11.763,0.8406,0.84073,1.12,1.75
2016.02.03 15:05:11.966,0.84062,0.84072,1.12,1.00
2016.02.03 15:05:12.475,0.84063,0.8407,1.00,1.00
2016.02.03 15:05:12.762,0.84051,0.84061,1.50,1.10
2016.02.03 15:05:12.864,0.84047,0.84062,1.50,3.07
2016.02.03 15:05:13.168,0.84054,0.84059,1.87,1.00
2016.02.03 15:05:13.270,0.84056,0.84068,1.20,2.32
2016.02.03 15:05:13.378,0.8406,0.8407,1.00,1.50
2016.02.03 15:05:13.582,0.84061,0.84067,1.00,1.00
2016.02.03 15:05:13.633,0.84061,0.84071,1.00,1.00
2016.02.03 15:05:13.735,0.84061,0.84066,1.00,1.00
2016.02.03 15:05:13.888,0.84061,0.84069,1.00,1.00
2016.02.03 15:05:14.389,0.84055,0.84069,2.70,1.50
2016.02.03 15:05:14.440,0.8406,0.84066,1.00,1.00
2016.02.03 15:05:14.696,0.84053,0.84066,1.75,1.87
2016.02.03 15:05:14.797,0.84052,0.84066,1.12,1.00
2016.02.03 15:05:15.102,0.84052,0.84063,1.12,1.00
2016.02.03 15:05:15.267,0.84053,0.84066,1.50,1.95
2016.02.03 15:05:15.472,0.84053,0.84067,2.32,1.87
2016.02.03 15:05:15.779,0.84057,0.84068,1.85,1.00
2016.02.03 15:05:15.830,0.84057,0.8407,1.95,1.12
2016.02.03 15:05:15.881,0.84057,0.84072,1.65,1.75
2016.02.03 15:05:15.983,0.84057,0.84071,2.02,1.50
2016.02.03 15:05:16.294,0.8406,0.8407,1.00,1.75
2016.02.03 15:05:16.447,0.84058,0.84069,1.50,2.25
2016.02.03 15:05:16.549,0.84057,0.84069,1.00,2.25
2016.02.03 15:05:16.856,0.84055,0.84067,1.00,2.25
2016.02.03 15:05:17.083,0.84055,0.84068,1.00,2.25
2016.02.03 15:05:17.643,0.84053,0.84067,2.77,1.75
2016.02.03 15:05:18.089,0.84054,0.84065,1.95,1.00
2016.02.03 15:05:18.191,0.84057,0.84065,1.10,1.00
2016.02.03 15:05:18.295,0.84057,0.84071,1.95,1.75
2016.02.03 15:05:18.346,0.8406,0.84071,1.00,1.75
2016.02.03 15:05:18.499,0.84062,0.84073,1.00,1.75
2016.02.03 15:05:18.912,0.84059,0.84069,1.87,1.00
2016.02.03 15:05:19.064,0.8406,0.84074,1.37,2.32
2016.02.03 15:05:19.369,0.84062,0.84072,1.20,1.12
2016.02.03 15:05:19.420,0.84065,0.84074,1.00,1.75
2016.02.03 15:05:19.751,0.8407,0.84074,1.00,1.00
2016.02.03 15:05:20.005,0.8407,0.84078,1.00,1.50
2016.02.03 15:05:20.210,0.8407,0.84079,1.00,1.50
2016.02.03 15:05:20.414,0.84072,0.84082,1.00,2.25
2016.02.03 15:05:20.597,0.8407,0.84082,1.85,1.12
2016.02.03 15:05:20.750,0.84074,0.84083,1.10,1.00
2016.02.03 15:05:21.058,0.84076,0.84081,1.50,1.00
2016.02.03 15:05:21.109,0.84078,0.84085,1.00,1.12
2016.02.03 15:05:21.262,0.84078,0.84087,1.57,1.12
2016.02.03 15:05:21.513,0.84077,0.84085,1.20,1.50
2016.02.03 15:05:21.615,0.84074,0.84085,1.87,1.50
2016.02.03 15:05:21.717,0.84074,0.84083,1.50,1.00
2016.02.03 15:05:22.021,0.84074,0.84084,1.87,1.00
2016.02.03 15:05:22.539,0.84073,0.84084,2.25,1.00
2016.02.03 15:05:22.590,0.84072,0.84084,2.25,1.00
2016.02.03 15:05:22.641,0.84072,0.84082,1.75,1.00
2016.02.03 15:05:22.693,0.84072,0.84082,1.50,1.00
2016.02.03 15:05:22.794,0.84071,0.84082,2.25,1.00
2016.02.03 15:05:22.896,0.84067,0.8408,1.75,1.50
2016.02.03 15:05:22.998,0.84067,0.84079,1.50,1.50
2016.02.03 15:05:23.100,0.84067,0.84079,2.25,1.12
2016.02.03 15:05:23.268,0.84068,0.84079,1.12,1.75
2016.02.03 15:05:23.320,0.84065,0.84077,3.75,1.50
2016.02.03 15:05:23.856,0.84063,0.84074,2.02,1.00
2016.02.03 15:05:24.206,0.84062,0.8407,1.00,1.75
2016.02.03 15:05:24.257,0.8406,0.84069,1.87,1.87
2016.02.03 15:05:24.308,0.8406,0.84067,1.50,1.75
2016.02.03 15:05:24.410,0.84056,0.84069,2.25,1.10
2016.02.03 15:05:24.462,0.84056,0.84069,3.00,1.50
2016.02.03 15:05:24.665,0.84062,0.84072,1.00,2.70
2016.02.03 15:05:24.818,0.84061,0.84073,1.75,1.45
2016.02.03 15:05:25.141,0.84064,0.84073,1.00,1.87
2016.02.03 15:05:25.192,0.8406,0.8407,1.75,1.10
2016.02.03 15:05:25.243,0.84057,0.84062,1.50,1.00
2016.02.03 15:05:25.294,0.84054,0.8406,3.00,1.75
2016.02.03 15:05:25.446,0.84048,0.8406,1.75,1.47
2016.02.03 15:05:25.548,0.84054,0.84059,1.00,1.00
2016.02.03 15:05:25.701,0.84055,0.84062,1.00,1.95
2016.02.03 15:05:25.803,0.84055,0.84064,1.87,1.87
2016.02.03 15:05:25.905,0.84055,0.84067,1.75,3.37
2016.02.03 15:05:26.414,0.84063,0.84069,1.00,1.00
2016.02.03 15:05:26.692,0.84067,0.84075,1.00,1.00
2016.02.03 15:05:26.743,0.84067,0.84071,1.00,1.00
2016.02.03 15:05:26.845,0.84064,0.84075,1.75,1.00
2016.02.03 15:05:26.998,0.8406,0.84075,2.25,1.75
2016.02.03 15:05:27.302,0.8406,0.84072,1.75,1.50
2016.02.03 15:05:27.620,0.84065,0.84071,1.00,1.47
2016.02.03 15:05:27.671,0.84065,0.84072,1.00,1.57
2016.02.03 15:05:27.823,0.84062,0.84073,1.75,1.00
2016.02.03 15:05:28.281,0.84063,0.84076,2.25,2.25
2016.02.03 15:05:28.590,0.84067,0.84077,1.85,1.00
2016.02.03 15:05:28.846,0.84071,0.84079,1.00,1.00
2016.02.03 15:05:29.159,0.84067,0.84077,1.95,1.00
2016.02.03 15:05:29.464,0.84068,0.8408,2.32,1.37
2016.02.03 15:05:29.618,0.84069,0.8408,1.75,1.00
2016.02.03 15:05:29.923,0.8407,0.8408,3.00,1.00
2016.02.03 15:05:30.242,0.84058,0.84072,1.12,1.95
2016.02.03 15:05:30.293,0.84058,0.84072,1.50,1.87
2016.02.03 15:05:30.597,0.84062,0.84069,1.00,1.57
2016.02.03 15:05:30.648,0.84055,0.84069,1.75,3.07
2016.02.03 15:05:30.750,0.84056,0.84066,1.00,1.00
2016.02.03 15:05:30.928,0.84059,0.84065,1.50,1.12
2016.02.03 15:05:31.030,0.84049,0.84064,1.75,3.07
2016.02.03 15:05:31.081,0.84048,0.84062,2.25,2.62
2016.02.03 15:05:31.132,0.84046,0.84059,1.75,1.20
2016.02.03 15:05:31.335,0.84045,0.8406,1.75,2.25
2016.02.03 15:05:31.436,0.8405,0.8406,1.00,2.70
2016.02.03 15:05:31.640,0.84045,0.84058,1.37,2.25
2016.02.03 15:05:31.742,0.84048,0.84054,1.50,1.50
2016.02.03 15:05:31.844,0.84044,0.84053,1.00,1.10
2016.02.03 15:05:32.150,0.84045,0.84055,1.50,1.00
2016.02.03 15:05:32.406,0.84045,0.84058,3.82,1.57
2016.02.03 15:05:32.458,0.84046,0.84059,2.25,1.10
2016.02.03 15:05:32.509,0.84055,0.84061,1.00,1.10
2016.02.03 15:05:32.821,0.84057,0.84068,1.75,1.20
2016.02.03 15:05:32.923,0.84052,0.84067,2.40,2.25
2016.02.03 15:05:32.974,0.84052,0.84062,1.85,1.00
2016.02.03 15:05:33.492,0.8405,0.84062,2.25,1.12
2016.02.03 15:05:33.544,0.8405,0.8406,2.25,1.10
2016.02.03 15:05:33.598,0.8405,0.8406,2.25,1.50
2016.02.03 15:05:33.649,0.84052,0.84059,1.50,1.45
2016.02.03 15:05:33.700,0.8405,0.84058,2.25,1.85
2016.02.03 15:05:33.853,0.84046,0.84052,1.00,1.10
2016.02.03 15:05:34.488,0.84046,0.84052,2.25,1.50
2016.02.03 15:05:34.540,0.84037,0.8405,2.25,1.47
2016.02.03 15:05:34.591,0.84037,0.84049,2.25,1.87
2016.02.03 15:05:35.047,0.84036,0.84048,2.25,1.12
2016.02.03 15:05:35.920,0.84034,0.84047,1.75,1.87
2016.02.03 15:05:36.440,0.84034,0.84045,3.00,1.00
2016.02.03 15:05:36.948,0.84033,0.84048,3.75,1.45
2016.02.03 15:05:37.460,0.8404,0.84049,1.12,1.47
2016.02.03 15:05:37.511,0.8404,0.8405,1.12,1.87
2016.02.03 15:05:37.562,0.84039,0.84052,1.75,2.32
2016.02.03 15:05:38.070,0.84042,0.84052,1.00,1.10
2016.02.03 15:05:38.446,0.84039,0.84054,2.25,1.95
2016.02.03 15:05:38.752,0.84045,0.84056,1.75,1.00
2016.02.03 15:05:38.855,0.84045,0.84056,3.00,1.00
2016.02.03 15:05:38.906,0.84045,0.84059,3.82,1.12
2016.02.03 15:05:39.779,0.84048,0.84061,2.25,1.07
2016.02.03 15:05:39.993,0.8405,0.84062,1.50,1.27
2016.02.03 15:05:40.044,0.8405,0.84062,1.75,1.20
2016.02.03 15:05:40.146,0.84052,0.84062,1.00,1.20
2016.02.03 15:05:40.248,0.8405,0.8406,1.00,1.00
2016.02.03 15:05:40.654,0.8405,0.84063,1.50,2.25
2016.02.03 15:05:41.035,0.8405,0.84062,1.75,1.20
2016.02.03 15:05:41.340,0.84055,0.84065,2.25,1.95
2016.02.03 15:05:41.649,0.84069,0.84075,1.50,4.50
2016.02.03 15:05:41.804,0.84072,0.84076,1.00,1.12
2016.02.03 15:05:41.906,0.84073,0.84078,1.00,1.00
2016.02.03 15:05:42.110,0.84067,0.84081,1.12,1.87
2016.02.03 15:05:42.161,0.84069,0.84081,2.25,1.95
2016.02.03 15:05:42.263,0.84069,0.84082,2.25,1.95
2016.02.03 15:05:42.365,0.84071,0.84075,1.00,1.00
2016.02.03 15:05:42.488,0.84071,0.84082,1.50,1.95
2016.02.03 15:05:42.540,0.84071,0.84083,1.75,2.25
2016.02.03 15:05:42.845,0.84069,0.84079,2.25,1.00
2016.02.03 15:05:43.150,0.84071,0.84079,1.75,1.00
2016.02.03 15:05:43.529,0.84071,0.84084,2.25,1.45
2016.02.03 15:05:43.732,0.84075,0.84079,1.00,1.00
2016.02.03 15:05:43.783,0.84077,0.84087,1.00,1.50
2016.02.03 15:05:43.887,0.84074,0.84087,2.25,1.87
2016.02.03 15:05:43.989,0.84077,0.84086,1.00,1.47
2016.02.03 15:05:44.091,0.84075,0.8408,1.00,1.00
2016.02.03 15:05:44.247,0.84073,0.84086,2.25,1.57
2016.02.03 15:05:44.299,0.84074,0.84083,1.75,1.47
2016.02.03 15:05:44.556,0.84073,0.84081,1.75,1.37
2016.02.03 15:05:44.659,0.8407,0.84082,1.75,1.37
2016.02.03 15:05:44.711,0.84069,0.84078,1.75,1.37
2016.02.03 15:05:45.610,0.84072,0.84077,1.00,1.37
2016.02.03 15:05:45.864,0.84071,0.84078,1.00,1.37
2016.02.03 15:05:46.390,0.84071,0.84077,1.00,1.37
2016.02.03 15:05:46.493,0.84072,0.84077,1.00,1.37
2016.02.03 15:05:46.697,0.84069,0.8408,1.75,1.37
2016.02.03 15:05:46.799,0.84067,0.84079,3.00,1.37
2016.02.03 15:05:46.901,0.84067,0.84077,2.25,1.37
2016.02.03 15:05:47.215,0.84068,0.84077,2.25,1.37
2016.02.03 15:05:47.420,0.84068,0.84079,3.75,1.37
2016.02.03 15:05:47.833,0.8407,0.84079,3.75,1.37
2016.02.03 15:05:48.037,0.84073,0.84081,1.75,1.37
2016.02.03 15:05:48.191,0.84076,0.84081,1.00,1.37
2016.02.03 15:05:48.345,0.84078,0.84086,1.50,1.20
2016.02.03 15:05:48.396,0.84078,0.84087,3.00,1.07
2016.02.03 15:05:48.498,0.84083,0.84088,1.00,1.20
2016.02.03 15:05:48.981,0.84081,0.8409,1.75,1.45
2016.02.03 15:05:49.287,0.84083,0.84092,1.75,1.47
2016.02.03 15:05:49.569,0.84082,0.84092,1.75,1.47
2016.02.03 15:05:49.620,0.84084,0.84092,1.37,1.47
2016.02.03 15:05:49.926,0.84086,0.84097,1.75,1.57
2016.02.03 15:05:49.978,0.84087,0.84097,1.75,1.57
2016.02.03 15:05:50.386,0.84091,0.84098,1.50,1.47
2016.02.03 15:05:50.648,0.84097,0.84102,1.50,1.37
2016.02.03 15:05:50.750,0.84097,0.84105,1.50,1.57
2016.02.03 15:05:50.801,0.84097,0.84105,1.50,1.57
2016.02.03 15:05:50.954,0.84096,0.84107,2.25,1.57
2016.02.03 15:05:51.157,0.84097,0.84109,1.75,1.57
2016.02.03 15:05:51.227,0.84102,0.84109,1.37,1.57
2016.02.03 15:05:51.483,0.84107,0.84117,1.50,1.57
2016.02.03 15:05:51.534,0.84114,0.84121,1.00,1.20
2016.02.03 15:05:51.585,0.84114,0.84122,1.12,1.57
2016.02.03 15:05:51.637,0.84121,0.84125,1.00,2.25
2016.02.03 15:05:51.840,0.84123,0.84135,1.00,1.20
2016.02.03 15:05:51.891,0.84126,0.84137,1.37,1.12
2016.02.03 15:05:52.096,0.84126,0.84134,1.00,1.87
2016.02.03 15:05:52.147,0.84124,0.84134,1.50,1.87
2016.02.03 15:05:52.198,0.84124,0.84133,1.50,1.20
2016.02.03 15:05:52.505,0.84126,0.84135,1.37,1.47
2016.02.03 15:05:52.607,0.84126,0.84136,2.25,1.47
2016.02.03 15:05:52.921,0.8413,0.84141,1.87,3.37
2016.02.03 15:05:52.972,0.84132,0.84141,1.37,2.25
2016.02.03 15:05:53.278,0.84137,0.84144,1.50,1.20
2016.02.03 15:05:53.381,0.84137,0.84143,1.12,1.10
2016.02.03 15:05:53.651,0.84141,0.84147,1.37,1.37
2016.02.03 15:05:53.905,0.84142,0.8415,1.50,1.37
2016.02.03 15:05:53.956,0.84142,0.84147,1.50,1.00
2016.02.03 15:05:54.008,0.84142,0.84146,1.00,1.00
2016.02.03 15:05:54.060,0.84142,0.84152,1.00,1.37
2016.02.03 15:05:54.162,0.84142,0.84154,1.00,1.07
2016.02.03 15:05:54.315,0.84142,0.84151,1.00,1.00
2016.02.03 15:05:54.488,0.84143,0.84153,1.00,1.10
2016.02.03 15:05:54.539,0.84143,0.84149,1.00,1.00
2016.02.03 15:05:54.642,0.84141,0.8415,1.00,1.00
2016.02.03 15:05:54.948,0.8414,0.84149,1.00,1.47
2016.02.03 15:05:55.266,0.84135,0.84146,1.00,1.47
2016.02.03 15:05:55.520,0.84133,0.84146,2.25,1.47
2016.02.03 15:05:55.672,0.84136,0.84145,1.00,1.50
2016.02.03 15:05:56.241,0.84136,0.84147,1.00,1.57
2016.02.03 15:05:56.395,0.84134,0.84147,1.00,2.32
2016.02.03 15:05:56.446,0.84133,0.84145,1.12,1.37
2016.02.03 15:05:56.811,0.84121,0.8413,1.00,1.00
2016.02.03 15:05:57.116,0.84116,0.84126,1.87,1.00
2016.02.03 15:05:57.321,0.84116,0.84126,1.12,1.12
2016.02.03 15:05:57.423,0.84116,0.84126,1.37,1.00
2016.02.03 15:05:57.652,0.84116,0.84128,1.37,1.00
2016.02.03 15:05:57.703,0.84116,0.84129,2.62,1.37
2016.02.03 15:05:58.008,0.84126,0.84133,1.12,1.12
2016.02.03 15:05:58.110,0.84126,0.84132,1.00,1.85
2016.02.03 15:05:58.161,0.84119,0.8413,1.75,1.10
2016.02.03 15:05:58.212,0.84119,0.84131,1.50,2.25
2016.02.03 15:05:58.393,0.84117,0.8413,2.25,1.37
2016.02.03 15:05:58.444,0.84117,0.84129,2.25,1.75
2016.02.03 15:05:58.850,0.84115,0.84127,1.12,1.12
2016.02.03 15:05:59.182,0.84114,0.84122,1.00,1.00
2016.02.03 15:05:59.539,0.84114,0.84126,1.37,1.47
2016.02.03 15:05:59.743,0.84119,0.84132,1.00,2.32
2016.02.03 15:05:59.846,0.84119,0.84131,1.37,1.47
2016.02.03 15:05:59.940,0.8412,0.84132,1.00,1.12
2016.02.03 15:06:00.448,0.84116,0.84129,1.75,1.95
2016.02.03 15:06:00.499,0.84117,0.84127,1.00,1.00
2016.02.03 15:06:00.551,0.84116,0.84128,1.37,1.20
2016.02.03 15:06:00.808,0.84114,0.84127,1.50,1.12
2016.02.03 15:06:00.962,0.84114,0.84124,1.00,1.37
2016.02.03 15:06:01.269,0.8411,0.84121,1.00,1.37
2016.02.03 15:06:01.841,0.84111,0.84121,1.00,1.20
2016.02.03 15:06:02.098,0.84083,0.84098,1.00,1.12
2016.02.03 15:06:02.200,0.84072,0.84081,18.54,1.75
2016.02.03 15:06:02.251,0.84073,0.84078,1.00,1.12
2016.02.03 15:06:02.302,0.8407,0.84076,3.37,1.50
2016.02.03 15:06:02.354,0.84068,0.84076,1.37,1.50
2016.02.03 15:06:02.468,0.84061,0.84072,1.00,1.00
2016.02.03 15:06:02.522,0.84056,0.84065,1.12,1.75
2016.02.03 15:06:02.573,0.84051,0.84065,1.75,1.75
2016.02.03 15:06:02.625,0.84051,0.84062,1.50,1.12
2016.02.03 15:06:02.677,0.8405,0.84062,1.50,1.12
2016.02.03 15:06:02.829,0.84052,0.84066,1.87,1.45
2016.02.03 15:06:02.881,0.84056,0.84067,1.00,1.12
2016.02.03 15:06:03.189,0.84052,0.84071,2.62,2.62
2016.02.03 15:06:03.240,0.84052,0.84071,3.37,2.62
2016.02.03 15:06:03.547,0.84067,0.8408,1.87,1.75
2016.02.03 15:06:03.599,0.84067,0.8408,1.95,1.00
2016.02.03 15:06:03.651,0.84069,0.84086,1.50,1.95
2016.02.03 15:06:03.753,0.84068,0.84083,1.50,1.10
2016.02.03 15:06:03.969,0.84061,0.84078,2.20,1.10
2016.02.03 15:06:04.071,0.84061,0.84077,1.57,1.75
2016.02.03 15:06:04.173,0.84056,0.84071,2.40,1.12
2016.02.03 15:06:04.275,0.84055,0.84071,1.20,1.57
2016.02.03 15:06:04.695,0.84058,0.84074,1.00,1.50
2016.02.03 15:06:04.797,0.84061,0.84074,1.00,1.45
2016.02.03 15:06:04.899,0.84057,0.84075,1.20,1.87
2016.02.03 15:06:04.950,0.8406,0.84076,1.00,1.50
2016.02.03 15:06:05.255,0.84064,0.84076,1.00,1.07
2016.02.03 15:06:05.356,0.84058,0.84075,2.70,1.10
2016.02.03 15:06:05.458,0.8406,0.84076,1.00,1.76
2016.02.03 15:06:05.596,0.8406,0.84075,1.00,2.89
2016.02.03 15:06:05.952,0.8406,0.84075,1.50,1.46
2016.02.03 15:06:06.155,0.84064,0.84076,1.00,1.12
2016.02.03 15:06:06.258,0.84067,0.84079,1.00,1.20
2016.02.03 15:06:06.778,0.84066,0.8408,1.00,1.20
2016.02.03 15:06:06.830,0.84064,0.8408,1.12,1.20
2016.02.03 15:06:07.338,0.84065,0.84078,1.12,1.00
2016.02.03 15:06:07.445,0.84065,0.8408,3.00,1.20
2016.02.03 15:06:07.497,0.8407,0.84081,1.00,1.50
2016.02.03 15:06:07.803,0.84064,0.84076,1.00,1.20
2016.02.03 15:06:07.905,0.8406,0.84074,2.25,1.47
2016.02.03 15:06:08.413,0.84062,0.84074,1.00,1.12
2016.02.03 15:06:08.719,0.84059,0.84073,1.12,1.50
2016.02.03 15:06:08.974,0.84062,0.84073,1.00,1.07
2016.02.03 15:06:09.285,0.84062,0.84072,1.00,1.20
2016.02.03 15:06:09.337,0.84062,0.84072,1.00,1.45
2016.02.03 15:06:09.388,0.84058,0.84073,1.37,1.87
2016.02.03 15:06:09.692,0.84061,0.84073,1.00,1.07
2016.02.03 15:06:09.998,0.84059,0.84073,1.00,1.50
2016.02.03 15:06:10.049,0.84057,0.84073,1.87,1.50
2016.02.03 15:06:10.228,0.84057,0.84072,1.12,1.50
2016.02.03 15:06:10.533,0.84052,0.84065,1.37,1.75
2016.02.03 15:06:10.895,0.84052,0.84059,1.50,1.50
2016.02.03 15:06:11.100,0.84051,0.84061,1.00,1.07
2016.02.03 15:06:11.408,0.84056,0.84061,1.00,1.57
2016.02.03 15:06:11.816,0.84052,0.84062,1.00,1.07
2016.02.03 15:06:12.021,0.84056,0.84064,1.00,1.47
2016.02.03 15:06:12.123,0.84055,0.84065,1.00,1.57
2016.02.03 15:06:12.328,0.84054,0.84066,1.00,1.10
2016.02.03 15:06:12.482,0.84056,0.84066,1.10,1.00
2016.02.03 15:06:12.790,0.84066,0.84078,1.50,1.10
2016.02.03 15:06:12.892,0.84068,0.8408,1.12,1.50
2016.02.03 15:06:12.944,0.84068,0.8408,1.12,1.00
2016.02.03 15:06:13.046,0.84068,0.84075,1.87,1.00
2016.02.03 15:06:13.262,0.84064,0.84077,2.25,1.12
2016.02.03 15:06:13.314,0.84062,0.84074,1.87,1.00
2016.02.03 15:06:13.365,0.84062,0.8407,1.87,1.00
2016.02.03 15:06:13.468,0.84061,0.84074,1.87,1.50
2016.02.03 15:06:13.624,0.8406,0.84071,4.20,1.00
2016.02.03 15:06:13.878,0.84056,0.84068,1.50,1.50
2016.02.03 15:06:14.095,0.84057,0.84066,1.00,1.12
2016.02.03 15:06:14.197,0.84054,0.84065,1.00,1.12
2016.02.03 15:06:14.248,0.84054,0.84066,1.00,1.37
