2014.01.30 09:00:00.443,0.89426,0.89436,2.70,1.00
2014.01.30 09:00:00.998,0.89426,0.89436,2.70,1.00
2014.01.30 09:00:01.407,0.89427,0.89439,2.70,1.35
2014.01.30 09:00:01.458,0.89427,0.89436,2.70,1.00
2014.01.30 09:00:01.761,0.89424,0.89434,2.70,1.00
2014.01.30 09:00:02.118,0.89425,0.89433,1.88,1.00
2014.01.30 09:00:02.169,0.89425,0.89437,1.88,1.10
2014.01.30 09:00:02.321,0.89427,0.89437,1.13,1.10
2014.01.30 09:00:02.675,0.89427,0.89439,2.63,2.33
2014.01.30 09:00:02.726,0.89427,0.89441,2.78,3.08
2014.01.30 09:00:02.918,0.89428,0.89441,2.70,1.00
2014.01.30 09:00:03.077,0.89428,0.89438,2.70,1.00
2014.01.30 09:00:03.179,0.89429,0.89441,1.55,1.60
2014.01.30 09:00:03.687,0.89429,0.8944,1.38,1.10
2014.01.30 09:00:04.206,0.89429,0.89439,1.55,1.00
2014.01.30 09:00:04.257,0.89429,0.89441,1.28,1.13
2014.01.30 09:00:04.676,0.89431,0.89442,1.38,4.50
2014.01.30 09:00:04.979,0.89431,0.89445,1.55,2.03
2014.01.30 09:00:05.388,0.89433,0.89442,1.00,1.00
2014.01.30 09:00:05.901,0.89433,0.89443,1.13,1.10
2014.01.30 09:00:06.386,0.89431,0.89443,1.20,1.28
2014.01.30 09:00:06.437,0.89431,0.89438,1.00,1.00
2014.01.30 09:00:06.792,0.89426,0.89438,2.70,1.13
2014.01.30 09:00:07.642,0.89426,0.89439,1.48,1.28
2014.01.30 09:00:08.163,0.89425,0.89439,1.18,2.03
2014.01.30 09:00:09.245,0.89425,0.89437,1.18,1.00
2014.01.30 09:00:09.399,0.89424,0.89435,3.45,1.00
2014.01.30 09:00:09.501,0.89424,0.89437,3.45,1.00
2014.01.30 09:00:09.603,0.89424,0.89435,3.08,1.00
2014.01.30 09:00:10.110,0.89424,0.89434,2.33,1.13
2014.01.30 09:00:10.415,0.8942,0.89433,2.70,1.00
2014.01.30 09:00:11.844,0.89419,0.89433,1.48,3.08
2014.01.30 09:00:12.043,0.89419,0.89433,1.48,3.08
2014.01.30 09:00:12.340,0.89419,0.8943,1.48,1.60
2014.01.30 09:00:12.644,0.89419,0.89428,1.13,2.33
2014.01.30 09:00:12.746,0.89419,0.8943,1.00,2.70
2014.01.30 09:00:12.903,0.89419,0.89432,1.38,3.08
2014.01.30 09:00:13.716,0.8942,0.89432,1.13,3.45
2014.01.30 09:00:13.919,0.89418,0.89431,1.20,1.65
2014.01.30 09:00:14.021,0.89418,0.89429,1.10,1.05
2014.01.30 09:00:14.223,0.89415,0.89427,2.25,2.70
2014.01.30 09:00:14.325,0.89417,0.89427,1.00,2.70
2014.01.30 09:00:14.427,0.89415,0.89426,1.00,1.28
2014.01.30 09:00:14.967,0.89414,0.89424,1.00,1.00
2014.01.30 09:00:15.492,0.89413,0.89424,1.00,1.28
2014.01.30 09:00:15.861,0.8941,0.8942,4.20,1.00
2014.01.30 09:00:16.114,0.89417,0.89427,1.35,2.70
2014.01.30 09:00:16.649,0.89417,0.89428,1.00,2.03
2014.01.30 09:00:17.174,0.89417,0.89428,1.95,1.10
2014.01.30 09:00:17.276,0.89419,0.89428,1.00,1.10
2014.01.30 09:00:17.828,0.89416,0.89429,2.03,2.03
2014.01.30 09:00:18.205,0.89416,0.89429,1.18,2.03
2014.01.30 09:00:18.712,0.89414,0.89426,2.33,1.38
2014.01.30 09:00:18.813,0.89413,0.89426,1.55,1.28
2014.01.30 09:00:18.915,0.89413,0.89426,1.18,1.55
2014.01.30 09:00:19.351,0.89415,0.89427,1.10,1.95
2014.01.30 09:00:19.502,0.89416,0.89427,1.58,1.48
2014.01.30 09:00:19.806,0.89416,0.89425,2.33,1.38
2014.01.30 09:00:20.133,0.89415,0.89424,1.10,1.38
2014.01.30 09:00:20.640,0.89415,0.89424,1.50,1.00
2014.01.30 09:00:20.979,0.89417,0.89427,1.00,1.28
2014.01.30 09:00:21.492,0.89417,0.89427,1.50,1.13
2014.01.30 09:00:21.997,0.89416,0.89425,1.00,1.00
2014.01.30 09:00:22.504,0.89415,0.89424,1.10,1.00
2014.01.30 09:00:23.111,0.89414,0.89425,1.38,3.08
2014.01.30 09:00:23.314,0.89414,0.89426,1.88,1.50
2014.01.30 09:00:24.281,0.89415,0.89426,1.13,1.18
2014.01.30 09:00:24.786,0.89415,0.89426,1.38,1.18
2014.01.30 09:00:25.227,0.89414,0.89426,1.88,2.03
2014.01.30 09:00:25.379,0.89414,0.89426,1.00,2.03
2014.01.30 09:00:25.683,0.89411,0.89423,1.18,1.48
2014.01.30 09:00:25.936,0.89409,0.89421,1.95,1.55
2014.01.30 09:00:26.450,0.89409,0.89421,4.20,1.38
2014.01.30 09:00:27.375,0.89412,0.89422,1.00,3.45
2014.01.30 09:00:27.881,0.89413,0.89422,1.00,3.45
2014.01.30 09:00:28.420,0.89413,0.89422,1.00,3.45
2014.01.30 09:00:28.470,0.89409,0.89422,2.33,3.45
2014.01.30 09:00:28.724,0.89409,0.89422,1.58,3.45
2014.01.30 09:00:29.028,0.89405,0.89417,2.33,1.38
2014.01.30 09:00:29.130,0.89404,0.89415,1.00,3.45
2014.01.30 09:00:29.181,0.89402,0.89413,1.10,1.48
2014.01.30 09:00:29.385,0.89399,0.89412,1.50,2.70
2014.01.30 09:00:29.892,0.89399,0.89412,3.08,1.48
2014.01.30 09:00:30.434,0.89402,0.89412,1.00,2.33
2014.01.30 09:00:30.738,0.894,0.89413,2.70,1.13
2014.01.30 09:00:31.320,0.89399,0.89413,3.45,3.00
2014.01.30 09:00:31.837,0.89402,0.89413,1.00,3.45
2014.01.30 09:00:32.141,0.89405,0.89414,1.00,1.38
2014.01.30 09:00:32.675,0.89402,0.89414,3.08,1.38
2014.01.30 09:00:33.223,0.89402,0.89414,1.18,1.48
2014.01.30 09:00:33.724,0.89401,0.89413,1.10,1.48
2014.01.30 09:00:34.254,0.89402,0.89414,1.00,1.55
2014.01.30 09:00:35.014,0.89402,0.89412,1.00,1.38
2014.01.30 09:00:35.570,0.894,0.89412,1.18,1.38
2014.01.30 09:00:35.874,0.89406,0.89415,1.95,3.38
2014.01.30 09:00:35.925,0.89407,0.89415,1.50,1.48
2014.01.30 09:00:36.230,0.89406,0.89417,1.00,1.38
2014.01.30 09:00:36.369,0.89405,0.89416,1.00,1.55
2014.01.30 09:00:36.470,0.89402,0.89414,1.10,1.05
2014.01.30 09:00:36.572,0.894,0.8941,3.08,3.23
2014.01.30 09:00:36.826,0.894,0.89412,1.10,1.80
2014.01.30 09:00:37.349,0.894,0.89411,1.10,1.98
2014.01.30 09:00:37.871,0.89398,0.89408,2.33,1.00
2014.01.30 09:00:37.973,0.89397,0.89408,1.18,1.38
2014.01.30 09:00:38.074,0.89398,0.89408,1.10,2.48
2014.01.30 09:00:38.378,0.89398,0.89408,2.70,2.10
2014.01.30 09:00:38.429,0.89399,0.89409,2.33,1.00
2014.01.30 09:00:38.682,0.894,0.89412,2.33,1.38
2014.01.30 09:00:39.191,0.894,0.89412,3.08,1.38
2014.01.30 09:00:40.198,0.894,0.89413,1.18,1.88
2014.01.30 09:00:40.452,0.89399,0.89411,2.33,1.38
2014.01.30 09:00:41.071,0.89401,0.89411,2.25,1.38
2014.01.30 09:00:41.224,0.89403,0.89414,2.33,1.38
2014.01.30 09:00:41.325,0.89404,0.89416,1.18,1.38
2014.01.30 09:00:41.679,0.89405,0.89416,2.33,1.38
2014.01.30 09:00:42.033,0.89407,0.89419,2.33,1.38
2014.01.30 09:00:42.495,0.89407,0.89417,2.33,1.38
2014.01.30 09:00:42.546,0.89405,0.89417,1.28,1.38
2014.01.30 09:00:42.699,0.89404,0.89417,3.83,1.88
2014.01.30 09:00:42.902,0.89404,0.89415,3.08,1.38
2014.01.30 09:00:43.364,0.89405,0.89416,1.18,1.38
2014.01.30 09:00:43.465,0.89406,0.89415,1.10,1.13
2014.01.30 09:00:43.618,0.89408,0.8942,1.00,2.70
2014.01.30 09:00:43.668,0.89409,0.8942,1.00,2.70
2014.01.30 09:00:44.023,0.8941,0.89421,2.25,2.70
2014.01.30 09:00:44.124,0.89408,0.89419,3.08,1.73
2014.01.30 09:00:44.479,0.89409,0.89421,2.33,1.38
2014.01.30 09:00:44.784,0.89411,0.89421,2.33,1.13
2014.01.30 09:00:45.087,0.89416,0.89428,3.08,1.88
2014.01.30 09:00:45.138,0.89418,0.89428,1.10,1.88
2014.01.30 09:00:45.258,0.89419,0.89431,2.25,2.55
2014.01.30 09:00:45.511,0.8942,0.89431,3.08,1.38
2014.01.30 09:00:46.049,0.8942,0.89433,3.08,2.63
2014.01.30 09:00:46.555,0.8942,0.89431,2.33,1.38
2014.01.30 09:00:47.087,0.8942,0.89431,1.18,1.38
2014.01.30 09:00:47.452,0.89422,0.89433,1.00,1.20
2014.01.30 09:00:47.503,0.89424,0.89433,2.25,1.13
2014.01.30 09:00:47.810,0.89429,0.89438,1.20,1.38
2014.01.30 09:00:48.323,0.89427,0.89438,2.33,1.38
2014.01.30 09:00:48.639,0.8943,0.89438,2.25,1.00
2014.01.30 09:00:48.690,0.89427,0.89438,3.08,1.38
2014.01.30 09:00:49.220,0.89427,0.89438,2.33,1.38
2014.01.30 09:00:50.269,0.89427,0.89438,2.33,1.38
2014.01.30 09:00:50.804,0.8943,0.89439,2.03,1.38
2014.01.30 09:00:50.956,0.89431,0.89443,2.33,1.98
2014.01.30 09:00:51.159,0.89432,0.89444,4.20,1.13
2014.01.30 09:00:51.209,0.89436,0.89445,1.00,1.38
2014.01.30 09:00:51.514,0.89436,0.89448,3.83,1.38
2014.01.30 09:00:51.780,0.89436,0.89448,4.20,1.13
2014.01.30 09:00:52.292,0.89436,0.89448,3.83,1.38
2014.01.30 09:00:54.219,0.8944,0.89448,1.00,1.38
2014.01.30 09:00:54.524,0.89436,0.89448,3.08,1.38
2014.01.30 09:00:55.041,0.89436,0.89448,1.18,2.08
2014.01.30 09:00:55.383,0.89433,0.89446,3.45,1.38
2014.01.30 09:00:55.841,0.89435,0.89447,3.00,1.48
2014.01.30 09:00:56.146,0.89433,0.89445,1.18,1.88
2014.01.30 09:00:56.580,0.89434,0.89446,2.25,1.88
2014.01.30 09:00:56.682,0.89433,0.89446,3.45,1.95
2014.01.30 09:00:57.221,0.89434,0.89446,2.33,1.88
2014.01.30 09:01:00.870,0.89434,0.89446,2.33,1.38
2014.01.30 09:01:01.376,0.89434,0.89446,2.33,1.38
2014.01.30 09:01:02.721,0.89434,0.89444,2.33,1.38
2014.01.30 09:01:02.977,0.89431,0.89439,1.65,1.00
2014.01.30 09:01:03.548,0.89431,0.8944,1.18,1.13
2014.01.30 09:01:04.071,0.89431,0.89439,1.00,1.13
2014.01.30 09:01:04.123,0.89431,0.89442,1.00,1.28
2014.01.30 09:01:04.399,0.89429,0.89442,1.20,1.28
2014.01.30 09:01:04.889,0.89428,0.89436,2.03,1.00
2014.01.30 09:01:04.995,0.89424,0.89436,2.03,1.13
2014.01.30 09:01:05.102,0.89424,0.89433,1.95,1.00
2014.01.30 09:01:05.204,0.89423,0.89433,1.10,2.18
2014.01.30 09:01:05.255,0.89423,0.89433,1.00,1.88
2014.01.30 09:01:05.407,0.89421,0.89433,1.10,1.88
2014.01.30 09:01:05.930,0.8942,0.89433,1.18,2.03
2014.01.30 09:01:08.022,0.8942,0.89432,1.18,1.48
2014.01.30 09:01:08.565,0.89421,0.8943,1.48,1.00
2014.01.30 09:01:08.722,0.89421,0.89432,1.48,1.10
2014.01.30 09:01:09.009,0.89422,0.89432,1.88,1.10
2014.01.30 09:01:09.110,0.89424,0.89435,4.20,1.35
2014.01.30 09:01:09.393,0.89425,0.89433,1.28,1.00
2014.01.30 09:01:09.596,0.89423,0.89435,1.65,1.00
2014.01.30 09:01:09.950,0.89426,0.89437,1.00,1.18
2014.01.30 09:01:10.378,0.89426,0.89435,3.45,1.00
2014.01.30 09:01:10.827,0.89428,0.89439,1.10,2.63
2014.01.30 09:01:10.979,0.8943,0.89439,1.00,2.25
2014.01.30 09:01:11.284,0.89433,0.89439,2.33,1.00
2014.01.30 09:01:11.436,0.89433,0.89442,2.33,1.00
2014.01.30 09:01:11.487,0.89432,0.89443,1.28,1.00
2014.01.30 09:01:12.023,0.89432,0.89442,1.55,1.00
2014.01.30 09:01:12.565,0.89434,0.89443,1.20,1.00
2014.01.30 09:01:12.616,0.89436,0.89443,1.13,1.00
2014.01.30 09:01:12.769,0.89438,0.89447,1.10,1.00
2014.01.30 09:01:13.074,0.8944,0.89449,1.00,1.28
2014.01.30 09:01:13.501,0.89438,0.89448,1.00,1.45
2014.01.30 09:01:13.755,0.89431,0.89441,4.50,1.88
2014.01.30 09:01:14.009,0.8943,0.89441,1.58,1.00
2014.01.30 09:01:14.212,0.8943,0.89439,1.58,1.50
2014.01.30 09:01:14.415,0.89428,0.89439,1.95,1.50
2014.01.30 09:01:14.684,0.89428,0.89437,1.20,1.00
2014.01.30 09:01:15.190,0.89426,0.89438,3.45,1.35
2014.01.30 09:01:15.393,0.89426,0.89437,1.20,1.00
2014.01.30 09:01:15.917,0.89426,0.89436,1.20,1.00
2014.01.30 09:01:16.855,0.89426,0.89437,1.20,1.00
2014.01.30 09:01:17.453,0.89426,0.89436,1.10,1.00
2014.01.30 09:01:17.791,0.89426,0.89436,3.08,1.00
2014.01.30 09:01:18.926,0.89426,0.89437,3.08,1.00
2014.01.30 09:01:20.660,0.89426,0.89438,3.08,1.73
2014.01.30 09:01:21.167,0.89429,0.89439,1.00,1.00
2014.01.30 09:01:21.998,0.89429,0.8944,1.00,1.20
2014.01.30 09:01:22.367,0.89429,0.89439,1.00,1.73
2014.01.30 09:01:22.885,0.89428,0.89438,1.10,1.30
2014.01.30 09:01:25.023,0.89426,0.89438,2.03,1.05
2014.01.30 09:01:27.723,0.89426,0.89438,3.83,1.30
2014.01.30 09:01:28.264,0.89426,0.89438,1.65,1.05
2014.01.30 09:01:30.704,0.89426,0.89438,1.20,1.05
2014.01.30 09:01:31.141,0.89425,0.89437,1.18,1.88
2014.01.30 09:01:31.444,0.89423,0.89433,2.25,1.88
2014.01.30 09:01:31.495,0.89421,0.89431,2.33,1.88
2014.01.30 09:01:31.546,0.89421,0.89431,2.33,3.98
2014.01.30 09:01:31.597,0.8942,0.89429,1.10,1.38
2014.01.30 09:01:31.799,0.89418,0.89429,1.28,1.38
2014.01.30 09:01:31.850,0.89421,0.89429,1.00,1.38
2014.01.30 09:01:32.204,0.89421,0.89431,1.00,1.48
2014.01.30 09:01:32.658,0.89421,0.89431,1.18,1.38
2014.01.30 09:01:33.166,0.89419,0.89431,2.33,1.38
2014.01.30 09:01:33.290,0.89419,0.89431,2.33,1.38
2014.01.30 09:01:34.107,0.89419,0.89431,3.08,1.38
2014.01.30 09:01:34.416,0.89423,0.89428,1.38,1.00
2014.01.30 09:01:34.517,0.89423,0.89434,1.88,4.88
2014.01.30 09:01:34.619,0.89422,0.89433,1.88,2.70
2014.01.30 09:01:34.994,0.89422,0.89435,3.83,2.48
2014.01.30 09:01:35.673,0.89426,0.89435,1.00,1.73
2014.01.30 09:01:35.825,0.89425,0.89435,1.08,1.73
2014.01.30 09:01:36.330,0.89426,0.89439,1.18,2.70
2014.01.30 09:01:36.381,0.89427,0.89439,1.44,1.48
2014.01.30 09:01:36.736,0.89425,0.89439,5.14,1.48
2014.01.30 09:01:37.366,0.89425,0.89437,4.76,1.38
2014.01.30 09:01:38.470,0.89425,0.89438,4.76,1.38
2014.01.30 09:01:38.725,0.89425,0.89437,1.00,1.55
2014.01.30 09:01:39.350,0.89425,0.89437,1.00,1.55
2014.01.30 09:01:39.552,0.89426,0.89437,2.70,1.38
2014.01.30 09:01:39.704,0.89428,0.89437,1.20,1.00
2014.01.30 09:01:39.755,0.89428,0.89437,3.45,1.00
2014.01.30 09:01:40.381,0.89428,0.89441,3.45,1.88
2014.01.30 09:01:40.735,0.89431,0.8944,1.00,1.00
2014.01.30 09:01:40.905,0.89434,0.89444,1.10,2.63
2014.01.30 09:01:40.958,0.89434,0.89445,1.55,1.35
2014.01.30 09:01:41.213,0.89437,0.89448,1.00,1.28
2014.01.30 09:01:41.757,0.89437,0.8945,1.65,2.55
2014.01.30 09:01:41.808,0.89438,0.8945,3.00,1.73
2014.01.30 09:01:41.859,0.89438,0.8945,3.38,1.73
2014.01.30 09:01:42.198,0.89438,0.8945,1.20,1.80
2014.01.30 09:01:42.740,0.89438,0.8945,1.10,1.05
2014.01.30 09:01:43.263,0.89438,0.8945,3.38,1.30
2014.01.30 09:01:44.724,0.89439,0.89452,1.28,1.48
2014.01.30 09:01:45.341,0.89439,0.89452,1.55,1.10
2014.01.30 09:01:46.210,0.89439,0.89452,1.18,1.48
2014.01.30 09:01:46.516,0.89438,0.89449,1.18,1.73
2014.01.30 09:01:47.022,0.89438,0.8945,1.20,1.80
2014.01.30 09:01:47.326,0.89439,0.89449,2.33,1.73
2014.01.30 09:01:47.377,0.89436,0.89448,3.45,1.00
2014.01.30 09:01:47.428,0.89436,0.89448,4.20,1.00
2014.01.30 09:01:47.960,0.89439,0.89451,3.45,2.85
2014.01.30 09:01:48.476,0.89439,0.89451,1.48,2.93
2014.01.30 09:01:48.998,0.89439,0.89451,1.20,3.30
2014.01.30 09:01:49.769,0.89437,0.89449,1.38,1.50
2014.01.30 09:01:50.173,0.89439,0.8945,1.88,2.93
2014.01.30 09:01:50.596,0.89441,0.8945,1.38,2.33
2014.01.30 09:01:50.911,0.89441,0.89453,1.48,1.50
2014.01.30 09:01:51.095,0.89441,0.89453,1.48,1.50
2014.01.30 09:01:51.664,0.89439,0.89452,1.48,1.18
2014.01.30 09:01:52.034,0.89439,0.89449,1.48,1.00
2014.01.30 09:01:52.338,0.89437,0.89449,1.88,3.00
2014.01.30 09:01:53.025,0.89439,0.8945,1.38,3.83
2014.01.30 09:01:53.126,0.89439,0.8945,1.38,1.10
2014.01.30 09:01:53.177,0.89439,0.8945,1.13,1.10
2014.01.30 09:01:53.700,0.89439,0.8945,1.38,1.58
2014.01.30 09:01:54.267,0.89439,0.89451,1.55,1.35
2014.01.30 09:01:55.345,0.8944,0.89451,2.70,1.35
2014.01.30 09:01:56.213,0.89439,0.89451,5.63,1.35
2014.01.30 09:01:58.974,0.8944,0.89451,3.45,1.35
2014.01.30 09:01:59.513,0.8944,0.89453,3.45,2.10
2014.01.30 09:01:59.965,0.89443,0.89453,2.70,2.10
2014.01.30 09:02:00.066,0.89446,0.89455,2.33,1.00
2014.01.30 09:02:00.219,0.89448,0.89456,2.33,1.00
2014.01.30 09:02:00.320,0.89446,0.89454,1.28,1.00
2014.01.30 09:02:00.422,0.89447,0.89453,3.45,1.00
2014.01.30 09:02:00.933,0.89447,0.89454,3.45,1.00
2014.01.30 09:02:01.452,0.89447,0.89455,3.45,1.00
2014.01.30 09:02:02.162,0.89447,0.89454,3.45,1.00
2014.01.30 09:02:02.700,0.89447,0.89457,3.45,1.00
2014.01.30 09:02:02.882,0.89449,0.89456,3.45,1.00
2014.01.30 09:02:03.186,0.89449,0.8946,3.41,1.13
2014.01.30 09:02:03.236,0.89449,0.8946,3.08,1.38
2014.01.30 09:02:03.545,0.89449,0.89458,2.33,1.38
2014.01.30 09:02:03.595,0.89449,0.89458,2.25,1.13
2014.01.30 09:02:03.646,0.89448,0.89458,1.18,1.13
2014.01.30 09:02:03.748,0.89449,0.89458,3.45,1.00
2014.01.30 09:02:03.850,0.89449,0.89461,3.45,1.00
2014.01.30 09:02:04.394,0.89452,0.89461,1.20,1.00
2014.01.30 09:02:04.709,0.89455,0.89468,1.48,1.13
2014.01.30 09:02:04.862,0.89457,0.89468,1.18,1.73
2014.01.30 09:02:05.235,0.89455,0.89467,1.28,1.13
2014.01.30 09:02:05.337,0.89455,0.89467,1.18,1.98
2014.01.30 09:02:05.439,0.89453,0.89466,1.10,3.30
2014.01.30 09:02:05.642,0.89452,0.89464,1.18,3.30
2014.01.30 09:02:05.947,0.89451,0.89462,1.10,1.73
2014.01.30 09:02:06.413,0.89451,0.89463,1.10,1.20
2014.01.30 09:02:06.514,0.89453,0.89463,1.00,1.20
2014.01.30 09:02:06.818,0.89458,0.89466,1.10,1.13
2014.01.30 09:02:07.992,0.89458,0.89465,1.10,1.00
2014.01.30 09:02:08.207,0.89458,0.89469,1.10,1.38
2014.01.30 09:02:08.359,0.89459,0.8947,1.18,1.38
2014.01.30 09:02:08.764,0.89462,0.89472,1.00,2.03
2014.01.30 09:02:08.866,0.89459,0.89472,1.18,2.03
2014.01.30 09:02:09.068,0.89458,0.8947,1.58,1.48
2014.01.30 09:02:09.372,0.89455,0.89463,1.18,1.00
2014.01.30 09:02:09.422,0.89454,0.89466,1.18,1.73
2014.01.30 09:02:09.625,0.89454,0.89462,1.18,1.00
2014.01.30 09:02:09.980,0.89455,0.89463,1.38,1.00
2014.01.30 09:02:10.081,0.89456,0.89468,2.70,1.00
2014.01.30 09:02:10.385,0.8946,0.89469,1.13,1.58
2014.01.30 09:02:10.517,0.8946,0.89473,1.95,1.28
2014.01.30 09:02:10.849,0.89463,0.89473,1.00,1.20
2014.01.30 09:02:11.156,0.89463,0.89475,1.48,1.10
2014.01.30 09:02:11.360,0.89468,0.89476,1.00,1.35
2014.01.30 09:02:11.613,0.89472,0.89481,1.00,1.95
2014.01.30 09:02:11.714,0.89472,0.89481,1.38,4.20
2014.01.30 09:02:12.018,0.89478,0.89483,1.00,1.60
2014.01.30 09:02:12.121,0.89476,0.89483,1.50,1.00
2014.01.30 09:02:12.172,0.89476,0.89483,3.75,1.00
2014.01.30 09:02:12.577,0.89476,0.89485,1.90,1.00
2014.01.30 09:02:12.729,0.89476,0.89489,3.15,1.13
2014.01.30 09:02:12.780,0.89481,0.89489,1.00,1.13
2014.01.30 09:02:12.882,0.89476,0.89487,3.45,1.00
2014.01.30 09:02:13.451,0.89476,0.89487,1.00,2.33
2014.01.30 09:02:13.780,0.89478,0.89487,1.00,2.25
2014.01.30 09:02:13.831,0.89478,0.89488,1.00,1.28
2014.01.30 09:02:13.883,0.89474,0.89488,4.20,1.28
2014.01.30 09:02:14.299,0.89474,0.89487,3.38,2.70
2014.01.30 09:02:14.831,0.89474,0.89488,1.95,3.45
2014.01.30 09:02:15.467,0.89474,0.89488,1.10,3.45
2014.01.30 09:02:15.985,0.89475,0.89485,1.00,1.13
2014.01.30 09:02:16.391,0.89472,0.89482,3.08,1.13
2014.01.30 09:02:16.550,0.8947,0.89482,2.70,1.88
2014.01.30 09:02:16.703,0.89469,0.89482,1.55,1.95
2014.01.30 09:02:16.956,0.89469,0.89482,1.18,1.95
2014.01.30 09:02:17.513,0.89469,0.89479,1.18,1.00
2014.01.30 09:02:17.682,0.89469,0.89482,1.18,2.55
2014.01.30 09:02:18.238,0.89469,0.89482,1.28,1.80
2014.01.30 09:02:18.957,0.89468,0.89481,2.70,1.00
2014.01.30 09:02:19.058,0.89468,0.89477,2.70,1.20
2014.01.30 09:02:19.362,0.89467,0.89473,2.33,1.50
2014.01.30 09:02:19.565,0.89461,0.89471,1.10,1.00
2014.01.30 09:02:20.177,0.89459,0.89473,2.78,1.28
2014.01.30 09:02:20.291,0.89467,0.89473,1.00,1.28
2014.01.30 09:02:20.444,0.89467,0.89474,1.00,1.00
2014.01.30 09:02:20.546,0.89467,0.89477,1.00,1.65
2014.01.30 09:02:20.597,0.89467,0.89474,1.10,2.10
2014.01.30 09:02:20.699,0.89463,0.89474,1.55,2.85
2014.01.30 09:02:20.851,0.89462,0.89474,3.45,1.13
2014.01.30 09:02:21.054,0.89463,0.89474,2.70,2.48
2014.01.30 09:02:21.408,0.89461,0.89474,1.48,1.28
2014.01.30 09:02:21.950,0.89462,0.89474,2.70,1.13
2014.01.30 09:02:22.000,0.89462,0.89472,2.70,1.00
2014.01.30 09:02:22.102,0.89464,0.89475,1.00,1.55
2014.01.30 09:02:22.204,0.89464,0.89475,3.08,1.88
2014.01.30 09:02:22.732,0.89463,0.89475,2.33,1.38
2014.01.30 09:02:23.198,0.89466,0.89477,2.25,1.95
2014.01.30 09:02:23.705,0.89467,0.89477,1.55,1.20
2014.01.30 09:02:24.010,0.89469,0.89477,1.20,1.20
2014.01.30 09:02:24.162,0.89469,0.89481,1.55,1.10
2014.01.30 09:02:24.383,0.89473,0.89483,1.00,1.28
2014.01.30 09:02:24.687,0.89471,0.89479,1.10,1.98
2014.01.30 09:02:24.991,0.89468,0.89474,1.00,1.05
2014.01.30 09:02:25.295,0.89466,0.89473,1.00,1.05
2014.01.30 09:02:25.504,0.89461,0.89473,1.08,1.05
2014.01.30 09:02:25.556,0.8946,0.89473,1.20,1.13
2014.01.30 09:02:25.658,0.8946,0.89473,3.45,1.05
2014.01.30 09:02:25.986,0.8946,0.89473,1.10,1.13
2014.01.30 09:02:26.588,0.8946,0.89473,1.10,1.13
2014.01.30 09:02:27.150,0.89464,0.89474,1.13,3.68
2014.01.30 09:02:27.201,0.89465,0.89477,1.18,2.48
2014.01.30 09:02:27.303,0.89465,0.89477,1.28,1.73
2014.01.30 09:02:27.851,0.89464,0.89477,2.70,1.73
2014.01.30 09:02:28.154,0.89463,0.89477,1.20,4.05
2014.01.30 09:02:28.561,0.89463,0.89477,3.38,1.88
2014.01.30 09:02:29.067,0.89466,0.89477,1.00,2.33
2014.01.30 09:02:29.219,0.89466,0.89478,1.20,1.10
2014.01.30 09:02:29.592,0.89468,0.89478,1.00,1.10
2014.01.30 09:02:30.539,0.89471,0.89478,1.00,1.10
2014.01.30 09:02:30.608,0.89469,0.89478,1.00,1.10
2014.01.30 09:02:31.284,0.8947,0.89478,2.10,1.10
2014.01.30 09:02:31.437,0.89476,0.89483,1.00,1.18
2014.01.30 09:02:31.740,0.89476,0.89487,1.00,1.18
2014.01.30 09:02:32.275,0.89476,0.89488,1.10,1.95
2014.01.30 09:02:32.326,0.89478,0.89488,1.00,1.95
2014.01.30 09:02:32.376,0.89478,0.89488,1.00,1.95
2014.01.30 09:02:32.629,0.8948,0.8949,3.00,3.00
2014.01.30 09:02:32.680,0.89481,0.8949,2.33,1.00
2014.01.30 09:02:32.835,0.89481,0.89494,2.33,1.88
2014.01.30 09:02:33.240,0.89481,0.89495,3.08,1.55
2014.01.30 09:02:33.443,0.89478,0.89491,3.00,1.48
2014.01.30 09:02:33.494,0.89478,0.89491,2.25,1.48
2014.01.30 09:02:33.829,0.89479,0.89491,2.33,1.50
2014.01.30 09:02:33.905,0.89479,0.89491,2.33,1.50
2014.01.30 09:02:35.490,0.89481,0.89492,1.10,1.48
2014.01.30 09:02:35.643,0.89479,0.89493,1.58,3.45
2014.01.30 09:02:35.745,0.89481,0.89494,1.10,3.45
2014.01.30 09:02:36.049,0.89481,0.89494,1.10,2.03
2014.01.30 09:02:36.699,0.89479,0.89493,3.08,1.95
2014.01.30 09:02:36.750,0.89479,0.89492,1.00,2.70
2014.01.30 09:02:36.902,0.89479,0.89492,1.00,2.70
2014.01.30 09:02:37.408,0.89479,0.89492,1.00,2.70
2014.01.30 09:02:38.961,0.89479,0.89492,1.50,2.70
2014.01.30 09:02:39.552,0.89479,0.89489,1.00,1.38
2014.01.30 09:02:39.855,0.89476,0.89489,3.83,2.63
2014.01.30 09:02:40.159,0.8948,0.89489,1.00,1.48
2014.01.30 09:02:40.210,0.8948,0.89489,1.00,1.20
2014.01.30 09:02:40.724,0.8948,0.89494,1.55,1.55
2014.01.30 09:02:40.980,0.8948,0.89494,1.18,1.55
2014.01.30 09:02:41.190,0.8948,0.89494,1.18,1.55
2014.01.30 09:02:41.581,0.89481,0.89494,2.33,1.48
2014.01.30 09:02:41.940,0.89483,0.89495,1.58,2.03
2014.01.30 09:02:42.197,0.89483,0.89496,1.58,1.55
2014.01.30 09:02:42.704,0.89483,0.89496,1.58,3.45
2014.01.30 09:02:43.233,0.89481,0.89495,3.75,1.53
2014.01.30 09:02:43.739,0.89484,0.89495,2.33,1.48
2014.01.30 09:02:44.260,0.89485,0.89495,2.33,1.88
2014.01.30 09:02:44.483,0.89483,0.89495,2.70,1.88
2014.01.30 09:02:45.699,0.89484,0.89497,2.03,1.28
2014.01.30 09:02:46.003,0.89488,0.89498,1.38,2.33
2014.01.30 09:02:46.054,0.89488,0.89499,1.48,1.50
2014.01.30 09:02:46.156,0.89489,0.89501,2.33,2.63
2014.01.30 09:02:46.923,0.89488,0.895,1.28,1.13
2014.01.30 09:02:47.475,0.89487,0.895,2.40,2.03
2014.01.30 09:02:47.981,0.89485,0.89498,1.93,2.18
2014.01.30 09:02:48.032,0.89485,0.89498,1.85,4.35
2014.01.30 09:02:48.549,0.89485,0.89498,1.93,2.25
2014.01.30 09:02:49.004,0.89483,0.89497,3.83,1.20
2014.01.30 09:02:51.161,0.89487,0.89498,1.00,3.45
2014.01.30 09:02:51.501,0.89488,0.89499,1.18,1.13
2014.01.30 09:02:51.654,0.89489,0.89502,2.25,2.33
2014.01.30 09:02:52.684,0.89488,0.89502,4.20,1.58
2014.01.30 09:02:53.209,0.89488,0.89499,1.18,1.13
2014.01.30 09:02:53.933,0.8949,0.89502,1.13,2.03
2014.01.30 09:02:54.038,0.8949,0.89502,1.10,1.95
2014.01.30 09:02:54.569,0.8949,0.89502,1.18,1.88
2014.01.30 09:02:55.270,0.89488,0.89501,1.65,1.95
2014.01.30 09:02:55.473,0.89487,0.89497,1.18,1.38
2014.01.30 09:02:55.981,0.89487,0.89501,1.65,4.80
2014.01.30 09:02:56.522,0.89487,0.89501,1.18,4.20
2014.01.30 09:02:57.027,0.89486,0.89495,2.33,1.13
2014.01.30 09:02:57.268,0.89477,0.89491,5.70,1.48
2014.01.30 09:02:57.471,0.89477,0.89491,3.83,1.95
2014.01.30 09:02:57.794,0.89482,0.89494,3.08,1.88
2014.01.30 09:02:58.048,0.89481,0.89493,1.10,1.48
2014.01.30 09:02:58.559,0.8948,0.89493,3.45,1.95
2014.01.30 09:02:58.913,0.89481,0.89493,1.48,1.10
2014.01.30 09:02:59.421,0.89482,0.89493,2.70,1.50
2014.01.30 09:02:59.474,0.89482,0.89492,2.70,1.00
2014.01.30 09:02:59.677,0.89482,0.89494,2.70,1.13
2014.01.30 09:03:00.180,0.89483,0.89495,1.10,3.38
2014.01.30 09:03:00.534,0.89483,0.89495,1.20,1.20
2014.01.30 09:03:00.898,0.89483,0.89493,1.20,1.00
2014.01.30 09:03:01.226,0.89483,0.89495,3.45,1.13
2014.01.30 09:03:01.736,0.89483,0.89494,3.45,1.00
2014.01.30 09:03:02.163,0.89483,0.89496,4.20,1.20
2014.01.30 09:03:02.314,0.89483,0.89494,3.45,1.00
2014.01.30 09:03:02.833,0.89484,0.89495,1.28,1.00
2014.01.30 09:03:02.942,0.89486,0.89497,1.10,1.13
2014.01.30 09:03:02.993,0.89487,0.89497,1.38,1.00
2014.01.30 09:03:03.298,0.8949,0.895,1.55,1.00
2014.01.30 09:03:03.804,0.89493,0.895,1.00,1.00
2014.01.30 09:03:03.855,0.89493,0.89503,1.38,1.18
2014.01.30 09:03:04.576,0.89491,0.89504,4.20,1.00
2014.01.30 09:03:05.082,0.89491,0.89504,4.20,1.00
2014.01.30 09:03:05.436,0.89493,0.89506,2.63,2.03
2014.01.30 09:03:06.382,0.89495,0.89506,1.48,1.10
2014.01.30 09:03:06.433,0.89496,0.89506,3.38,1.00
2014.01.30 09:03:06.738,0.89501,0.89513,1.00,3.45
2014.01.30 09:03:07.041,0.89503,0.89513,1.00,2.70
2014.01.30 09:03:07.395,0.89504,0.89514,1.00,1.55
2014.01.30 09:03:07.497,0.89504,0.89515,3.08,1.38
2014.01.30 09:03:08.040,0.89504,0.89515,3.08,1.38
2014.01.30 09:03:10.267,0.89503,0.89515,2.33,1.54
2014.01.30 09:03:10.318,0.89502,0.89515,1.28,1.61
2014.01.30 09:03:10.369,0.89501,0.89515,3.08,1.61
2014.01.30 09:03:10.645,0.89501,0.89515,1.10,3.79
2014.01.30 09:03:10.808,0.89499,0.8951,2.70,1.13
2014.01.30 09:03:11.112,0.89496,0.8951,4.80,1.95
2014.01.30 09:03:11.630,0.89496,0.8951,3.68,2.70
2014.01.30 09:03:12.886,0.89496,0.89507,2.93,1.38
2014.01.30 09:03:12.937,0.89496,0.89507,1.43,1.38
2014.01.30 09:03:13.039,0.89496,0.89507,3.68,1.38
2014.01.30 09:03:13.191,0.89494,0.89507,2.93,1.95
2014.01.30 09:03:13.576,0.89493,0.89504,1.20,1.10
2014.01.30 09:03:13.917,0.89493,0.89503,3.08,1.00
2014.01.30 09:03:15.104,0.89493,0.89501,2.33,1.00
2014.01.30 09:03:15.206,0.89491,0.895,2.33,1.13
2014.01.30 09:03:15.258,0.8949,0.89496,2.25,1.00
2014.01.30 09:03:15.309,0.89489,0.89495,1.10,1.13
2014.01.30 09:03:15.411,0.89484,0.89495,1.18,1.88
2014.01.30 09:03:15.714,0.89485,0.89495,2.85,1.13
2014.01.30 09:03:16.031,0.89487,0.89495,2.33,1.13
2014.01.30 09:03:16.311,0.89485,0.89495,1.05,1.00
2014.01.30 09:03:17.174,0.89483,0.89494,1.73,2.33
2014.01.30 09:03:17.415,0.89483,0.89495,1.30,2.03
2014.01.30 09:03:17.618,0.89482,0.89492,1.70,1.38
2014.01.30 09:03:17.821,0.8948,0.8949,1.00,1.48
2014.01.30 09:03:17.872,0.89478,0.8949,1.43,1.48
2014.01.30 09:03:18.176,0.89478,0.89489,1.43,1.38
2014.01.30 09:03:18.278,0.89478,0.89489,1.43,1.88
2014.01.30 09:03:18.784,0.89477,0.89489,1.48,1.18
2014.01.30 09:03:19.138,0.89479,0.89492,1.10,2.03
2014.01.30 09:03:19.391,0.89479,0.89492,3.00,2.29
2014.01.30 09:03:19.695,0.8948,0.89493,1.48,2.33
2014.01.30 09:03:19.999,0.89487,0.89493,1.13,2.33
2014.01.30 09:03:20.100,0.89486,0.89493,1.38,2.33
2014.01.30 09:03:20.151,0.89487,0.89494,2.25,1.00
2014.01.30 09:03:20.429,0.89485,0.89496,2.70,1.00
2014.01.30 09:03:20.481,0.89485,0.89499,3.45,1.10
2014.01.30 09:03:20.684,0.89489,0.89501,1.15,1.48
2014.01.30 09:03:21.195,0.89491,0.89503,1.10,1.48
2014.01.30 09:03:21.569,0.89495,0.89505,1.38,2.33
2014.01.30 09:03:21.873,0.89494,0.89507,1.58,1.55
2014.01.30 09:03:22.797,0.89494,0.89506,1.50,2.70
2014.01.30 09:03:23.174,0.89496,0.89506,1.00,2.70
2014.01.30 09:03:23.377,0.89494,0.89506,1.00,2.70
2014.01.30 09:03:23.851,0.89494,0.89505,1.00,1.55
2014.01.30 09:03:24.486,0.89496,0.89505,1.00,1.55
2014.01.30 09:03:24.846,0.89499,0.89506,1.00,3.45
2014.01.30 09:03:25.391,0.89496,0.89506,1.00,3.45
2014.01.30 09:03:26.157,0.89496,0.89506,1.00,3.45
2014.01.30 09:03:27.106,0.89495,0.89506,1.00,3.45
2014.01.30 09:03:27.648,0.89496,0.89506,1.00,3.45
2014.01.30 09:03:27.768,0.89494,0.89506,2.85,3.45
2014.01.30 09:03:28.299,0.89495,0.89506,1.00,1.55
2014.01.30 09:03:28.849,0.89495,0.89506,1.00,1.55
2014.01.30 09:03:28.900,0.89496,0.89506,1.13,1.55
2014.01.30 09:03:29.002,0.89498,0.89506,1.00,1.00
2014.01.30 09:03:29.547,0.89498,0.8951,1.10,1.48
2014.01.30 09:03:29.957,0.89497,0.89508,1.00,1.55
2014.01.30 09:03:30.261,0.89496,0.89504,1.00,1.38
2014.01.30 09:03:30.666,0.89493,0.89503,1.65,1.38
2014.01.30 09:03:30.819,0.8949,0.89503,3.45,1.50
2014.01.30 09:03:31.225,0.8949,0.89501,3.00,1.38
2014.01.30 09:03:31.276,0.89488,0.89501,1.88,1.54
2014.01.30 09:03:31.327,0.89487,0.89496,3.08,1.13
2014.01.30 09:03:31.531,0.89483,0.89495,3.45,1.00
2014.01.30 09:03:32.129,0.89484,0.89497,1.28,1.48
2014.01.30 09:03:32.419,0.89484,0.89497,1.18,1.48
2014.01.30 09:03:32.927,0.89484,0.89497,1.13,4.20
2014.01.30 09:03:33.269,0.89482,0.89495,1.00,2.70
2014.01.30 09:03:33.725,0.89482,0.8949,1.00,1.00
2014.01.30 09:03:33.776,0.89477,0.89489,2.70,1.00
2014.01.30 09:03:33.928,0.89476,0.89489,2.03,1.95
2014.01.30 09:03:34.030,0.89476,0.89489,1.88,4.20
2014.01.30 09:03:34.334,0.89472,0.89485,1.95,1.18
2014.01.30 09:03:34.863,0.89474,0.89486,1.88,2.33
2014.01.30 09:03:35.788,0.89474,0.89487,1.95,3.08
2014.01.30 09:03:36.336,0.89474,0.89487,2.03,1.18
2014.01.30 09:03:37.972,0.89474,0.89486,1.95,2.25
2014.01.30 09:03:38.466,0.89474,0.89484,1.88,1.85
2014.01.30 09:03:38.770,0.89467,0.89475,1.00,4.13
2014.01.30 09:03:38.822,0.89463,0.89475,1.00,4.13
2014.01.30 09:03:38.974,0.89462,0.89473,1.00,2.63
2014.01.30 09:03:40.326,0.89461,0.89472,1.13,1.18
2014.01.30 09:03:40.875,0.89462,0.89472,1.00,1.18
2014.01.30 09:03:41.239,0.89461,0.89474,1.20,1.65
2014.01.30 09:03:41.391,0.89459,0.89471,2.70,1.00
2014.01.30 09:03:41.594,0.89458,0.89471,1.95,3.45
2014.01.30 09:03:41.645,0.89458,0.89471,1.95,3.08
2014.01.30 09:03:42.645,0.89459,0.89471,1.88,2.33
2014.01.30 09:03:43.150,0.8946,0.8947,1.13,1.10
2014.01.30 09:03:43.454,0.89459,0.89468,1.00,2.33
2014.01.30 09:03:44.148,0.89461,0.89468,1.00,2.33
2014.01.30 09:03:44.401,0.89454,0.89462,1.00,2.18
2014.01.30 09:03:44.452,0.89451,0.89461,1.58,1.35
2014.01.30 09:03:44.654,0.89451,0.89461,1.13,3.08
2014.01.30 09:03:44.756,0.89448,0.89461,1.95,1.18
2014.01.30 09:03:44.857,0.89453,0.8946,1.00,2.33
2014.01.30 09:03:44.958,0.89451,0.89459,1.00,1.18
2014.01.30 09:03:45.391,0.89446,0.89455,1.00,2.25
2014.01.30 09:03:45.493,0.89447,0.89453,1.00,2.25
2014.01.30 09:03:45.594,0.89445,0.89453,1.00,2.33
2014.01.30 09:03:45.847,0.89447,0.89453,1.00,2.25
2014.01.30 09:03:46.162,0.89443,0.89453,1.00,2.33
2014.01.30 09:03:46.567,0.89442,0.89455,1.65,1.10
2014.01.30 09:03:47.073,0.89442,0.89453,1.08,3.00
2014.01.30 09:03:47.276,0.8944,0.89452,1.73,2.33
2014.01.30 09:03:47.782,0.8944,0.8945,1.00,1.18
2014.01.30 09:03:48.246,0.89441,0.89453,1.00,3.08
2014.01.30 09:03:49.072,0.89442,0.89453,1.00,2.33
2014.01.30 09:03:49.276,0.89442,0.89456,1.58,3.45
2014.01.30 09:03:49.891,0.89442,0.89454,1.10,1.18
2014.01.30 09:03:50.451,0.89442,0.89454,1.00,3.08
2014.01.30 09:03:50.807,0.89441,0.89451,1.00,2.70
2014.01.30 09:03:50.959,0.89438,0.8945,1.50,1.55
2014.01.30 09:03:51.214,0.89436,0.89449,1.88,2.33
2014.01.30 09:03:51.648,0.89439,0.89449,1.00,2.70
2014.01.30 09:03:52.111,0.89442,0.8945,1.00,1.00
2014.01.30 09:03:52.212,0.89442,0.89454,1.38,3.08
2014.01.30 09:03:52.293,0.89446,0.89454,1.00,3.08
2014.01.30 09:03:52.597,0.89446,0.89457,1.00,1.55
2014.01.30 09:03:52.648,0.89444,0.89457,1.10,4.20
2014.01.30 09:03:52.800,0.89444,0.89455,1.00,1.13
2014.01.30 09:03:52.952,0.89441,0.89453,1.28,2.48
2014.01.30 09:03:53.054,0.89441,0.89453,1.20,4.73
2014.01.30 09:03:53.656,0.89438,0.89451,1.45,1.65
2014.01.30 09:03:53.960,0.89437,0.8945,1.20,1.55
2014.01.30 09:03:54.416,0.89437,0.89448,1.58,1.48
2014.01.30 09:03:54.972,0.89437,0.89448,1.00,1.55
2014.01.30 09:03:55.358,0.89437,0.89449,3.00,1.05
2014.01.30 09:03:56.519,0.89439,0.89451,1.10,1.55
2014.01.30 09:03:56.722,0.89441,0.89451,1.00,1.55
2014.01.30 09:03:56.976,0.89443,0.89454,2.25,1.48
2014.01.30 09:03:57.280,0.89449,0.89461,1.50,2.33
2014.01.30 09:03:57.382,0.89449,0.89463,3.83,1.65
2014.01.30 09:03:57.433,0.89449,0.89462,2.33,2.25
2014.01.30 09:03:57.736,0.89455,0.89463,1.00,2.25
2014.01.30 09:03:57.837,0.89455,0.89465,1.00,1.55
2014.01.30 09:03:58.371,0.89458,0.89466,1.00,1.00
2014.01.30 09:03:58.473,0.89458,0.89468,1.00,1.95
2014.01.30 09:03:58.979,0.89456,0.89468,1.18,1.13
2014.01.30 09:03:59.030,0.89455,0.89468,3.45,1.38
2014.01.30 09:03:59.233,0.89459,0.8947,1.00,1.55
2014.01.30 09:03:59.477,0.89463,0.89473,1.38,3.45
2014.01.30 09:03:59.629,0.89465,0.89476,1.00,2.55
2014.01.30 09:03:59.882,0.89463,0.89475,2.70,1.38
2014.01.30 09:04:00.236,0.89465,0.89474,1.28,1.00
2014.01.30 09:04:00.287,0.89465,0.89477,1.28,1.13
2014.01.30 09:04:00.338,0.89467,0.89478,2.33,1.13
2014.01.30 09:04:00.844,0.89468,0.89481,1.18,1.05
2014.01.30 09:04:01.147,0.89468,0.8948,1.18,1.73
2014.01.30 09:04:01.665,0.89468,0.89481,1.18,1.05
2014.01.30 09:04:02.552,0.89467,0.8948,2.33,1.73
2014.01.30 09:04:02.603,0.89466,0.8948,1.65,4.05
2014.01.30 09:04:03.296,0.89466,0.8948,1.65,4.80
2014.01.30 09:04:03.600,0.89465,0.89475,2.33,2.48
2014.01.30 09:04:03.904,0.89462,0.89473,1.95,1.58
2014.01.30 09:04:03.955,0.89462,0.89473,2.33,1.58
2014.01.30 09:04:04.107,0.8947,0.8948,1.00,1.58
2014.01.30 09:04:04.160,0.8947,0.8948,1.00,1.20
2014.01.30 09:04:05.081,0.89468,0.89482,1.28,2.63
2014.01.30 09:04:05.600,0.89468,0.8948,1.13,1.28
2014.01.30 09:04:06.152,0.89468,0.8948,1.38,1.18
2014.01.30 09:04:07.137,0.89468,0.8948,1.00,1.55
2014.01.30 09:04:09.816,0.89467,0.8948,1.20,1.55
2014.01.30 09:04:09.986,0.8947,0.8948,1.00,1.28
2014.01.30 09:04:10.138,0.89467,0.8948,2.18,1.55
2014.01.30 09:04:10.189,0.89468,0.89479,1.00,2.63
2014.01.30 09:04:10.391,0.89468,0.8948,1.20,1.28
2014.01.30 09:04:10.594,0.89467,0.8948,1.43,3.45
2014.01.30 09:04:10.948,0.89466,0.89476,2.63,2.25
2014.01.30 09:04:11.049,0.89465,0.89476,1.48,2.25
2014.01.30 09:04:11.151,0.89463,0.89475,1.88,2.70
2014.01.30 09:04:11.679,0.89462,0.89474,1.20,1.13
2014.01.30 09:04:13.548,0.89462,0.89471,1.20,1.00
2014.01.30 09:04:13.902,0.8946,0.89472,1.13,1.28
2014.01.30 09:04:14.171,0.89457,0.89469,3.45,1.00
2014.01.30 09:04:14.273,0.89457,0.89469,1.00,1.55
2014.01.30 09:04:14.424,0.89457,0.89468,1.00,1.48
2014.01.30 09:04:14.760,0.89456,0.89468,1.00,3.45
2014.01.30 09:04:15.290,0.89456,0.89468,1.38,3.08
2014.01.30 09:04:15.391,0.89459,0.89468,1.00,2.33
2014.01.30 09:04:15.442,0.89459,0.89472,1.00,4.20
2014.01.30 09:04:16.084,0.8946,0.89472,1.00,3.45
2014.01.30 09:04:16.597,0.8946,0.89472,1.38,3.08
2014.01.30 09:04:18.488,0.8946,0.89469,1.00,1.08
2014.01.30 09:04:18.539,0.89458,0.89469,1.00,1.18
2014.01.30 09:04:18.590,0.89457,0.89469,1.95,1.10
2014.01.30 09:04:18.692,0.89458,0.89469,1.10,1.10
2014.01.30 09:04:18.945,0.89456,0.89469,4.58,1.38
2014.01.30 09:04:19.059,0.89457,0.89469,1.55,1.13
2014.01.30 09:04:20.807,0.89459,0.89472,1.00,4.20
2014.01.30 09:04:21.009,0.8946,0.89472,1.38,3.08
2014.01.30 09:04:21.538,0.8946,0.89472,1.00,3.45
2014.01.30 09:04:21.913,0.89459,0.89472,1.00,4.20
2014.01.30 09:04:22.217,0.89457,0.8947,1.18,1.48
2014.01.30 09:04:22.723,0.89455,0.89468,1.10,2.03
2014.01.30 09:04:22.875,0.89455,0.89467,1.10,2.70
2014.01.30 09:04:23.643,0.89455,0.89466,1.00,3.45
2014.01.30 09:04:23.949,0.89452,0.89464,1.00,2.70
2014.01.30 09:04:24.535,0.89453,0.89463,1.00,1.55
2014.01.30 09:04:24.805,0.89456,0.89463,1.00,1.55
2014.01.30 09:04:26.455,0.89455,0.89464,1.00,2.70
2014.01.30 09:04:26.808,0.89453,0.89464,1.50,2.70
2014.01.30 09:04:27.383,0.89452,0.89463,1.00,1.55
2014.01.30 09:04:27.434,0.8945,0.89463,2.33,2.03
2014.01.30 09:04:27.637,0.8945,0.89462,1.00,3.45
2014.01.30 09:04:28.153,0.89452,0.89463,1.00,2.70
2014.01.30 09:04:28.457,0.89449,0.89457,2.33,2.10
2014.01.30 09:04:28.559,0.89444,0.89457,1.48,3.08
2014.01.30 09:04:28.711,0.89446,0.89454,1.10,1.35
2014.01.30 09:04:28.913,0.89451,0.89456,1.00,2.33
2014.01.30 09:04:28.964,0.89451,0.89456,1.50,1.00
2014.01.30 09:04:29.066,0.89448,0.89459,1.00,3.08
2014.01.30 09:04:29.116,0.89453,0.89459,1.00,2.33
2014.01.30 09:04:29.420,0.89453,0.89459,1.00,2.33
2014.01.30 09:04:29.725,0.89456,0.89461,1.00,2.25
2014.01.30 09:04:29.877,0.89458,0.89467,1.38,1.60
2014.01.30 09:04:30.478,0.8946,0.89467,1.38,1.00
2014.01.30 09:04:31.399,0.89453,0.89464,2.63,10.06
2014.01.30 09:04:31.450,0.89454,0.89459,1.00,2.25
2014.01.30 09:04:31.551,0.89452,0.8946,1.00,1.05
2014.01.30 09:04:31.603,0.89452,0.8946,1.38,1.70
2014.01.30 09:04:31.654,0.89452,0.8946,1.38,1.80
2014.01.30 09:04:32.623,0.89451,0.89459,1.38,1.10
2014.01.30 09:04:32.725,0.89455,0.89463,1.38,1.18
2014.01.30 09:04:32.877,0.89455,0.89464,1.38,2.33
2014.01.30 09:04:33.181,0.89452,0.89464,1.38,2.33
2014.01.30 09:04:33.688,0.89451,0.89464,1.13,4.80
2014.01.30 09:04:34.164,0.89453,0.89463,1.00,2.33
2014.01.30 09:04:34.517,0.89453,0.89465,1.88,3.68
2014.01.30 09:04:35.044,0.89453,0.89465,1.13,4.05
2014.01.30 09:04:35.566,0.89453,0.89465,1.38,2.93
2014.01.30 09:04:36.287,0.89453,0.89465,1.38,2.93
2014.01.30 09:04:36.442,0.89453,0.89465,1.13,3.30
2014.01.30 09:04:36.684,0.89453,0.89463,1.38,2.33
2014.01.30 09:04:37.311,0.89453,0.89463,1.00,2.33
2014.01.30 09:04:40.225,0.89453,0.89462,1.13,3.08
2014.01.30 09:04:41.945,0.89453,0.8946,1.13,2.33
2014.01.30 09:04:42.198,0.8945,0.89459,1.00,2.33
2014.01.30 09:04:42.851,0.89448,0.89459,1.13,3.08
2014.01.30 09:04:43.270,0.89446,0.89453,1.13,2.25
2014.01.30 09:04:43.588,0.89438,0.89448,1.23,2.70
2014.01.30 09:04:43.689,0.89437,0.89448,1.23,3.45
2014.01.30 09:04:43.740,0.89437,0.89448,1.00,3.45
2014.01.30 09:04:43.791,0.89434,0.89448,1.95,3.45
2014.01.30 09:04:44.402,0.89434,0.89448,1.95,3.08
2014.01.30 09:04:45.297,0.89434,0.89443,1.00,1.08
2014.01.30 09:04:45.601,0.89424,0.89432,1.38,2.33
2014.01.30 09:04:46.350,0.89425,0.89432,1.13,2.33
2014.01.30 09:04:50.136,0.89424,0.89432,1.00,2.33
2014.01.30 09:04:50.338,0.89422,0.89431,1.50,2.33
2014.01.30 09:04:50.542,0.89425,0.8943,1.00,2.25
2014.01.30 09:04:50.827,0.89426,0.89434,1.13,2.25
2014.01.30 09:04:50.878,0.89426,0.89437,1.13,3.08
2014.01.30 09:04:51.285,0.89428,0.89437,1.00,3.08
2014.01.30 09:04:51.800,0.89425,0.89437,1.38,3.08
2014.01.30 09:04:52.776,0.89428,0.89437,1.50,3.08
2014.01.30 09:04:53.080,0.89432,0.8944,1.88,1.50
2014.01.30 09:04:53.585,0.89432,0.89444,1.38,2.33
2014.01.30 09:04:54.247,0.89432,0.89444,1.88,2.33
2014.01.30 09:04:54.581,0.89432,0.89442,1.38,2.18
2014.01.30 09:04:54.683,0.8943,0.89439,1.20,3.00
2014.01.30 09:04:54.835,0.8943,0.89437,1.13,2.33
2014.01.30 09:04:54.937,0.89427,0.89437,1.38,3.08
2014.01.30 09:04:55.038,0.89429,0.89439,1.13,4.20
2014.01.30 09:04:55.190,0.89431,0.89439,1.00,4.20
2014.01.30 09:04:55.444,0.89429,0.89438,1.00,1.18
2014.01.30 09:04:55.800,0.89428,0.89437,1.00,2.25
2014.01.30 09:04:55.851,0.89426,0.89437,1.00,2.33
2014.01.30 09:04:56.003,0.89426,0.89439,3.08,1.48
2014.01.30 09:04:56.307,0.89432,0.89441,1.18,1.38
2014.01.30 09:04:56.611,0.89431,0.89442,1.10,1.38
2014.01.30 09:04:56.814,0.89431,0.89442,1.10,1.38
2014.01.30 09:04:57.376,0.89431,0.8944,1.00,2.63
2014.01.30 09:04:57.722,0.89431,0.89442,1.50,3.45
2014.01.30 09:04:57.824,0.89433,0.89442,1.00,3.08
2014.01.30 09:04:58.026,0.89433,0.89443,1.13,2.33
2014.01.30 09:04:58.598,0.89434,0.89445,1.00,3.08
2014.01.30 09:04:59.106,0.89435,0.89443,1.00,1.18
2014.01.30 09:04:59.786,0.89432,0.89438,1.38,1.00
2014.01.30 09:04:59.837,0.8943,0.89434,1.10,1.35
2014.01.30 09:04:59.888,0.8943,0.89434,1.00,1.43
2014.01.30 09:04:59.939,0.89426,0.89433,1.00,1.00
2014.01.30 09:05:00.142,0.89429,0.89437,1.35,1.28
2014.01.30 09:05:00.244,0.89429,0.89438,1.35,1.00
2014.01.30 09:05:00.346,0.89432,0.89439,1.00,1.00
2014.01.30 09:05:00.448,0.89427,0.89439,1.28,2.48
2014.01.30 09:05:00.651,0.89432,0.8944,1.00,2.33
2014.01.30 09:05:00.804,0.89432,0.89443,1.00,1.18
2014.01.30 09:05:01.218,0.89435,0.89444,1.00,4.20
2014.01.30 09:05:01.580,0.89435,0.89444,1.00,1.88
2014.01.30 09:05:01.896,0.89437,0.89444,1.00,1.00
2014.01.30 09:05:01.998,0.89437,0.89448,1.00,4.20
2014.01.30 09:05:02.403,0.89437,0.89448,1.00,1.10
2014.01.30 09:05:02.707,0.89436,0.89445,4.50,1.00
2014.01.30 09:05:02.911,0.89432,0.89445,2.33,1.88
2014.01.30 09:05:03.012,0.89434,0.89445,3.08,1.13
2014.01.30 09:05:03.625,0.89434,0.89445,3.08,1.38
2014.01.30 09:05:03.934,0.89436,0.89448,3.45,1.50
2014.01.30 09:05:03.985,0.89439,0.89448,2.33,1.00
2014.01.30 09:05:04.289,0.89439,0.89451,3.08,2.63
2014.01.30 09:05:05.874,0.89442,0.89452,1.10,1.13
2014.01.30 09:05:06.076,0.89442,0.89453,3.08,1.13
2014.01.30 09:05:06.610,0.89444,0.89456,1.18,1.38
2014.01.30 09:05:07.008,0.89442,0.89454,1.65,1.38
2014.01.30 09:05:07.463,0.89444,0.89454,1.00,1.13
2014.01.30 09:05:07.867,0.89445,0.89454,2.33,1.13
2014.01.30 09:05:08.377,0.89445,0.89455,2.33,1.00
2014.01.30 09:05:08.726,0.89441,0.89451,3.45,2.85
2014.01.30 09:05:08.929,0.89444,0.89455,2.25,1.48
2014.01.30 09:05:09.081,0.89448,0.89455,1.00,1.00
2014.01.30 09:05:09.132,0.8945,0.8946,1.00,4.80
2014.01.30 09:05:09.183,0.89451,0.8946,1.38,4.43
2014.01.30 09:05:09.284,0.89451,0.8946,1.88,3.30
2014.01.30 09:05:09.336,0.89454,0.8946,1.00,2.70
2014.01.30 09:05:09.539,0.89455,0.89466,2.70,1.38
2014.01.30 09:05:09.793,0.89455,0.89466,3.08,1.13
2014.01.30 09:05:09.844,0.89455,0.89466,3.08,1.38
2014.01.30 09:05:10.148,0.89455,0.89468,3.08,1.88
2014.01.30 09:05:10.300,0.89455,0.89468,3.08,1.38
2014.01.30 09:05:10.402,0.89455,0.89468,3.08,1.38
2014.01.30 09:05:11.598,0.89453,0.89465,3.08,1.38
2014.01.30 09:05:11.700,0.89453,0.89464,2.33,1.38
2014.01.30 09:05:11.752,0.89451,0.8946,2.33,1.38
2014.01.30 09:05:11.803,0.89451,0.8946,2.25,1.38
2014.01.30 09:05:12.057,0.8945,0.8946,2.33,1.38
2014.01.30 09:05:12.361,0.89449,0.89462,3.83,1.48
2014.01.30 09:05:12.900,0.89451,0.89464,1.18,1.48
2014.01.30 09:05:14.252,0.89453,0.89464,1.00,1.48
2014.01.30 09:05:14.862,0.89451,0.89464,1.65,1.48
2014.01.30 09:05:15.909,0.89454,0.89466,1.00,3.45
2014.01.30 09:05:16.514,0.89455,0.89466,1.00,3.45
2014.01.30 09:05:16.767,0.89453,0.89464,1.00,1.48
2014.01.30 09:05:16.919,0.89451,0.89464,1.00,3.45
2014.01.30 09:05:17.479,0.89452,0.89464,1.00,3.45
2014.01.30 09:05:18.760,0.89451,0.89464,1.00,3.45
2014.01.30 09:05:19.023,0.89451,0.89464,3.00,3.38
2014.01.30 09:05:19.428,0.89453,0.89466,2.33,1.48
2014.01.30 09:05:19.730,0.89453,0.89466,2.33,1.95
2014.01.30 09:05:19.899,0.89456,0.89466,1.10,1.20
2014.01.30 09:05:20.433,0.89456,0.89466,1.18,1.00
2014.01.30 09:05:20.535,0.89459,0.89466,1.00,1.00
2014.01.30 09:05:20.586,0.89459,0.89468,1.00,1.10
2014.01.30 09:05:20.637,0.89461,0.89468,1.00,1.10
2014.01.30 09:05:20.840,0.89458,0.89468,1.13,1.10
2014.01.30 09:05:21.514,0.89456,0.89468,1.55,1.10
2014.01.30 09:05:22.055,0.89455,0.89468,1.95,1.28
2014.01.30 09:05:22.449,0.89455,0.89467,1.50,2.70
2014.01.30 09:05:23.796,0.89456,0.89467,1.00,2.70
2014.01.30 09:05:24.112,0.89459,0.89467,1.00,2.70
2014.01.30 09:05:24.264,0.89456,0.89467,1.00,2.70
2014.01.30 09:05:24.618,0.89454,0.89462,1.00,1.00
2014.01.30 09:05:24.922,0.89452,0.89462,1.35,2.70
2014.01.30 09:05:27.229,0.89455,0.89463,1.50,2.63
2014.01.30 09:05:27.381,0.89455,0.89466,1.50,2.63
2014.01.30 09:05:27.534,0.89458,0.89466,1.00,3.23
2014.01.30 09:05:27.963,0.8946,0.89468,1.00,2.33
2014.01.30 09:05:28.635,0.89455,0.89469,2.03,2.03
2014.01.30 09:05:29.144,0.89455,0.89469,1.65,2.03
2014.01.30 09:05:29.784,0.89456,0.89466,1.00,2.70
2014.01.30 09:05:29.886,0.89452,0.89466,4.50,3.30
2014.01.30 09:05:30.404,0.89452,0.89463,1.48,2.33
2014.01.30 09:05:30.455,0.89452,0.89462,1.00,2.33
2014.01.30 09:05:31.038,0.89452,0.89463,1.00,2.70
2014.01.30 09:05:31.473,0.89454,0.89464,1.00,3.08
2014.01.30 09:05:31.676,0.89454,0.89466,1.00,3.68
2014.01.30 09:05:32.179,0.89454,0.89466,1.08,1.05
2014.01.30 09:05:32.681,0.89454,0.89466,1.28,1.30
2014.01.30 09:05:33.178,0.89458,0.89468,1.00,1.58
2014.01.30 09:05:33.230,0.89458,0.89469,1.00,1.95
2014.01.30 09:05:33.947,0.89456,0.89469,1.55,1.58
2014.01.30 09:05:35.358,0.89462,0.89469,1.00,1.10
2014.01.30 09:05:35.511,0.89463,0.89475,3.45,1.00
2014.01.30 09:05:35.562,0.89463,0.89473,3.45,2.85
2014.01.30 09:05:36.070,0.89459,0.89472,1.95,1.18
2014.01.30 09:05:36.924,0.8946,0.89473,1.38,3.08
2014.01.30 09:05:37.486,0.8946,0.89473,3.45,1.95
2014.01.30 09:05:38.020,0.8946,0.89473,3.45,1.10
2014.01.30 09:05:38.630,0.8946,0.89474,3.45,2.40
2014.01.30 09:05:39.527,0.89458,0.89472,3.45,1.20
2014.01.30 09:05:45.547,0.89462,0.89474,1.00,3.83
2014.01.30 09:05:45.853,0.89465,0.89477,1.38,1.18
2014.01.30 09:05:45.955,0.89466,0.89478,1.48,1.20
2014.01.30 09:05:46.462,0.8947,0.8948,1.20,1.00
2014.01.30 09:05:46.969,0.8947,0.89479,1.48,1.00
2014.01.30 09:05:48.730,0.8947,0.8948,1.48,1.00
2014.01.30 09:05:49.396,0.8947,0.8948,1.48,1.00
2014.01.30 09:05:49.996,0.8947,0.8948,1.48,1.00
2014.01.30 09:05:50.537,0.8947,0.8948,1.00,1.18
2014.01.30 09:05:51.065,0.89469,0.8948,1.13,1.18
2014.01.30 09:05:51.996,0.89469,0.8948,1.20,1.20
2014.01.30 09:05:53.296,0.89469,0.8948,1.48,1.58
2014.01.30 09:05:53.600,0.89472,0.8948,1.00,1.00
2014.01.30 09:05:54.600,0.8947,0.8948,1.48,1.00
2014.01.30 09:05:55.208,0.89472,0.8948,1.00,1.00
2014.01.30 09:05:57.291,0.8947,0.8948,1.80,1.00
2014.01.30 09:05:57.857,0.8947,0.8948,1.00,1.18
2014.01.30 09:05:58.009,0.89468,0.89478,1.10,1.38
2014.01.30 09:05:58.313,0.89462,0.89469,1.38,1.00
2014.01.30 09:05:58.364,0.89461,0.89469,1.20,1.00
2014.01.30 09:05:58.686,0.89463,0.89471,1.13,1.18
2014.01.30 09:06:00.515,0.89463,0.8947,1.00,2.25
2014.01.30 09:06:01.114,0.89462,0.8947,1.35,2.33
2014.01.30 09:06:01.266,0.89462,0.89471,1.35,1.18
2014.01.30 09:06:01.367,0.89462,0.8947,1.35,2.33
2014.01.30 09:06:01.690,0.8946,0.89468,2.85,2.33
2014.01.30 09:06:01.842,0.89454,0.89464,3.75,1.00
2014.01.30 09:06:01.893,0.89454,0.89463,3.30,2.25
2014.01.30 09:06:01.995,0.89454,0.89464,3.30,1.08
2014.01.30 09:06:02.097,0.89454,0.89462,2.85,2.33
2014.01.30 09:06:03.213,0.89458,0.89465,1.00,3.75
2014.01.30 09:06:03.265,0.89458,0.89467,1.35,3.83
2014.01.30 09:06:03.316,0.89458,0.89465,1.35,2.33
2014.01.30 09:06:03.620,0.89456,0.89463,1.50,2.33
2014.01.30 09:06:03.924,0.8946,0.89465,1.88,2.18
2014.01.30 09:06:04.077,0.8946,0.89468,1.88,3.08
2014.01.30 09:06:04.432,0.89461,0.89469,1.00,1.18
2014.01.30 09:06:04.584,0.89464,0.8947,1.00,3.08
2014.01.30 09:06:06.666,0.89461,0.89468,1.00,1.10
2014.01.30 09:06:06.818,0.89461,0.89467,1.00,3.38
2014.01.30 09:06:06.869,0.89457,0.89467,1.00,3.38
2014.01.30 09:06:06.920,0.89457,0.89464,1.00,2.25
2014.01.30 09:06:07.224,0.89456,0.89462,1.00,2.33
2014.01.30 09:06:08.999,0.89458,0.89464,1.35,1.10
2014.01.30 09:06:09.101,0.89461,0.89466,1.00,3.38
2014.01.30 09:06:09.202,0.89458,0.89466,1.00,2.70
2014.01.30 09:06:09.354,0.89459,0.89467,1.00,1.18
2014.01.30 09:06:09.607,0.89459,0.89466,1.00,2.70
2014.01.30 09:06:09.924,0.89461,0.89467,1.00,1.00
2014.01.30 09:06:10.374,0.89461,0.89471,1.00,2.03
2014.01.30 09:06:10.475,0.89463,0.89471,1.00,1.20
2014.01.30 09:06:10.779,0.89466,0.89475,1.18,1.13
2014.01.30 09:06:11.082,0.8947,0.89479,1.00,1.48
2014.01.30 09:06:11.386,0.89469,0.89479,2.10,2.70
2014.01.30 09:06:11.713,0.89475,0.89481,1.00,2.70
2014.01.30 09:06:11.865,0.89476,0.89482,1.00,2.25
2014.01.30 09:06:11.966,0.89477,0.89483,1.00,1.20
2014.01.30 09:06:13.246,0.89474,0.89484,1.00,1.38
2014.01.30 09:06:13.721,0.89471,0.89484,3.08,1.38
2014.01.30 09:06:15.073,0.89471,0.89484,1.10,1.55
2014.01.30 09:06:18.624,0.8947,0.89481,1.50,1.20
2014.01.30 09:06:18.675,0.8947,0.89481,1.00,3.45
2014.01.30 09:06:18.928,0.89465,0.89477,1.00,2.70
2014.01.30 09:06:19.080,0.89462,0.89476,1.28,1.55
2014.01.30 09:06:19.470,0.89462,0.89475,1.10,2.70
2014.01.30 09:06:20.183,0.89463,0.89475,1.00,2.70
2014.01.30 09:06:21.145,0.89462,0.89475,1.95,2.70
2014.01.30 09:06:21.597,0.89464,0.89477,1.00,2.70
2014.01.30 09:06:22.999,0.89464,0.89475,1.00,2.70
2014.01.30 09:06:23.322,0.89464,0.89473,1.00,2.33
2014.01.30 09:06:24.015,0.89465,0.89473,1.00,2.33
2014.01.30 09:06:24.545,0.89464,0.89473,1.00,2.33
2014.01.30 09:06:25.316,0.89466,0.89474,1.00,2.33
2014.01.30 09:06:25.468,0.89467,0.89477,1.50,2.70
2014.01.30 09:06:25.569,0.89467,0.89479,1.00,2.70
2014.01.30 09:06:25.620,0.89469,0.89479,1.00,2.70
2014.01.30 09:06:27.111,0.89469,0.89481,1.00,2.70
2014.01.30 09:06:27.213,0.89471,0.89481,1.00,2.33
2014.01.30 09:06:27.568,0.89471,0.89483,1.00,2.70
2014.01.30 09:06:28.638,0.89475,0.89483,1.00,2.33
2014.01.30 09:06:28.942,0.8948,0.89486,1.00,2.33
2014.01.30 09:06:29.666,0.89478,0.89486,1.00,2.70
2014.01.30 09:06:30.956,0.89477,0.89486,1.50,2.70
2014.01.30 09:06:32.257,0.89478,0.89486,1.00,2.33
2014.01.30 09:06:33.468,0.89477,0.89486,1.50,2.33
2014.01.30 09:06:33.894,0.89479,0.89487,1.60,2.33
2014.01.30 09:06:33.996,0.89481,0.89489,1.00,3.45
2014.01.30 09:06:34.148,0.89479,0.89489,1.13,3.45
2014.01.30 09:06:34.350,0.89479,0.89487,1.38,1.10
2014.01.30 09:06:34.452,0.89478,0.89487,1.50,1.00
2014.01.30 09:06:34.654,0.89476,0.89485,3.23,2.25
2014.01.30 09:06:35.173,0.89476,0.89486,2.48,2.33
2014.01.30 09:06:35.428,0.89477,0.89488,1.98,3.08
2014.01.30 09:06:35.945,0.89478,0.89488,2.10,3.08
2014.01.30 09:06:37.587,0.89477,0.89488,1.00,3.45
2014.01.30 09:06:37.638,0.89475,0.89488,1.13,3.45
2014.01.30 09:06:37.844,0.89473,0.89484,1.88,2.33
2014.01.30 09:06:38.380,0.89474,0.89483,1.00,2.33
2014.01.30 09:06:38.925,0.89473,0.89483,1.50,2.33
2014.01.30 09:06:42.316,0.89472,0.89483,1.00,3.45
2014.01.30 09:06:42.648,0.89471,0.89479,1.00,1.95
2014.01.30 09:06:42.851,0.89466,0.89478,3.00,1.13
2014.01.30 09:06:42.953,0.89466,0.89478,3.00,1.38
2014.01.30 09:06:43.155,0.89463,0.89476,1.50,2.70
2014.01.30 09:06:43.206,0.89463,0.89474,1.50,2.25
2014.01.30 09:06:43.510,0.89462,0.89468,1.00,2.33
2014.01.30 09:06:43.560,0.89459,0.89469,1.13,2.33
2014.01.30 09:06:43.662,0.89459,0.89465,1.00,2.33
2014.01.30 09:06:43.915,0.89456,0.89464,1.35,2.33
2014.01.30 09:06:44.399,0.89454,0.89464,1.00,2.70
2014.01.30 09:06:44.450,0.89451,0.89461,1.00,1.20
2014.01.30 09:06:44.552,0.89448,0.89459,1.58,2.70
2014.01.30 09:06:44.857,0.89447,0.89457,2.63,2.33
2014.01.30 09:06:45.060,0.89446,0.89458,1.05,1.58
2014.01.30 09:06:45.566,0.89448,0.8946,1.00,3.30
2014.01.30 09:06:45.617,0.89447,0.89456,1.13,1.00
2014.01.30 09:06:46.145,0.89446,0.89456,1.13,1.10
2014.01.30 09:06:46.449,0.89442,0.89454,2.03,1.20
2014.01.30 09:06:46.761,0.89445,0.89454,1.00,1.48
2014.01.30 09:06:47.065,0.89445,0.89452,1.00,2.25
2014.01.30 09:06:47.116,0.89445,0.89456,1.00,2.70
2014.01.30 09:06:48.176,0.89445,0.89457,1.00,2.70
2014.01.30 09:06:48.630,0.89447,0.89458,1.00,2.70
2014.01.30 09:06:48.732,0.89447,0.89459,1.00,1.55
2014.01.30 09:06:49.351,0.89447,0.8946,1.88,3.45
2014.01.30 09:06:49.503,0.89448,0.89461,1.20,2.03
2014.01.30 09:06:49.604,0.89449,0.89461,3.68,1.38
2014.01.30 09:06:49.655,0.89454,0.89464,1.13,1.65
2014.01.30 09:06:49.908,0.89454,0.89462,1.00,3.00
2014.01.30 09:06:50.009,0.8945,0.89462,2.03,1.10
2014.01.30 09:06:50.596,0.8945,0.89462,1.48,1.10
2014.01.30 09:06:51.651,0.89449,0.8946,1.48,1.08
2014.01.30 09:06:51.752,0.89447,0.89456,1.18,1.00
2014.01.30 09:06:51.854,0.89446,0.89456,3.00,2.70
2014.01.30 09:06:51.905,0.89442,0.89451,1.20,1.00
2014.01.30 09:06:52.408,0.89441,0.89452,1.13,1.18
2014.01.30 09:06:52.820,0.89448,0.89452,1.00,1.10
2014.01.30 09:06:52.972,0.89448,0.89456,1.00,1.65
2014.01.30 09:06:55.369,0.89445,0.89456,1.38,1.18
2014.01.30 09:06:55.928,0.89448,0.89456,1.00,1.18
2014.01.30 09:06:56.433,0.89446,0.89456,1.38,1.18
2014.01.30 09:06:56.934,0.89446,0.89456,1.00,1.18
2014.01.30 09:06:57.877,0.89446,0.89456,1.00,3.45
2014.01.30 09:06:58.433,0.89443,0.89456,4.73,3.45
2014.01.30 09:07:01.388,0.89443,0.89454,3.98,2.33
2014.01.30 09:07:03.947,0.89443,0.89454,3.98,2.33
2014.01.30 09:07:05.266,0.89445,0.89454,1.30,2.33
2014.01.30 09:07:06.631,0.89443,0.89455,3.98,2.33
2014.01.30 09:07:07.586,0.89443,0.89454,3.23,2.33
2014.01.30 09:07:10.336,0.89443,0.89451,1.00,1.10
2014.01.30 09:07:10.439,0.89439,0.89448,1.35,2.25
2014.01.30 09:07:10.794,0.89434,0.89445,2.85,2.70
2014.01.30 09:07:10.947,0.89434,0.89443,2.10,2.33
2014.01.30 09:07:13.769,0.89432,0.89443,1.38,2.33
2014.01.30 09:07:13.871,0.89431,0.89441,1.88,2.25
2014.01.30 09:07:14.428,0.89429,0.89437,1.00,1.00
2014.01.30 09:07:14.530,0.89425,0.89436,3.38,1.10
2014.01.30 09:07:14.632,0.89425,0.89436,2.25,1.95
2014.01.30 09:07:14.936,0.89424,0.89433,1.00,2.33
2014.01.30 09:07:15.139,0.89422,0.89432,1.00,2.33
2014.01.30 09:07:15.341,0.89419,0.89432,1.10,3.45
2014.01.30 09:07:15.909,0.89419,0.89431,1.13,2.70
2014.01.30 09:07:16.415,0.89419,0.89431,1.00,2.70
2014.01.30 09:07:16.540,0.89417,0.89431,1.10,2.70
2014.01.30 09:07:16.744,0.89415,0.89428,1.10,1.55
2014.01.30 09:07:16.795,0.89414,0.89428,2.40,1.55
2014.01.30 09:07:17.438,0.89414,0.89427,1.10,2.70
2014.01.30 09:07:17.854,0.89416,0.89427,1.00,2.70
2014.01.30 09:07:18.442,0.89414,0.89427,1.10,2.70
2014.01.30 09:07:18.895,0.89414,0.89423,1.00,2.25
2014.01.30 09:07:19.141,0.89412,0.89423,1.50,2.70
2014.01.30 09:07:19.344,0.8941,0.89423,1.00,3.45
2014.01.30 09:07:21.133,0.89411,0.89423,1.35,3.45
2014.01.30 09:07:21.184,0.89413,0.89423,1.38,1.08
2014.01.30 09:07:21.235,0.89413,0.89425,1.38,1.65
2014.01.30 09:07:21.286,0.89413,0.89424,1.00,2.63
2014.01.30 09:07:21.590,0.89412,0.89422,1.13,2.33
2014.01.30 09:07:22.120,0.89412,0.89421,1.00,3.08
2014.01.30 09:07:22.475,0.89412,0.89421,1.00,1.00
2014.01.30 09:07:22.829,0.89415,0.89426,1.00,3.08
2014.01.30 09:07:23.245,0.89415,0.89427,1.48,2.93
2014.01.30 09:07:23.850,0.89415,0.89427,1.13,4.80
2014.01.30 09:07:24.499,0.89417,0.89427,1.00,4.80
2014.01.30 09:07:25.105,0.89417,0.89425,1.00,3.08
2014.01.30 09:07:25.156,0.89415,0.89425,1.00,3.45
2014.01.30 09:07:25.359,0.89415,0.89423,1.00,1.48
2014.01.30 09:07:25.887,0.89415,0.89422,1.00,2.70
2014.01.30 09:07:26.414,0.89415,0.89423,1.00,1.55
2014.01.30 09:07:26.465,0.89412,0.89423,1.00,1.55
2014.01.30 09:07:27.354,0.8941,0.89423,1.00,3.45
2014.01.30 09:07:27.455,0.8941,0.89422,1.00,1.55
2014.01.30 09:07:27.658,0.89411,0.89421,1.00,1.20
2014.01.30 09:07:27.760,0.89409,0.89423,1.20,4.20
2014.01.30 09:07:27.811,0.89409,0.89421,1.10,1.48
2014.01.30 09:07:28.115,0.89407,0.89419,1.95,1.20
2014.01.30 09:07:28.318,0.89409,0.8942,1.00,1.28
2014.01.30 09:07:28.623,0.89412,0.89423,1.00,4.05
2014.01.30 09:07:30.434,0.8941,0.89422,1.00,1.55
2014.01.30 09:07:30.737,0.8942,0.89426,1.00,1.20
2014.01.30 09:07:30.838,0.89417,0.89428,1.10,1.48
2014.01.30 09:07:31.092,0.89418,0.89429,1.00,1.65
2014.01.30 09:07:31.628,0.89418,0.89429,1.10,1.58
2014.01.30 09:07:32.135,0.89418,0.89429,1.38,1.08
2014.01.30 09:07:32.674,0.89418,0.89429,1.00,1.28
2014.01.30 09:07:32.776,0.89418,0.89431,2.55,3.45
2014.01.30 09:07:33.079,0.89423,0.89435,1.00,3.45
2014.01.30 09:07:33.186,0.89425,0.89435,1.00,3.45
2014.01.30 09:07:33.444,0.89423,0.89435,1.00,3.45
2014.01.30 09:07:33.780,0.89423,0.8943,1.00,1.00
2014.01.30 09:07:33.881,0.89418,0.89429,1.45,1.10
2014.01.30 09:07:34.083,0.89418,0.89429,1.13,1.10
2014.01.30 09:07:40.245,0.89418,0.89429,1.00,1.48
2014.01.30 09:07:42.086,0.89418,0.89426,1.00,1.00
2014.01.30 09:07:42.238,0.89414,0.89426,2.33,1.48
2014.01.30 09:07:42.441,0.89414,0.89426,1.10,1.48
2014.01.30 09:07:42.947,0.89414,0.89425,1.00,3.45
2014.01.30 09:07:43.275,0.89412,0.89421,1.50,2.70
2014.01.30 09:07:44.091,0.89415,0.89425,1.00,1.18
2014.01.30 09:07:44.145,0.89416,0.89428,1.10,1.55
2014.01.30 09:07:44.196,0.89416,0.89429,1.48,3.83
2014.01.30 09:07:44.247,0.89418,0.89429,1.13,1.58
2014.01.30 09:07:44.349,0.89425,0.89431,1.00,4.80
2014.01.30 09:07:44.652,0.89426,0.89434,1.00,2.03
2014.01.30 09:07:44.805,0.89423,0.89433,1.00,1.20
2014.01.30 09:07:45.209,0.89425,0.89433,1.00,1.20
2014.01.30 09:07:45.361,0.89423,0.89433,1.00,1.48
2014.01.30 09:07:45.514,0.89425,0.89435,2.33,1.38
2014.01.30 09:07:45.717,0.89429,0.8944,1.88,1.18
2014.01.30 09:07:45.818,0.89429,0.89442,1.95,2.63
2014.01.30 09:07:46.274,0.89431,0.89443,1.55,1.00
2014.01.30 09:07:46.427,0.89433,0.89445,1.28,1.20
2014.01.30 09:07:46.731,0.89432,0.89443,1.13,3.00
2014.01.30 09:07:47.839,0.8943,0.89442,1.58,1.05
2014.01.30 09:07:48.378,0.89431,0.89442,1.00,1.05
2014.01.30 09:07:48.933,0.89431,0.89442,1.00,2.08
2014.01.30 09:07:49.237,0.8943,0.89437,1.00,3.83
2014.01.30 09:07:49.288,0.89427,0.89437,1.00,3.83
2014.01.30 09:07:49.642,0.89424,0.89435,1.00,1.28
2014.01.30 09:07:50.262,0.89423,0.89435,1.00,2.03
2014.01.30 09:07:51.094,0.89423,0.89435,1.00,2.03
2014.01.30 09:07:52.376,0.89421,0.89433,1.28,1.73
2014.01.30 09:07:52.528,0.8942,0.89431,1.13,3.08
2014.01.30 09:07:52.882,0.8942,0.89428,1.00,2.93
2014.01.30 09:07:52.933,0.89416,0.89427,1.10,3.38
2014.01.30 09:07:53.186,0.89416,0.89426,1.00,3.45
2014.01.30 09:07:53.715,0.89416,0.89424,1.00,2.70
2014.01.30 09:07:54.043,0.89406,0.89415,1.38,1.38
2014.01.30 09:07:54.094,0.89405,0.89417,1.58,1.55
2014.01.30 09:07:54.197,0.89407,0.89418,1.13,2.70
2014.01.30 09:07:54.400,0.89407,0.8942,1.65,1.48
2014.01.30 09:07:54.909,0.89409,0.89422,1.00,2.70
2014.01.30 09:07:55.111,0.89409,0.89423,3.00,4.80
2014.01.30 09:07:55.644,0.89409,0.89423,3.45,2.63
2014.01.30 09:07:56.374,0.89409,0.89423,3.45,2.63
2014.01.30 09:07:57.844,0.89416,0.89423,1.00,1.55
2014.01.30 09:07:58.096,0.89415,0.89425,1.00,1.20
2014.01.30 09:07:58.556,0.89416,0.89428,1.50,1.68
2014.01.30 09:07:58.689,0.89418,0.89429,1.10,1.38
2014.01.30 09:07:58.942,0.89423,0.89435,1.00,5.63
2014.01.30 09:07:59.684,0.89423,0.89435,1.00,3.45
2014.01.30 09:08:00.793,0.89429,0.89435,1.00,1.10
2014.01.30 09:08:00.996,0.89432,0.89437,1.00,2.25
2014.01.30 09:08:01.199,0.89428,0.89437,1.00,2.33
2014.01.30 09:08:01.503,0.89428,0.89441,1.10,1.55
2014.01.30 09:08:01.554,0.89429,0.89441,2.25,1.48
2014.01.30 09:08:02.192,0.89429,0.89441,2.33,1.38
2014.01.30 09:08:02.497,0.89427,0.89432,2.25,1.00
2014.01.30 09:08:02.700,0.89425,0.89429,1.00,1.58
2014.01.30 09:08:03.068,0.89423,0.89427,1.00,1.00
2014.01.30 09:08:03.170,0.89414,0.89424,2.89,1.88
2014.01.30 09:08:03.271,0.89415,0.89421,2.63,1.88
2014.01.30 09:08:03.373,0.89408,0.8942,2.70,1.00
2014.01.30 09:08:03.426,0.89408,0.8942,2.33,1.38
2014.01.30 09:08:03.680,0.89406,0.89414,1.00,1.50
2014.01.30 09:08:03.732,0.89403,0.89413,1.18,1.13
2014.01.30 09:08:04.263,0.89403,0.89413,1.00,1.18
2014.01.30 09:08:04.771,0.89403,0.89414,1.38,2.33
2014.01.30 09:08:04.872,0.89406,0.89415,1.00,1.00
2014.01.30 09:08:05.555,0.89407,0.89415,1.00,1.00
2014.01.30 09:08:05.657,0.8941,0.89416,1.00,1.10
2014.01.30 09:08:05.810,0.8941,0.8942,1.00,2.63
2014.01.30 09:08:05.911,0.8941,0.89421,1.00,1.55
2014.01.30 09:08:07.057,0.8941,0.89421,1.00,3.45
2014.01.30 09:08:07.208,0.89408,0.8942,1.00,2.70
2014.01.30 09:08:07.310,0.89411,0.8942,1.00,2.70
2014.01.30 09:08:07.563,0.89417,0.89427,1.00,1.50
2014.01.30 09:08:07.776,0.89414,0.89427,1.95,1.28
2014.01.30 09:08:08.183,0.89417,0.89427,1.00,1.55
2014.01.30 09:08:08.694,0.89417,0.89428,1.00,2.70
2014.01.30 09:08:09.416,0.89415,0.89428,1.38,3.30
2014.01.30 09:08:09.719,0.89412,0.89423,1.48,1.73
2014.01.30 09:08:10.225,0.89413,0.89424,1.13,3.00
2014.01.30 09:08:10.529,0.89413,0.89425,2.48,1.28
2014.01.30 09:08:10.681,0.89416,0.89426,1.00,2.70
2014.01.30 09:08:10.934,0.89413,0.89426,1.18,1.55
2014.01.30 09:08:11.035,0.89412,0.89425,1.10,1.55
2014.01.30 09:08:11.548,0.89412,0.89425,1.20,1.55
2014.01.30 09:08:12.210,0.89414,0.89425,1.00,1.55
2014.01.30 09:08:12.666,0.89417,0.89427,1.00,2.33
2014.01.30 09:08:12.970,0.89425,0.89433,1.00,1.20
2014.01.30 09:08:13.174,0.8942,0.89432,3.08,1.38
2014.01.30 09:08:13.225,0.8942,0.89432,2.33,1.88
2014.01.30 09:08:13.327,0.89421,0.8943,1.00,2.70
2014.01.30 09:08:13.580,0.89421,0.89431,1.00,1.55
2014.01.30 09:08:13.682,0.89417,0.89431,1.18,1.55
2014.01.30 09:08:15.254,0.89417,0.89431,1.58,4.20
2014.01.30 09:08:15.786,0.89417,0.8943,1.50,2.70
2014.01.30 09:08:16.334,0.89417,0.89427,1.50,1.00
2014.01.30 09:08:16.688,0.89418,0.89429,1.00,1.20
2014.01.30 09:08:16.840,0.89416,0.89429,1.58,3.38
2014.01.30 09:08:20.132,0.89416,0.89427,1.00,1.48
2014.01.30 09:08:20.688,0.89414,0.89425,1.18,1.00
2014.01.30 09:08:22.963,0.89414,0.89425,1.18,1.38
2014.01.30 09:08:23.065,0.89412,0.89425,1.10,1.55
2014.01.30 09:08:23.813,0.89412,0.89425,3.45,1.00
2014.01.30 09:08:24.168,0.89414,0.89426,2.70,1.00
2014.01.30 09:08:25.634,0.89414,0.89427,3.08,1.38
2014.01.30 09:08:25.844,0.89414,0.89427,3.08,1.38
2014.01.30 09:08:26.955,0.89414,0.89427,1.20,2.25
2014.01.30 09:08:27.236,0.89418,0.89427,1.00,2.33
2014.01.30 09:08:27.338,0.89417,0.89429,1.00,4.20
2014.01.30 09:08:27.490,0.89416,0.89424,1.00,2.96
2014.01.30 09:08:27.541,0.89414,0.89422,1.00,1.91
2014.01.30 09:08:27.844,0.89413,0.89419,1.00,3.71
2014.01.30 09:08:27.895,0.89405,0.89419,1.10,3.79
2014.01.30 09:08:27.946,0.89405,0.89419,3.38,1.24
2014.01.30 09:08:28.250,0.89411,0.8942,1.00,1.10
2014.01.30 09:08:28.453,0.89413,0.89425,1.58,1.18
2014.01.30 09:08:28.504,0.89413,0.89426,3.75,1.20
2014.01.30 09:08:28.757,0.89415,0.89427,1.20,1.39
2014.01.30 09:08:28.859,0.89415,0.89427,3.08,1.30
2014.01.30 09:08:29.177,0.8942,0.8943,1.00,1.50
2014.01.30 09:08:29.538,0.89426,0.89433,1.00,2.25
2014.01.30 09:08:29.589,0.89424,0.89433,1.13,2.25
2014.01.30 09:08:29.691,0.89424,0.89436,1.13,2.63
2014.01.30 09:08:29.792,0.89424,0.89436,3.38,2.55
2014.01.30 09:08:29.843,0.89424,0.89438,3.38,2.63
2014.01.30 09:08:30.046,0.89426,0.89439,3.00,1.73
2014.01.30 09:08:30.585,0.89426,0.89439,1.18,1.55
2014.01.30 09:08:31.091,0.89427,0.89436,1.10,2.10
2014.01.30 09:08:31.142,0.89423,0.89436,3.45,2.85
2014.01.30 09:08:31.193,0.89423,0.89436,3.45,1.00
2014.01.30 09:08:31.345,0.89425,0.89438,3.45,1.48
2014.01.30 09:08:31.913,0.89425,0.89438,1.28,1.48
2014.01.30 09:08:32.880,0.89425,0.89438,1.65,1.55
2014.01.30 09:08:33.032,0.89422,0.89436,1.20,3.45
2014.01.30 09:08:33.133,0.89422,0.89436,3.45,1.55
2014.01.30 09:08:33.666,0.89424,0.89436,1.20,1.18
2014.01.30 09:08:34.463,0.89424,0.89436,1.95,1.18
2014.01.30 09:08:35.976,0.89422,0.89434,4.20,3.23
2014.01.30 09:08:36.078,0.8942,0.89433,3.08,1.00
2014.01.30 09:08:36.128,0.89425,0.89433,1.00,1.00
2014.01.30 09:08:36.331,0.89421,0.89434,3.45,1.30
2014.01.30 09:08:36.534,0.89421,0.89433,2.33,1.38
2014.01.30 09:08:36.737,0.89417,0.89429,1.13,3.45
2014.01.30 09:08:36.940,0.89418,0.89431,1.48,1.88
2014.01.30 09:08:37.042,0.89417,0.89427,1.38,2.10
2014.01.30 09:08:37.093,0.89415,0.89426,2.03,1.60
2014.01.30 09:08:37.598,0.89414,0.89426,2.33,1.98
2014.01.30 09:08:37.751,0.89413,0.89425,1.00,4.05
2014.01.30 09:08:37.954,0.89411,0.89425,1.10,4.05
2014.01.30 09:08:38.285,0.89413,0.89425,1.13,3.30
2014.01.30 09:08:38.387,0.89413,0.89426,1.48,1.88
2014.01.30 09:08:38.920,0.89413,0.89426,1.58,1.78
2014.01.30 09:08:41.568,0.89414,0.89426,1.13,1.13
2014.01.30 09:08:42.285,0.89415,0.89426,1.13,1.68
2014.01.30 09:08:42.436,0.89416,0.89428,1.38,1.18
2014.01.30 09:08:42.639,0.89418,0.89431,1.55,1.70
2014.01.30 09:08:43.729,0.8942,0.89431,1.00,1.05
2014.01.30 09:08:43.982,0.8942,0.89433,1.38,3.08
2014.01.30 09:08:44.489,0.89421,0.89433,1.38,2.33
2014.01.30 09:08:44.906,0.89423,0.89435,1.10,2.70
2014.01.30 09:08:45.160,0.89424,0.89437,1.38,4.20
2014.01.30 09:08:45.790,0.89424,0.89437,1.45,1.18
2014.01.30 09:08:46.382,0.89424,0.89437,1.55,1.10
2014.01.30 09:08:47.121,0.89424,0.89437,1.55,1.58
2014.01.30 09:08:47.839,0.89426,0.89437,2.63,1.50
2014.01.30 09:08:48.193,0.89427,0.8944,1.65,2.78
2014.01.30 09:08:48.375,0.8943,0.8944,2.33,1.00
2014.01.30 09:08:48.426,0.8943,0.89441,1.00,1.20
2014.01.30 09:08:48.477,0.8943,0.89441,1.88,1.10
2014.01.30 09:08:49.036,0.8943,0.89442,1.55,1.10
2014.01.30 09:08:49.552,0.8943,0.89442,1.10,1.55
2014.01.30 09:08:50.114,0.89428,0.89441,3.45,1.20
2014.01.30 09:08:50.270,0.89431,0.89442,3.08,1.38
2014.01.30 09:08:50.472,0.89434,0.89443,1.00,1.00
2014.01.30 09:08:50.523,0.89438,0.89443,1.60,1.10
2014.01.30 09:08:50.625,0.89442,0.89449,1.00,3.45
2014.01.30 09:08:50.879,0.89444,0.89449,1.00,2.25
2014.01.30 09:08:51.031,0.89446,0.89452,1.00,1.13
2014.01.30 09:08:51.082,0.89449,0.89455,1.00,1.28
2014.01.30 09:08:51.386,0.89448,0.89454,1.05,1.00
2014.01.30 09:08:51.437,0.8945,0.89454,1.00,1.00
2014.01.30 09:08:51.488,0.8945,0.89461,1.00,2.48
2014.01.30 09:08:51.793,0.89448,0.89459,1.43,1.48
2014.01.30 09:08:52.108,0.89446,0.89459,3.08,1.95
2014.01.30 09:08:52.745,0.89448,0.8946,1.10,1.55
2014.01.30 09:08:53.975,0.89448,0.89461,1.10,4.95
2014.01.30 09:08:54.178,0.89448,0.89461,1.10,3.45
2014.01.30 09:08:54.279,0.89449,0.89461,1.18,1.95
2014.01.30 09:08:54.634,0.89449,0.8946,2.33,1.38
2014.01.30 09:08:54.735,0.89448,0.8946,1.10,1.48
2014.01.30 09:08:54.786,0.8945,0.8946,1.00,1.48
2014.01.30 09:08:54.837,0.8945,0.89459,1.10,1.00
2014.01.30 09:08:54.989,0.89452,0.89461,1.00,1.38
2014.01.30 09:08:55.530,0.89452,0.89464,1.18,1.48
2014.01.30 09:08:55.741,0.89452,0.89464,1.18,1.48
2014.01.30 09:08:56.398,0.89452,0.89464,1.18,1.48
2014.01.30 09:08:57.952,0.89452,0.89462,1.18,1.38
2014.01.30 09:08:58.458,0.89451,0.89464,2.33,1.48
2014.01.30 09:08:58.560,0.89453,0.89464,2.25,1.38
2014.01.30 09:08:59.107,0.89454,0.89467,1.10,2.63
2014.01.30 09:08:59.656,0.89454,0.89467,1.10,2.63
2014.01.30 09:09:00.194,0.89454,0.89467,1.10,2.63
2014.01.30 09:09:01.138,0.89452,0.89463,3.08,1.38
2014.01.30 09:09:02.742,0.89452,0.89467,3.83,1.88
2014.01.30 09:09:06.089,0.89454,0.89467,2.33,1.80
2014.01.30 09:09:06.647,0.89454,0.89467,2.33,1.80
2014.01.30 09:09:06.958,0.89458,0.89469,2.33,2.48
2014.01.30 09:09:07.262,0.89461,0.8947,2.25,1.38
2014.01.30 09:09:07.388,0.89461,0.89474,1.18,1.48
2014.01.30 09:09:07.490,0.89463,0.89474,2.33,1.38
2014.01.30 09:09:07.693,0.89459,0.8947,2.03,1.38
2014.01.30 09:09:07.744,0.8946,0.89471,3.08,1.38
2014.01.30 09:09:08.254,0.89461,0.89474,2.33,1.48
2014.01.30 09:09:09.253,0.89462,0.89474,1.18,1.48
2014.01.30 09:09:10.307,0.89462,0.8947,1.20,1.00
2014.01.30 09:09:10.712,0.89461,0.89473,1.18,1.48
2014.01.30 09:09:11.533,0.89462,0.89475,1.18,2.70
2014.01.30 09:09:14.428,0.8946,0.89473,3.08,2.70
2014.01.30 09:09:14.529,0.8946,0.89471,1.10,1.88
2014.01.30 09:09:14.732,0.89458,0.89471,2.33,2.78
2014.01.30 09:09:14.833,0.89458,0.89471,4.58,1.48
2014.01.30 09:09:15.365,0.89458,0.89471,4.58,2.70
2014.01.30 09:09:15.416,0.89458,0.89471,2.33,4.95
2014.01.30 09:09:15.618,0.89459,0.89471,3.08,1.38
2014.01.30 09:09:15.669,0.8946,0.89472,1.18,1.05
2014.01.30 09:09:15.822,0.89461,0.89473,2.33,3.23
2014.01.30 09:09:16.344,0.89461,0.89473,3.08,1.88
2014.01.30 09:09:16.649,0.89465,0.89475,1.00,1.55
2014.01.30 09:09:16.750,0.89465,0.89475,1.13,1.55
2014.01.30 09:09:16.801,0.89465,0.89477,3.45,1.98
2014.01.30 09:09:16.953,0.89465,0.89476,3.45,1.30
2014.01.30 09:09:17.156,0.89467,0.89476,2.25,1.30
2014.01.30 09:09:17.207,0.89467,0.89479,2.25,1.88
2014.01.30 09:09:18.024,0.89466,0.89479,4.88,2.70
2014.01.30 09:09:18.075,0.89466,0.89479,4.50,2.70
2014.01.30 09:09:18.446,0.89465,0.89479,2.03,2.78
2014.01.30 09:09:21.932,0.89466,0.89479,3.08,1.88
2014.01.30 09:09:22.033,0.89468,0.89481,1.10,1.88
2014.01.30 09:09:22.536,0.89467,0.89481,1.65,1.88
2014.01.30 09:09:22.738,0.89469,0.89481,1.08,1.05
2014.01.30 09:09:25.913,0.89469,0.89483,1.28,1.55
2014.01.30 09:09:26.216,0.8947,0.89483,2.33,1.38
2014.01.30 09:09:28.280,0.8947,0.89483,2.70,1.38
2014.01.30 09:09:31.026,0.8947,0.89483,4.20,1.38
2014.01.30 09:09:31.280,0.89475,0.89488,1.18,1.48
2014.01.30 09:09:31.583,0.89475,0.89486,1.20,1.48
2014.01.30 09:09:31.735,0.89471,0.89484,3.83,1.88
2014.01.30 09:09:32.313,0.89471,0.89484,1.58,4.20
2014.01.30 09:09:32.464,0.89471,0.89484,1.10,4.20
2014.01.30 09:09:34.719,0.89469,0.89483,2.70,3.45
2014.01.30 09:09:35.660,0.89469,0.89483,1.58,3.45
2014.01.30 09:09:36.692,0.89469,0.89483,1.48,4.20
2014.01.30 09:09:37.271,0.89469,0.89483,1.58,3.45
2014.01.30 09:09:37.324,0.89472,0.89483,1.00,3.45
2014.01.30 09:09:37.527,0.89472,0.89485,2.70,3.45
2014.01.30 09:09:37.729,0.89472,0.89485,2.78,1.20
2014.01.30 09:09:40.495,0.89477,0.89487,1.45,1.58
2014.01.30 09:09:40.598,0.89479,0.89491,1.88,2.03
2014.01.30 09:09:40.801,0.89481,0.89493,1.00,1.55
2014.01.30 09:09:41.157,0.89481,0.89493,3.38,1.10
2014.01.30 09:09:41.658,0.89481,0.89495,4.58,1.48
2014.01.30 09:09:42.230,0.89481,0.89495,4.50,3.45
2014.01.30 09:09:42.892,0.89481,0.89494,2.25,2.70
2014.01.30 09:09:43.195,0.8948,0.89491,1.00,2.70
2014.01.30 09:09:43.398,0.89477,0.8949,1.13,1.55
2014.01.30 09:09:43.449,0.89477,0.89488,1.13,2.33
2014.01.30 09:09:43.601,0.89475,0.89487,1.00,1.55
2014.01.30 09:09:43.652,0.89475,0.89486,1.00,2.70
2014.01.30 09:09:44.159,0.89474,0.89485,1.50,2.70
2014.01.30 09:09:44.780,0.89472,0.89485,3.00,3.45
2014.01.30 09:09:47.060,0.89476,0.89485,1.00,2.70
2014.01.30 09:09:47.955,0.89473,0.89479,1.50,2.48
2014.01.30 09:09:48.208,0.89468,0.89475,1.00,2.70
2014.01.30 09:09:48.259,0.89464,0.89471,1.73,1.00
2014.01.30 09:09:48.310,0.89461,0.8947,1.00,3.38
2014.01.30 09:09:48.665,0.89457,0.89469,1.50,1.55
2014.01.30 09:09:48.766,0.89458,0.89469,1.00,1.55
2014.01.30 09:09:48.868,0.89456,0.89466,1.00,1.48
2014.01.30 09:09:49.374,0.89456,0.89466,1.00,3.45
2014.01.30 09:09:49.604,0.89458,0.89466,1.00,2.63
2014.01.30 09:09:49.656,0.89458,0.89468,1.00,1.55
2014.01.30 09:09:49.859,0.89463,0.89468,1.00,2.25
2014.01.30 09:09:50.112,0.89463,0.89469,1.00,1.50
2014.01.30 09:09:50.163,0.89461,0.89469,1.00,1.50
2014.01.30 09:09:50.214,0.89456,0.89469,1.28,1.95
2014.01.30 09:09:50.720,0.89456,0.89469,1.00,4.20
2014.01.30 09:09:51.225,0.89456,0.89469,1.00,3.45
2014.01.30 09:09:52.144,0.89459,0.89469,1.00,3.45
2014.01.30 09:09:52.731,0.89456,0.89469,1.38,3.08
2014.01.30 09:09:53.243,0.89454,0.89467,1.55,1.10
2014.01.30 09:09:53.934,0.89454,0.89467,1.55,1.10
2014.01.30 09:09:54.677,0.89454,0.89467,1.55,1.10
2014.01.30 09:09:54.778,0.89454,0.89466,1.48,1.43
2014.01.30 09:09:54.829,0.89451,0.89464,4.13,1.10
2014.01.30 09:09:54.931,0.89451,0.89462,2.63,1.00
2014.01.30 09:09:55.032,0.89449,0.89462,3.45,1.38
2014.01.30 09:09:55.184,0.89449,0.89461,1.13,2.70
2014.01.30 09:09:55.917,0.89449,0.89462,1.20,1.55
2014.01.30 09:09:57.003,0.89451,0.89462,2.25,1.20
2014.01.30 09:09:57.105,0.89453,0.89464,1.28,1.50
2014.01.30 09:09:57.257,0.89453,0.89467,1.55,2.03
2014.01.30 09:09:57.762,0.89454,0.89467,2.70,1.00
2014.01.30 09:10:00.752,0.89454,0.89467,3.45,1.38
2014.01.30 09:10:01.439,0.89454,0.89467,2.70,1.88
2014.01.30 09:10:03.913,0.89454,0.89467,2.70,1.50
2014.01.30 09:10:04.732,0.89454,0.89467,2.70,1.88
2014.01.30 09:10:04.884,0.89454,0.89467,1.20,1.55
2014.01.30 09:10:05.425,0.89454,0.89467,1.10,1.55
2014.01.30 09:10:06.106,0.89454,0.89466,1.00,2.70
2014.01.30 09:10:07.242,0.89455,0.89466,1.13,2.33
2014.01.30 09:10:07.343,0.89459,0.89466,1.00,2.33
2014.01.30 09:10:07.445,0.89456,0.89468,1.38,1.65
2014.01.30 09:10:09.205,0.89456,0.89469,2.25,3.45
2014.01.30 09:10:09.408,0.89461,0.89472,1.38,1.10
2014.01.30 09:10:09.459,0.89461,0.89472,1.38,1.10
2014.01.30 09:10:09.763,0.89474,0.8948,1.38,1.00
2014.01.30 09:10:09.864,0.89474,0.89486,1.38,1.18
2014.01.30 09:10:10.218,0.89474,0.89486,1.38,1.18
2014.01.30 09:10:10.732,0.89474,0.89486,1.38,1.18
2014.01.30 09:10:10.884,0.89479,0.89487,1.38,2.33
2014.01.30 09:10:11.189,0.8948,0.89491,1.00,1.58
2014.01.30 09:10:11.341,0.89479,0.89483,1.13,1.00
2014.01.30 09:10:11.392,0.89477,0.89483,1.10,1.00
2014.01.30 09:10:11.919,0.89474,0.89483,1.55,1.00
2014.01.30 09:10:12.362,0.89475,0.89487,1.48,1.10
2014.01.30 09:10:13.705,0.89476,0.89489,1.13,3.45
2014.01.30 09:10:14.772,0.89475,0.89487,1.38,3.00
2014.01.30 09:10:15.026,0.89475,0.89487,1.95,1.10
2014.01.30 09:10:15.573,0.89475,0.89487,1.20,1.20
2014.01.30 09:10:17.122,0.89475,0.89487,1.48,1.10
2014.01.30 09:10:17.692,0.89475,0.89489,2.33,3.45
2014.01.30 09:10:19.643,0.89475,0.89489,1.95,3.08
2014.01.30 09:10:20.240,0.89475,0.89489,2.70,3.45
2014.01.30 09:10:20.570,0.89478,0.8949,1.58,2.33
2014.01.30 09:10:20.924,0.89482,0.89491,1.00,2.70
2014.01.30 09:10:21.229,0.89481,0.89494,2.03,1.48
2014.01.30 09:10:21.745,0.89482,0.89494,1.20,1.20
2014.01.30 09:10:21.796,0.89485,0.89494,1.00,1.20
2014.01.30 09:10:21.897,0.89479,0.89491,1.10,1.95
2014.01.30 09:10:21.999,0.89478,0.89491,1.38,4.80
2014.01.30 09:10:22.101,0.89476,0.89487,1.00,1.20
2014.01.30 09:10:22.152,0.8948,0.89489,1.00,3.45
2014.01.30 09:10:22.203,0.8948,0.89489,1.38,1.10
2014.01.30 09:10:22.608,0.89482,0.89493,1.13,2.25
2014.01.30 09:10:22.709,0.89482,0.89494,1.20,1.20
2014.01.30 09:10:23.223,0.89481,0.89494,1.28,1.48
2014.01.30 09:10:25.373,0.89484,0.89496,1.00,2.70
2014.01.30 09:10:25.723,0.89482,0.89494,1.58,1.48
2014.01.30 09:10:26.244,0.89482,0.89494,1.95,1.18
2014.01.30 09:10:26.803,0.89484,0.89495,1.00,3.45
2014.01.30 09:10:27.124,0.89489,0.89495,1.00,2.25
2014.01.30 09:10:27.176,0.89489,0.89498,1.00,2.70
2014.01.30 09:10:27.841,0.89488,0.89499,1.00,1.55
2014.01.30 09:10:27.942,0.89488,0.89499,1.00,1.55
2014.01.30 09:10:28.283,0.89485,0.89494,1.00,1.13
2014.01.30 09:10:28.385,0.89482,0.89495,2.25,1.55
2014.01.30 09:10:28.486,0.89481,0.89494,7.43,1.48
2014.01.30 09:10:28.638,0.89481,0.89491,1.10,1.38
2014.01.30 09:10:28.688,0.8948,0.89491,1.18,1.38
2014.01.30 09:10:28.891,0.89479,0.89491,1.10,1.55
2014.01.30 09:10:29.372,0.89477,0.89485,2.33,1.13
2014.01.30 09:10:29.423,0.89474,0.89485,1.95,1.13
2014.01.30 09:10:29.474,0.89474,0.89485,1.95,1.38
2014.01.30 09:10:29.777,0.8947,0.89482,2.25,1.55
2014.01.30 09:10:30.041,0.8947,0.89482,1.00,1.55
2014.01.30 09:10:30.331,0.89471,0.89482,1.60,1.55
2014.01.30 09:10:30.432,0.89473,0.89483,1.50,2.70
2014.01.30 09:10:30.584,0.89473,0.89486,1.58,2.03
2014.01.30 09:10:30.787,0.89473,0.89481,1.10,1.13
2014.01.30 09:10:31.090,0.89473,0.89481,1.00,3.38
2014.01.30 09:10:31.192,0.89469,0.89478,1.00,1.00
2014.01.30 09:10:31.243,0.89467,0.89478,1.65,1.88
2014.01.30 09:10:31.496,0.89463,0.89475,1.00,1.55
2014.01.30 09:10:31.799,0.89461,0.89473,1.00,2.70
2014.01.30 09:10:32.187,0.89461,0.89473,1.00,2.70
2014.01.30 09:10:32.665,0.89461,0.89475,1.10,3.45
2014.01.30 09:10:32.716,0.89463,0.89475,1.00,2.70
2014.01.30 09:10:32.969,0.89465,0.89477,1.00,3.38
2014.01.30 09:10:33.742,0.89465,0.89479,1.10,3.45
2014.01.30 09:10:34.245,0.89465,0.89479,1.10,3.45
2014.01.30 09:10:35.375,0.89465,0.89478,1.10,1.55
2014.01.30 09:10:35.478,0.89463,0.89476,1.10,1.55
2014.01.30 09:10:35.731,0.89464,0.89476,1.10,1.55
2014.01.30 09:10:36.287,0.89464,0.89478,1.10,3.45
2014.01.30 09:10:36.697,0.89464,0.89475,1.10,1.38
2014.01.30 09:10:37.220,0.89464,0.89475,1.00,1.55
2014.01.30 09:10:37.829,0.89464,0.89475,1.08,1.48
2014.01.30 09:10:38.344,0.89463,0.89473,2.33,1.38
2014.01.30 09:10:39.565,0.89463,0.89474,3.08,1.38
2014.01.30 09:10:40.142,0.89463,0.89477,3.08,2.55
2014.01.30 09:10:40.815,0.89465,0.89477,2.33,2.48
2014.01.30 09:10:42.972,0.89465,0.89475,3.45,1.00
2014.01.30 09:10:43.074,0.89469,0.8948,3.38,1.58
2014.01.30 09:10:43.125,0.89469,0.89482,3.45,1.50
2014.01.30 09:10:43.327,0.89473,0.89484,1.18,1.13
2014.01.30 09:10:43.631,0.89474,0.89487,3.08,1.80
2014.01.30 09:10:44.183,0.89474,0.89486,3.08,1.38
2014.01.30 09:10:44.696,0.89473,0.89486,3.08,1.95
2014.01.30 09:10:44.999,0.89472,0.89483,3.08,1.38
2014.01.30 09:10:47.745,0.89472,0.89484,1.10,1.48
2014.01.30 09:10:48.267,0.89472,0.89484,1.10,1.48
2014.01.30 09:10:51.032,0.8947,0.89483,2.66,1.38
2014.01.30 09:10:51.184,0.89474,0.89485,2.33,1.00
2014.01.30 09:10:51.695,0.89474,0.89486,2.66,1.38
2014.01.30 09:10:52.161,0.89478,0.89486,1.01,1.38
2014.01.30 09:10:52.212,0.89478,0.89489,1.01,1.38
2014.01.30 09:10:52.263,0.89478,0.89489,3.26,1.38
2014.01.30 09:10:52.778,0.89478,0.89489,1.09,1.38
2014.01.30 09:10:53.174,0.89475,0.89487,1.00,1.55
2014.01.30 09:10:53.225,0.89474,0.89484,1.16,1.38
2014.01.30 09:10:53.326,0.89469,0.89482,2.36,1.48
2014.01.30 09:10:53.377,0.89469,0.89482,2.59,1.48
2014.01.30 09:10:53.530,0.89469,0.89481,1.09,1.38
2014.01.30 09:10:53.683,0.89468,0.89481,2.93,1.48
2014.01.30 09:10:53.886,0.89475,0.89483,1.00,2.03
2014.01.30 09:10:54.192,0.89475,0.89486,1.10,1.38
2014.01.30 09:10:54.344,0.8948,0.89489,1.00,3.83
2014.01.30 09:10:54.712,0.8948,0.89491,1.69,3.75
2014.01.30 09:10:54.813,0.89479,0.8949,1.76,1.88
2014.01.30 09:10:54.864,0.89479,0.8949,1.01,1.95
2014.01.30 09:10:55.354,0.89482,0.89489,1.00,1.00
2014.01.30 09:10:55.658,0.89482,0.89494,3.41,1.98
2014.01.30 09:10:55.911,0.89486,0.89498,1.34,1.48
2014.01.30 09:10:56.502,0.89486,0.89499,1.09,1.48
2014.01.30 09:10:56.941,0.89486,0.89499,1.09,1.48
2014.01.30 09:10:57.258,0.89487,0.89499,1.44,1.48
2014.01.30 09:10:57.870,0.8949,0.89499,1.09,1.48
2014.01.30 09:10:58.144,0.89486,0.89499,1.09,1.48
2014.01.30 09:10:58.246,0.89486,0.89499,1.25,4.20
2014.01.30 09:10:58.348,0.89485,0.89499,2.51,3.45
2014.01.30 09:10:58.702,0.89485,0.89497,1.34,3.83
2014.01.30 09:11:00.359,0.89486,0.89499,1.09,4.20
2014.01.30 09:11:00.512,0.89483,0.89494,1.51,1.88
2014.01.30 09:11:00.563,0.89483,0.89494,1.08,1.95
2014.01.30 09:11:00.664,0.89481,0.89494,1.24,1.45
2014.01.30 09:11:01.288,0.89481,0.89494,1.16,1.55
2014.01.30 09:11:04.346,0.8948,0.89493,1.18,1.95
2014.01.30 09:11:06.109,0.89479,0.89492,1.18,1.45
2014.01.30 09:11:06.470,0.89478,0.89491,1.09,3.45
2014.01.30 09:11:06.957,0.89476,0.8949,1.18,2.03
2014.01.30 09:11:07.413,0.89476,0.89487,1.18,1.88
2014.01.30 09:11:08.601,0.89476,0.89487,1.18,1.38
2014.01.30 09:11:09.386,0.89476,0.89487,1.18,1.38
2014.01.30 09:11:09.982,0.89476,0.89487,3.08,1.38
2014.01.30 09:11:10.504,0.89477,0.89487,2.33,1.38
2014.01.30 09:11:11.006,0.89477,0.89487,2.33,1.88
2014.01.30 09:11:11.583,0.89477,0.89487,2.33,1.38
2014.01.30 09:11:11.735,0.89476,0.89488,1.18,1.88
2014.01.30 09:11:13.018,0.89476,0.89487,1.18,1.38
2014.01.30 09:11:16.193,0.89475,0.89488,2.33,2.63
2014.01.30 09:11:16.446,0.89474,0.89484,1.95,1.38
2014.01.30 09:11:16.751,0.89474,0.89479,1.20,1.38
2014.01.30 09:11:17.156,0.89471,0.89479,1.16,1.38
2014.01.30 09:11:17.207,0.89471,0.89479,1.16,1.38
2014.01.30 09:11:17.258,0.89469,0.89476,1.58,1.13
2014.01.30 09:11:17.410,0.89469,0.89476,1.10,1.38
2014.01.30 09:11:17.461,0.89466,0.89476,1.69,1.38
2014.01.30 09:11:17.596,0.89466,0.89476,1.69,1.38
2014.01.30 09:11:20.513,0.89466,0.89477,1.69,1.48
2014.01.30 09:11:22.680,0.89466,0.89477,2.10,1.48
2014.01.30 09:11:22.983,0.89463,0.89473,2.70,1.38
2014.01.30 09:11:23.439,0.8946,0.89469,1.18,1.00
2014.01.30 09:11:23.609,0.89459,0.89469,1.10,1.38
2014.01.30 09:11:23.712,0.89457,0.89469,2.93,1.48
2014.01.30 09:11:23.814,0.89459,0.89469,1.00,1.20
2014.01.30 09:11:23.915,0.89459,0.89469,3.00,1.13
2014.01.30 09:11:24.371,0.89461,0.89475,1.18,4.95
2014.01.30 09:11:24.625,0.89465,0.89472,1.00,2.70
2014.01.30 09:11:25.092,0.89461,0.89474,1.65,1.55
2014.01.30 09:11:25.143,0.89461,0.89474,2.03,2.03
2014.01.30 09:11:25.245,0.8946,0.89473,4.88,1.55
2014.01.30 09:11:25.296,0.8946,0.89473,1.88,3.45
2014.01.30 09:11:25.499,0.89458,0.89469,1.50,2.70
2014.01.30 09:11:25.651,0.89455,0.89469,2.40,3.45
2014.01.30 09:11:26.154,0.89455,0.89468,1.28,1.55
2014.01.30 09:11:26.512,0.89458,0.89469,1.00,3.45
2014.01.30 09:11:26.614,0.89455,0.89467,1.10,1.48
2014.01.30 09:11:26.665,0.89455,0.89466,1.10,1.38
2014.01.30 09:11:26.817,0.89453,0.89465,2.85,3.83
2014.01.30 09:11:26.969,0.89449,0.89461,4.20,1.88
2014.01.30 09:11:27.020,0.89449,0.89461,1.50,4.20
2014.01.30 09:11:27.222,0.89449,0.89461,1.00,3.45
2014.01.30 09:11:27.424,0.89446,0.8946,1.65,2.78
2014.01.30 09:11:27.729,0.89444,0.89458,1.65,2.03
2014.01.30 09:11:27.779,0.89444,0.89458,1.65,2.78
2014.01.30 09:11:28.028,0.89443,0.89455,1.00,2.70
2014.01.30 09:11:28.332,0.89441,0.89453,2.33,2.70
2014.01.30 09:11:28.636,0.89441,0.89452,1.50,2.70
2014.01.30 09:11:31.255,0.8944,0.89452,1.00,4.20
2014.01.30 09:11:31.559,0.89436,0.89448,1.65,1.48
2014.01.30 09:11:31.863,0.89436,0.89446,1.00,1.48
2014.01.30 09:11:32.036,0.89437,0.89449,1.00,2.70
2014.01.30 09:11:32.582,0.89438,0.8945,1.00,3.45
2014.01.30 09:11:33.094,0.89438,0.8945,1.00,3.45
2014.01.30 09:11:33.729,0.89443,0.8945,1.00,2.70
2014.01.30 09:11:33.830,0.89443,0.89452,1.00,3.08
2014.01.30 09:11:34.083,0.89443,0.89455,1.10,1.48
2014.01.30 09:11:34.235,0.89445,0.89455,1.00,1.10
2014.01.30 09:11:34.741,0.89445,0.89458,1.10,4.95
2014.01.30 09:11:36.049,0.89445,0.89458,1.08,2.78
2014.01.30 09:11:36.552,0.89445,0.89458,1.00,4.95
2014.01.30 09:11:36.837,0.89445,0.89458,1.00,4.95
2014.01.30 09:11:37.141,0.89442,0.89452,2.33,1.38
2014.01.30 09:11:37.293,0.89439,0.8945,1.75,1.55
2014.01.30 09:11:37.618,0.89439,0.8945,1.00,1.55
2014.01.30 09:11:38.140,0.89438,0.8945,1.00,1.55
2014.01.30 09:11:40.460,0.89437,0.89451,1.58,3.45
2014.01.30 09:11:40.684,0.89437,0.89451,1.58,3.45
2014.01.30 09:11:40.749,0.89437,0.89451,3.75,1.53
2014.01.30 09:11:41.308,0.89437,0.89451,4.20,1.28
2014.01.30 09:11:41.612,0.89441,0.89451,1.00,1.28
2014.01.30 09:11:41.923,0.89439,0.89451,1.00,3.45
2014.01.30 09:11:42.428,0.89438,0.89451,1.13,3.45
2014.01.30 09:11:43.266,0.89439,0.89451,1.00,2.70
2014.01.30 09:11:43.317,0.89441,0.89451,1.00,2.70
2014.01.30 09:11:44.083,0.89441,0.89452,1.13,1.18
2014.01.30 09:11:44.763,0.89441,0.89452,1.20,1.20
2014.01.30 09:11:45.424,0.89441,0.89454,1.95,3.45
2014.01.30 09:11:45.525,0.89443,0.89455,1.13,2.03
2014.01.30 09:11:45.626,0.89445,0.89455,1.00,1.20
2014.01.30 09:11:45.929,0.89446,0.89459,3.38,2.03
2014.01.30 09:11:46.665,0.89448,0.89461,1.10,1.55
2014.01.30 09:11:48.282,0.8945,0.89461,1.00,2.03
2014.01.30 09:11:48.586,0.89458,0.89465,2.10,1.10
2014.01.30 09:11:48.637,0.8946,0.89467,1.35,3.83
2014.01.30 09:11:48.892,0.89459,0.89469,3.08,1.00
2014.01.30 09:11:48.943,0.89459,0.89473,3.08,2.70
2014.01.30 09:11:48.994,0.89459,0.89472,1.10,2.70
2014.01.30 09:11:49.249,0.8946,0.89473,1.50,1.48
2014.01.30 09:11:49.613,0.89465,0.89474,1.00,1.18
2014.01.30 09:11:49.917,0.89467,0.89479,1.50,2.03
2014.01.30 09:11:49.968,0.89467,0.89479,1.88,1.18
2014.01.30 09:11:50.222,0.89465,0.89479,2.78,1.55
2014.01.30 09:11:50.525,0.89465,0.89478,1.95,2.70
2014.01.30 09:11:51.068,0.89465,0.89478,1.20,2.70
2014.01.30 09:11:51.990,0.89463,0.89478,3.38,7.13
2014.01.30 09:11:52.091,0.89463,0.89477,1.20,2.70
2014.01.30 09:11:52.856,0.89461,0.89476,3.83,1.28
2014.01.30 09:11:53.357,0.89461,0.89476,3.83,1.18
2014.01.30 09:11:53.948,0.89464,0.89477,1.38,2.33
2014.01.30 09:11:54.050,0.89465,0.89479,3.38,2.33
2014.01.30 09:11:54.354,0.89469,0.89481,2.55,2.25
2014.01.30 09:11:54.405,0.89469,0.89483,2.63,1.28
2014.01.30 09:11:54.972,0.89469,0.89483,2.55,3.08
2014.01.30 09:11:55.642,0.8947,0.89482,1.38,2.33
2014.01.30 09:11:56.901,0.89469,0.89478,1.68,1.00
2014.01.30 09:11:56.954,0.89469,0.89478,1.30,3.00
2014.01.30 09:11:57.055,0.89467,0.89476,1.00,2.25
2014.01.30 09:11:57.258,0.89462,0.89473,1.13,2.25
2014.01.30 09:11:57.359,0.89462,0.89473,1.38,2.33
2014.01.30 09:11:57.562,0.89461,0.89473,1.88,2.33
2014.01.30 09:11:58.145,0.89461,0.89473,1.38,2.33
2014.01.30 09:11:58.445,0.89461,0.89473,1.13,2.70
2014.01.30 09:12:00.598,0.89464,0.89473,1.00,3.45
2014.01.30 09:12:01.082,0.89462,0.89473,1.00,2.70
2014.01.30 09:12:01.183,0.8946,0.8947,1.00,3.00
2014.01.30 09:12:01.335,0.89458,0.89469,1.13,1.18
2014.01.30 09:12:01.538,0.89459,0.89471,1.00,1.55
2014.01.30 09:12:02.199,0.89458,0.89471,1.20,1.55
2014.01.30 09:12:03.361,0.89458,0.8947,1.13,2.63
2014.01.30 09:12:03.884,0.89459,0.89471,1.13,3.45
2014.01.30 09:12:04.403,0.89457,0.8947,1.95,2.70
2014.01.30 09:12:05.411,0.89457,0.89471,4.13,2.70
2014.01.30 09:12:05.980,0.89457,0.89472,3.45,1.55
2014.01.30 09:12:06.561,0.89457,0.89471,2.70,1.20
2014.01.30 09:12:10.748,0.89457,0.8947,2.70,1.00
2014.01.30 09:12:11.052,0.89453,0.89464,1.10,3.38
2014.01.30 09:12:11.204,0.89451,0.89464,3.00,3.45
2014.01.30 09:12:13.300,0.89451,0.89465,2.33,2.70
2014.01.30 09:12:13.827,0.89451,0.89466,1.28,2.70
2014.01.30 09:12:15.642,0.89451,0.89465,1.65,1.88
2014.01.30 09:12:16.467,0.89451,0.89465,1.18,1.88
2014.01.30 09:12:17.911,0.89451,0.89465,1.28,1.88
2014.01.30 09:12:17.962,0.89454,0.89465,1.00,1.88
2014.01.30 09:12:18.165,0.89456,0.89468,2.48,3.45
2014.01.30 09:12:18.469,0.89456,0.89472,4.43,3.45
2014.01.30 09:12:19.108,0.89456,0.89472,5.18,3.45
2014.01.30 09:12:20.161,0.89456,0.89467,1.58,2.63
2014.01.30 09:12:20.313,0.89452,0.89466,2.93,2.70
2014.01.30 09:12:20.835,0.89452,0.89465,2.10,2.70
2014.01.30 09:12:21.038,0.89452,0.89465,2.10,2.70
2014.01.30 09:12:21.310,0.8945,0.89462,2.40,1.38
2014.01.30 09:12:21.789,0.89448,0.89462,1.65,1.55
2014.01.30 09:12:22.566,0.89448,0.8946,1.18,1.13
2014.01.30 09:12:23.070,0.89448,0.89459,1.10,1.10
2014.01.30 09:12:23.507,0.8945,0.89461,1.00,2.70
2014.01.30 09:12:23.650,0.89452,0.89464,1.00,4.88
2014.01.30 09:12:23.804,0.89453,0.89466,1.20,1.18
2014.01.30 09:12:23.857,0.89452,0.89462,1.18,1.00
2014.01.30 09:12:24.366,0.89454,0.89467,1.10,1.55
2014.01.30 09:12:25.217,0.89453,0.89467,1.18,2.03
2014.01.30 09:12:25.370,0.89451,0.89464,1.20,3.45
2014.01.30 09:12:25.724,0.89449,0.89462,2.70,1.48
2014.01.30 09:12:25.775,0.89447,0.89461,2.70,2.70
2014.01.30 09:12:25.877,0.89446,0.89458,2.25,2.70
2014.01.30 09:12:25.928,0.89446,0.89458,1.00,2.70
2014.01.30 09:12:26.470,0.89445,0.89458,1.58,2.70
2014.01.30 09:12:27.584,0.89446,0.89458,1.00,2.70
2014.01.30 09:12:28.089,0.89445,0.89458,1.20,2.70
2014.01.30 09:12:28.363,0.89444,0.89455,1.18,1.38
2014.01.30 09:12:28.616,0.89442,0.89454,1.13,2.70
2014.01.30 09:12:28.718,0.89442,0.89454,1.00,3.45
2014.01.30 09:12:29.253,0.8944,0.89453,1.70,1.55
2014.01.30 09:12:29.405,0.89439,0.89451,1.50,2.70
2014.01.30 09:12:29.920,0.89439,0.89451,1.00,2.70
2014.01.30 09:12:31.148,0.89439,0.89451,1.50,2.70
2014.01.30 09:12:31.250,0.89442,0.89452,1.50,1.28
2014.01.30 09:12:31.351,0.89443,0.89455,1.10,1.55
2014.01.30 09:12:31.980,0.89441,0.89453,2.63,1.20
2014.01.30 09:12:32.032,0.8944,0.89453,1.95,3.45
2014.01.30 09:12:32.645,0.8944,0.89453,1.10,3.45
2014.01.30 09:12:33.336,0.8944,0.89453,1.10,4.20
2014.01.30 09:12:33.640,0.89435,0.89448,3.83,1.88
2014.01.30 09:12:34.249,0.89435,0.89446,1.10,1.38
2014.01.30 09:12:35.670,0.89435,0.89447,1.00,3.45
2014.01.30 09:12:36.090,0.89437,0.89447,1.00,3.45
2014.01.30 09:12:36.192,0.89438,0.89449,1.00,1.20
2014.01.30 09:12:37.517,0.89439,0.89451,1.50,3.30
2014.01.30 09:12:37.720,0.89439,0.89453,2.03,1.55
2014.01.30 09:12:38.733,0.89439,0.89453,2.03,1.55
2014.01.30 09:12:38.969,0.8944,0.89453,1.10,1.55
2014.01.30 09:12:39.563,0.8944,0.89453,1.10,1.55
2014.01.30 09:12:41.121,0.8944,0.89453,1.10,1.55
2014.01.30 09:12:41.424,0.89437,0.89448,1.00,2.70
2014.01.30 09:12:43.201,0.89439,0.89448,1.00,2.70
2014.01.30 09:12:43.971,0.89438,0.89448,1.00,2.70
2014.01.30 09:12:44.510,0.89437,0.89448,1.00,2.70
2014.01.30 09:12:45.851,0.89437,0.89448,1.00,2.70
2014.01.30 09:12:46.304,0.89435,0.89448,1.00,2.70
2014.01.30 09:12:46.849,0.89434,0.89447,1.10,1.55
2014.01.30 09:12:47.294,0.89434,0.89443,1.00,2.70
2014.01.30 09:12:47.598,0.89432,0.89441,1.50,1.28
2014.01.30 09:12:47.699,0.89431,0.89437,1.00,2.33
2014.01.30 09:12:49.274,0.89432,0.89437,1.00,2.63
2014.01.30 09:12:50.804,0.89431,0.89437,1.00,2.70
2014.01.30 09:12:51.484,0.89432,0.89437,1.00,2.63
2014.01.30 09:12:51.989,0.89429,0.89437,1.00,2.70
2014.01.30 09:12:52.101,0.89431,0.89437,1.00,2.70
2014.01.30 09:12:54.848,0.89429,0.89437,1.00,2.70
2014.01.30 09:12:55.446,0.89429,0.89437,1.00,2.70
2014.01.30 09:12:56.153,0.89429,0.89437,1.00,2.70
2014.01.30 09:12:56.407,0.89419,0.89433,1.55,1.95
2014.01.30 09:12:56.508,0.89419,0.89431,1.10,1.48
2014.01.30 09:12:57.015,0.89417,0.89428,1.00,2.70
2014.01.30 09:12:57.117,0.89419,0.89428,1.00,2.70
2014.01.30 09:12:57.531,0.89418,0.8943,1.88,2.70
2014.01.30 09:12:57.684,0.89418,0.8943,1.50,2.70
2014.01.30 09:12:58.125,0.89419,0.8943,1.00,2.70
2014.01.30 09:12:58.379,0.89421,0.8943,1.00,2.70
2014.01.30 09:12:58.480,0.89421,0.8943,1.00,2.70
2014.01.30 09:13:00.131,0.89422,0.89431,1.00,2.70
2014.01.30 09:13:00.234,0.89422,0.89426,1.00,1.30
2014.01.30 09:13:00.386,0.89415,0.89423,1.00,1.48
2014.01.30 09:13:00.488,0.89412,0.89423,1.00,3.45
2014.01.30 09:13:00.640,0.89412,0.89422,1.00,2.70
2014.01.30 09:13:00.691,0.8941,0.89422,1.58,2.70
2014.01.30 09:13:01.369,0.89411,0.89421,1.00,2.70
2014.01.30 09:13:01.578,0.89415,0.89421,1.00,2.63
2014.01.30 09:13:01.731,0.89412,0.89422,1.00,2.70
2014.01.30 09:13:01.933,0.89411,0.89422,1.00,2.70
2014.01.30 09:13:02.474,0.89413,0.89422,1.00,2.70
2014.01.30 09:13:02.576,0.8941,0.89422,1.50,2.70
2014.01.30 09:13:03.129,0.89412,0.89421,1.00,2.70
2014.01.30 09:13:04.218,0.89412,0.89423,1.00,3.45
2014.01.30 09:13:04.816,0.89412,0.89423,1.38,3.08
2014.01.30 09:13:05.069,0.89421,0.89429,1.00,2.70
2014.01.30 09:13:05.423,0.89423,0.89429,1.00,2.33
2014.01.30 09:13:05.525,0.89424,0.89432,1.00,2.33
2014.01.30 09:13:05.828,0.89427,0.89432,1.00,2.25
2014.01.30 09:13:06.031,0.89427,0.89435,1.00,2.33
2014.01.30 09:13:06.183,0.89427,0.89437,1.00,3.45
2014.01.30 09:13:08.159,0.89427,0.89433,1.00,2.33
2014.01.30 09:13:08.260,0.89427,0.89436,1.00,2.33
2014.01.30 09:13:08.311,0.89424,0.89436,1.13,2.33
2014.01.30 09:13:08.412,0.89424,0.89435,1.00,2.03
2014.01.30 09:13:08.464,0.89422,0.89431,1.00,2.70
2014.01.30 09:13:08.565,0.89418,0.8943,1.10,1.28
2014.01.30 09:13:08.667,0.89417,0.89427,1.13,2.70
2014.01.30 09:13:08.819,0.89415,0.89427,1.50,2.70
2014.01.30 09:13:09.640,0.89416,0.89427,1.00,2.70
2014.01.30 09:13:09.793,0.89416,0.89428,1.10,1.48
2014.01.30 09:13:10.295,0.89416,0.89428,1.10,1.20
2014.01.30 09:13:12.909,0.89416,0.8943,1.58,3.45
2014.01.30 09:13:13.597,0.89417,0.8943,1.00,3.45
2014.01.30 09:13:14.079,0.89422,0.8943,1.00,3.45
2014.01.30 09:13:14.131,0.89422,0.8943,1.00,3.45
2014.01.30 09:13:14.385,0.89419,0.89431,1.18,1.48
2014.01.30 09:13:14.926,0.89419,0.89431,1.00,1.55
2014.01.30 09:13:16.369,0.8942,0.8943,1.00,2.70
2014.01.30 09:13:16.572,0.89422,0.8943,1.00,2.33
2014.01.30 09:13:16.673,0.89421,0.89434,2.25,3.45
2014.01.30 09:13:16.724,0.89421,0.89432,1.00,2.63
2014.01.30 09:13:17.079,0.89419,0.89432,1.00,3.45
2014.01.30 09:13:19.418,0.89419,0.89431,1.75,2.25
2014.01.30 09:13:19.522,0.89424,0.89434,1.13,1.78
2014.01.30 09:13:19.574,0.89428,0.89435,1.00,3.08
2014.01.30 09:13:19.726,0.89432,0.89438,1.20,1.00
2014.01.30 09:13:19.777,0.89432,0.89442,1.20,1.68
2014.01.30 09:13:20.382,0.8943,0.89442,3.45,1.35
2014.01.30 09:13:20.811,0.8943,0.89441,1.13,1.10
2014.01.30 09:13:20.963,0.8943,0.8944,1.00,1.38
2014.01.30 09:13:21.166,0.8943,0.89441,1.00,1.20
2014.01.30 09:13:21.496,0.89431,0.89441,1.38,1.10
2014.01.30 09:13:22.033,0.89433,0.89444,1.10,1.60
2014.01.30 09:13:22.389,0.89433,0.89445,1.20,1.10
2014.01.30 09:13:22.490,0.89436,0.89447,1.00,2.70
2014.01.30 09:13:22.693,0.89438,0.8945,1.00,4.20
2014.01.30 09:13:22.903,0.8944,0.8945,1.00,2.70
2014.01.30 09:13:23.005,0.8944,0.89451,1.10,1.13
2014.01.30 09:13:23.427,0.89443,0.89452,1.00,1.10
2014.01.30 09:13:23.731,0.89446,0.89453,1.00,2.33
2014.01.30 09:13:23.782,0.89446,0.89457,1.00,1.28
2014.01.30 09:13:24.322,0.89446,0.89459,1.10,4.05
2014.01.30 09:13:24.833,0.89446,0.89459,1.10,4.43
2014.01.30 09:13:25.922,0.89446,0.89459,1.10,3.83
2014.01.30 09:13:26.335,0.89448,0.89459,1.60,3.83
2014.01.30 09:13:26.640,0.89447,0.89461,1.58,3.83
2014.01.30 09:13:27.143,0.89448,0.89461,1.00,3.83
2014.01.30 09:13:28.216,0.89448,0.89459,1.00,1.10
2014.01.30 09:13:28.750,0.89448,0.89461,1.00,3.83
2014.01.30 09:13:29.252,0.89447,0.89459,1.10,1.58
2014.01.30 09:13:30.081,0.89445,0.89456,3.45,1.00
2014.01.30 09:13:30.386,0.89445,0.89453,2.25,1.88
2014.01.30 09:13:30.689,0.89452,0.89457,1.00,3.30
2014.01.30 09:13:30.943,0.89452,0.89461,1.10,1.00
2014.01.30 09:13:31.044,0.8945,0.89461,1.00,1.20
2014.01.30 09:13:31.426,0.89448,0.89461,1.28,1.95
2014.01.30 09:13:32.189,0.89449,0.89461,1.58,1.48
2014.01.30 09:13:32.980,0.89449,0.89459,1.00,1.48
2014.01.30 09:13:34.923,0.89449,0.89461,1.00,4.20
2014.01.30 09:13:35.024,0.89449,0.89461,1.00,4.20
2014.01.30 09:13:35.479,0.89445,0.89457,1.10,1.95
2014.01.30 09:13:35.561,0.89445,0.89457,1.48,1.95
2014.01.30 09:13:35.865,0.89454,0.89458,1.00,1.00
2014.01.30 09:13:36.070,0.89454,0.89463,1.00,1.00
2014.01.30 09:13:36.272,0.89456,0.89466,1.00,2.70
2014.01.30 09:13:36.826,0.89456,0.89467,1.00,3.45
2014.01.30 09:13:37.457,0.89456,0.89467,1.50,1.48
2014.01.30 09:13:37.992,0.89454,0.89467,2.74,1.48
2014.01.30 09:13:38.974,0.89454,0.89467,4.16,1.48
2014.01.30 09:13:39.590,0.89454,0.89465,4.16,1.00
2014.01.30 09:13:39.691,0.89452,0.89464,4.54,1.13
2014.01.30 09:13:40.217,0.89453,0.89463,1.48,1.13
2014.01.30 09:13:40.268,0.89453,0.89461,1.48,1.00
2014.01.30 09:13:40.571,0.89452,0.89462,1.28,1.00
2014.01.30 09:13:40.622,0.89459,0.89466,1.38,2.55
2014.01.30 09:13:40.673,0.8946,0.89468,1.62,1.00
2014.01.30 09:13:40.775,0.89463,0.89471,1.34,1.10
2014.01.30 09:13:40.876,0.89463,0.89473,1.00,1.55
2014.01.30 09:13:40.927,0.8946,0.89473,1.28,1.95
2014.01.30 09:13:41.433,0.89459,0.89473,2.36,1.55
2014.01.30 09:13:41.584,0.89459,0.8947,2.21,2.33
2014.01.30 09:13:41.891,0.89459,0.89468,1.09,2.70
2014.01.30 09:13:42.455,0.89456,0.89467,1.94,2.70
2014.01.30 09:13:43.003,0.89456,0.89466,1.94,2.70
2014.01.30 09:13:44.151,0.89454,0.89466,1.34,2.70
2014.01.30 09:13:44.577,0.89457,0.89466,1.46,4.88
2014.01.30 09:13:44.881,0.89457,0.89465,1.34,2.25
2014.01.30 09:13:44.983,0.89456,0.89468,2.59,2.70
2014.01.30 09:13:45.390,0.89454,0.89465,2.21,2.25
2014.01.30 09:13:46.901,0.89454,0.89465,1.88,2.70
2014.01.30 09:13:47.958,0.89452,0.89465,2.33,2.70
2014.01.30 09:13:48.501,0.89452,0.89467,4.58,1.55
2014.01.30 09:13:49.589,0.89455,0.89468,1.00,3.45
2014.01.30 09:13:50.118,0.89453,0.89467,1.55,1.55
2014.01.30 09:13:52.740,0.89452,0.89465,1.95,3.45
2014.01.30 09:13:52.943,0.89452,0.89463,1.13,2.70
2014.01.30 09:13:53.246,0.89454,0.89465,1.00,2.70
2014.01.30 09:13:53.594,0.89457,0.89467,1.00,2.70
2014.01.30 09:13:54.035,0.89457,0.89463,1.00,1.00
2014.01.30 09:13:54.136,0.89452,0.89463,1.13,1.18
2014.01.30 09:13:54.289,0.89448,0.89463,4.20,1.55
2014.01.30 09:13:54.755,0.89445,0.89457,1.50,2.33
2014.01.30 09:13:55.263,0.89445,0.89457,1.50,2.70
2014.01.30 09:13:56.113,0.89445,0.89459,1.58,3.45
2014.01.30 09:13:59.358,0.89451,0.89459,1.00,3.45
2014.01.30 09:13:59.561,0.89451,0.89462,1.50,2.70
2014.01.30 09:13:59.814,0.89449,0.89463,1.65,1.20
2014.01.30 09:13:59.916,0.89449,0.89463,1.20,3.45
2014.01.30 09:14:00.424,0.8945,0.89461,1.00,1.20
2014.01.30 09:14:00.926,0.89452,0.89461,1.00,1.10
2014.01.30 09:14:01.029,0.8945,0.89461,1.00,1.10
2014.01.30 09:14:01.131,0.89452,0.89461,1.00,1.10
2014.01.30 09:14:01.995,0.89451,0.89461,1.00,1.20
2014.01.30 09:14:02.317,0.89448,0.89459,1.35,2.70
2014.01.30 09:14:03.311,0.89449,0.89459,1.79,2.33
2014.01.30 09:14:03.666,0.89447,0.89459,2.77,2.70
2014.01.30 09:14:04.417,0.89447,0.8946,2.09,2.70
2014.01.30 09:14:04.518,0.89447,0.89458,2.02,2.33
2014.01.30 09:14:07.729,0.89448,0.89458,1.69,2.33
2014.01.30 09:14:08.978,0.89448,0.89458,1.00,3.08
2014.01.30 09:14:09.029,0.89445,0.89457,1.10,2.03
2014.01.30 09:14:09.130,0.89443,0.89454,2.33,1.38
2014.01.30 09:14:09.486,0.89439,0.89449,1.84,1.13
2014.01.30 09:14:10.027,0.89438,0.89449,1.94,1.28
2014.01.30 09:14:10.143,0.89438,0.89448,1.94,2.33
2014.01.30 09:14:10.829,0.89436,0.89448,1.46,2.33
2014.01.30 09:14:11.305,0.89434,0.89445,1.54,2.85
2014.01.30 09:14:11.407,0.89433,0.89443,1.38,1.28
2014.01.30 09:14:11.458,0.89428,0.8944,4.54,1.00
2014.01.30 09:14:11.560,0.89428,0.8944,1.46,3.08
2014.01.30 09:14:12.122,0.89428,0.8944,1.46,3.08
2014.01.30 09:14:14.874,0.89427,0.8944,1.71,3.08
2014.01.30 09:14:18.175,0.89428,0.8944,1.10,1.15
2014.01.30 09:14:18.702,0.89427,0.8944,4.58,1.00
2014.01.30 09:14:20.023,0.89427,0.8944,4.20,1.38
2014.01.30 09:14:20.612,0.89427,0.8944,1.55,1.55
2014.01.30 09:14:21.887,0.89426,0.89438,3.45,1.00
2014.01.30 09:14:21.989,0.89424,0.89438,2.03,1.18
2014.01.30 09:14:22.513,0.89424,0.89438,2.03,1.28
2014.01.30 09:14:24.826,0.89427,0.89438,1.00,1.28
2014.01.30 09:14:25.264,0.89427,0.89438,1.38,1.18
2014.01.30 09:14:26.096,0.89427,0.89438,1.88,1.18
2014.01.30 09:14:26.401,0.8944,0.89446,1.13,1.00
2014.01.30 09:14:26.584,0.89447,0.89453,1.13,2.25
2014.01.30 09:14:26.635,0.8945,0.89455,1.00,2.25
2014.01.30 09:14:26.686,0.8945,0.89458,1.00,3.08
2014.01.30 09:14:27.141,0.89446,0.89458,1.55,1.00
2014.01.30 09:14:27.487,0.89446,0.89458,1.55,1.00
2014.01.30 09:14:28.164,0.89446,0.89458,1.55,1.00
2014.01.30 09:14:29.087,0.89446,0.89458,1.48,1.18
2014.01.30 09:14:29.615,0.89446,0.89458,1.55,1.00
2014.01.30 09:14:30.831,0.89446,0.89455,1.18,1.00
2014.01.30 09:14:30.932,0.89443,0.89455,1.55,1.00
2014.01.30 09:14:31.135,0.89439,0.89451,1.48,1.10
2014.01.30 09:14:31.356,0.89442,0.89455,1.95,1.18
2014.01.30 09:14:32.487,0.89444,0.89455,1.35,1.18
2014.01.30 09:14:32.691,0.89445,0.89459,1.93,3.83
2014.01.30 09:14:33.234,0.89445,0.89459,3.83,1.10
2014.01.30 09:14:34.287,0.89446,0.89457,1.93,1.00
2014.01.30 09:14:34.657,0.89443,0.89454,1.48,1.00
2014.01.30 09:14:34.859,0.89443,0.89456,3.83,1.50
2014.01.30 09:14:35.368,0.89445,0.89455,1.58,1.00
2014.01.30 09:14:35.768,0.89444,0.89455,1.85,2.25
2014.01.30 09:14:35.972,0.89443,0.89454,1.00,1.65
2014.01.30 09:14:36.124,0.89441,0.89452,1.88,1.18
2014.01.30 09:14:36.631,0.89437,0.89449,2.25,1.00
2014.01.30 09:14:36.733,0.89437,0.89448,1.55,1.00
2014.01.30 09:14:37.750,0.89439,0.89448,1.38,1.10
2014.01.30 09:14:38.054,0.89445,0.89455,3.38,2.33
2014.01.30 09:14:38.105,0.89445,0.89456,3.38,1.10
2014.01.30 09:14:38.207,0.89446,0.89458,1.75,3.08
2014.01.30 09:14:38.310,0.89446,0.89458,1.85,1.10
2014.01.30 09:14:38.739,0.89446,0.89459,1.85,1.18
2014.01.30 09:14:39.248,0.89446,0.89458,1.85,1.10
2014.01.30 09:14:39.350,0.89446,0.89456,1.85,1.00
2014.01.30 09:14:40.779,0.89446,0.89457,3.83,1.00
2014.01.30 09:14:41.297,0.89446,0.89457,3.83,1.00
2014.01.30 09:14:41.887,0.89446,0.89458,3.83,1.00
2014.01.30 09:14:42.190,0.89448,0.8946,1.58,1.10
2014.01.30 09:14:42.495,0.89453,0.89462,1.50,2.33
2014.01.30 09:14:42.798,0.89455,0.89467,1.48,1.08
2014.01.30 09:14:42.849,0.89455,0.89463,1.55,1.00
2014.01.30 09:14:42.951,0.89455,0.89465,1.55,1.00
2014.01.30 09:14:43.204,0.89454,0.89467,2.70,1.00
2014.01.30 09:14:43.457,0.89453,0.8946,2.63,1.00
2014.01.30 09:14:43.508,0.89452,0.8946,1.55,1.00
2014.01.30 09:14:43.659,0.89452,0.89457,1.55,1.00
2014.01.30 09:14:43.761,0.89452,0.89459,1.18,1.00
2014.01.30 09:14:43.913,0.89449,0.89459,2.33,1.00
2014.01.30 09:14:44.165,0.89448,0.89458,1.12,1.00
2014.01.30 09:14:45.040,0.89446,0.8946,1.89,1.65
2014.01.30 09:14:47.016,0.89446,0.89458,1.89,1.00
2014.01.30 09:14:47.681,0.89446,0.89454,1.55,1.00
2014.01.30 09:14:47.976,0.89446,0.89458,1.71,4.50
2014.01.30 09:14:48.078,0.89446,0.8946,1.81,3.83
2014.01.30 09:14:48.587,0.89446,0.8946,3.79,1.65
2014.01.30 09:14:48.717,0.89446,0.8946,3.79,1.65
2014.01.30 09:14:49.071,0.89446,0.8946,1.81,4.20
2014.01.30 09:14:49.502,0.89445,0.89458,1.39,3.08
2014.01.30 09:14:50.522,0.89445,0.89457,1.05,1.18
2014.01.30 09:14:50.826,0.89445,0.89453,1.05,1.00
2014.01.30 09:14:51.330,0.89445,0.89453,1.30,1.00
2014.01.30 09:14:51.482,0.8944,0.89451,2.21,1.00
2014.01.30 09:14:51.824,0.89441,0.89453,1.81,1.18
2014.01.30 09:14:52.128,0.89445,0.89456,1.39,1.00
2014.01.30 09:14:52.887,0.89445,0.89458,1.39,1.28
2014.01.30 09:14:53.826,0.89445,0.89458,1.39,1.18
2014.01.30 09:14:54.231,0.89444,0.89457,2.04,3.38
2014.01.30 09:14:54.282,0.89444,0.89456,1.69,1.28
2014.01.30 09:14:54.585,0.89441,0.89453,2.14,3.00
2014.01.30 09:14:55.142,0.8944,0.89451,1.69,2.63
2014.01.30 09:14:55.243,0.89438,0.89449,1.09,2.63
2014.01.30 09:14:55.917,0.89436,0.89449,2.06,3.08
2014.01.30 09:14:57.031,0.89437,0.89449,1.34,3.08
2014.01.30 09:14:57.335,0.89441,0.8945,2.06,2.25
2014.01.30 09:14:57.386,0.89441,0.89452,2.06,1.10
2014.01.30 09:14:57.437,0.89441,0.89452,2.14,1.00
2014.01.30 09:14:57.942,0.89442,0.89454,1.81,1.55
2014.01.30 09:14:58.330,0.89442,0.89453,1.71,2.70
2014.01.30 09:14:59.097,0.89441,0.89453,2.44,3.08
