2015.12.03 20:00:00.347,0.89872,0.89883,1.42,1.37
2015.12.03 20:00:00.500,0.8987,0.89885,1.75,1.50
2015.12.03 20:00:00.654,0.89871,0.89887,2.17,1.50
2015.12.03 20:00:00.932,0.89877,0.89889,1.87,1.00
2015.12.03 20:00:01.136,0.89879,0.89892,1.50,1.87
2015.12.03 20:00:01.289,0.89877,0.89892,1.75,1.50
2015.12.03 20:00:01.341,0.8988,0.89894,2.62,1.00
2015.12.03 20:00:01.544,0.89878,0.89893,1.87,1.50
2015.12.03 20:00:01.944,0.89879,0.89893,1.75,1.50
2015.12.03 20:00:02.097,0.89881,0.89893,1.00,1.87
2015.12.03 20:00:02.320,0.89876,0.89893,3.00,2.62
2015.12.03 20:00:02.372,0.89878,0.89893,1.00,2.62
2015.12.03 20:00:02.423,0.89878,0.89893,1.37,1.87
2015.12.03 20:00:02.813,0.8988,0.89894,1.75,1.12
2015.12.03 20:00:03.322,0.89878,0.89893,1.75,1.00
2015.12.03 20:00:03.638,0.89876,0.89891,2.25,1.50
2015.12.03 20:00:04.186,0.89877,0.8989,1.75,1.00
2015.12.03 20:00:04.341,0.89876,0.8989,1.87,1.12
2015.12.03 20:00:04.444,0.89878,0.8989,1.00,1.12
2015.12.03 20:00:04.778,0.89881,0.89894,1.00,1.00
2015.12.03 20:00:04.982,0.8988,0.89896,1.37,1.75
2015.12.03 20:00:05.491,0.89881,0.89892,1.00,1.00
2015.12.03 20:00:05.843,0.89881,0.89895,1.12,2.25
2015.12.03 20:00:05.895,0.89881,0.89898,1.12,4.12
2015.12.03 20:00:06.048,0.89881,0.89898,1.12,1.87
2015.12.03 20:00:06.352,0.89882,0.89896,1.37,1.75
2015.12.03 20:00:06.454,0.89883,0.89898,1.00,1.87
2015.12.03 20:00:06.607,0.89881,0.899,3.75,1.12
2015.12.03 20:00:06.924,0.89886,0.89902,1.50,1.12
2015.12.03 20:00:07.431,0.89887,0.89904,1.50,1.75
2015.12.03 20:00:07.931,0.89888,0.89906,1.75,2.25
2015.12.03 20:00:08.337,0.89889,0.89905,1.75,1.75
2015.12.03 20:00:08.844,0.89888,0.89905,2.25,1.75
2015.12.03 20:00:09.261,0.89892,0.89904,1.00,1.00
2015.12.03 20:00:09.884,0.89888,0.89907,4.50,3.37
2015.12.03 20:00:10.115,0.89891,0.89907,1.75,1.50
2015.12.03 20:00:10.166,0.89895,0.89907,1.00,1.12
2015.12.03 20:00:10.269,0.8989,0.89907,3.00,1.50
2015.12.03 20:00:10.371,0.89893,0.89905,1.00,1.00
2015.12.03 20:00:10.625,0.89889,0.89906,2.25,1.75
2015.12.03 20:00:11.282,0.89892,0.89907,1.50,1.50
2015.12.03 20:00:11.334,0.89892,0.89907,1.75,1.50
2015.12.03 20:00:11.841,0.89892,0.89908,1.75,1.50
2015.12.03 20:00:12.365,0.89893,0.89906,1.00,1.87
2015.12.03 20:00:12.619,0.89894,0.89905,1.37,1.00
2015.12.03 20:00:12.973,0.89894,0.89906,3.00,1.12
2015.12.03 20:00:13.112,0.89894,0.89906,3.00,1.12
2015.12.03 20:00:13.366,0.89896,0.89908,1.87,1.12
2015.12.03 20:00:13.570,0.89896,0.89908,1.50,1.75
2015.12.03 20:00:14.621,0.89894,0.89907,2.62,1.50
2015.12.03 20:00:14.672,0.89896,0.89908,1.00,1.12
2015.12.03 20:00:14.723,0.89894,0.89905,1.12,1.12
2015.12.03 20:00:14.825,0.89892,0.89899,1.37,1.00
2015.12.03 20:00:14.877,0.89887,0.89899,2.25,1.87
2015.12.03 20:00:14.978,0.89887,0.89898,1.00,1.00
2015.12.03 20:00:15.081,0.89889,0.89898,1.00,1.50
2015.12.03 20:00:15.183,0.89889,0.89901,1.12,1.87
2015.12.03 20:00:16.535,0.89889,0.899,1.00,1.37
2015.12.03 20:00:16.688,0.89889,0.89901,1.00,1.87
2015.12.03 20:00:17.451,0.89889,0.89901,1.00,1.87
2015.12.03 20:00:17.683,0.89887,0.899,1.12,1.12
2015.12.03 20:00:18.569,0.89887,0.89899,1.12,1.00
2015.12.03 20:00:18.671,0.89887,0.89898,1.00,1.37
2015.12.03 20:00:19.294,0.89887,0.89898,1.00,1.12
2015.12.03 20:00:19.395,0.89887,0.89901,1.50,1.37
2015.12.03 20:00:19.649,0.8989,0.89901,1.00,1.00
2015.12.03 20:00:20.425,0.89888,0.89901,1.50,1.00
2015.12.03 20:00:20.758,0.89888,0.89901,1.87,1.87
2015.12.03 20:00:21.116,0.89889,0.89904,1.37,1.87
2015.12.03 20:00:21.370,0.89891,0.89903,1.87,1.50
2015.12.03 20:00:21.776,0.89893,0.89905,1.00,1.87
2015.12.03 20:00:22.516,0.89893,0.89905,1.37,1.50
2015.12.03 20:00:24.377,0.89894,0.89905,1.12,1.12
2015.12.03 20:00:24.682,0.89895,0.8991,3.00,1.75
2015.12.03 20:00:24.993,0.89898,0.8991,1.75,1.00
2015.12.03 20:00:25.512,0.89897,0.89908,1.75,1.37
2015.12.03 20:00:25.816,0.89893,0.89902,2.25,1.87
2015.12.03 20:00:25.918,0.8989,0.89899,2.25,1.87
2015.12.03 20:00:26.020,0.89887,0.89899,3.00,1.12
2015.12.03 20:00:26.570,0.89887,0.89899,3.00,1.37
2015.12.03 20:00:27.094,0.89887,0.899,3.00,1.37
2015.12.03 20:00:27.196,0.89886,0.89899,1.75,1.87
2015.12.03 20:00:27.385,0.89885,0.89896,1.00,1.37
2015.12.03 20:00:27.894,0.89883,0.89896,1.50,2.25
2015.12.03 20:00:29.748,0.89878,0.89895,1.75,2.25
2015.12.03 20:00:29.800,0.89878,0.89894,1.50,1.87
2015.12.03 20:00:30.540,0.89881,0.89894,1.00,1.87
2015.12.03 20:00:30.844,0.89886,0.89895,1.00,1.00
2015.12.03 20:00:31.149,0.89884,0.89896,1.75,1.00
2015.12.03 20:00:31.699,0.89884,0.89897,1.75,1.00
2015.12.03 20:00:31.750,0.89884,0.89897,1.50,1.75
2015.12.03 20:00:38.971,0.89886,0.89899,1.00,1.87
2015.12.03 20:00:39.526,0.89884,0.89898,1.50,1.12
2015.12.03 20:00:41.053,0.89884,0.89897,1.75,1.37
2015.12.03 20:00:41.155,0.89884,0.89896,1.37,1.50
2015.12.03 20:00:41.672,0.89884,0.89896,1.37,1.00
2015.12.03 20:00:42.051,0.89883,0.89894,1.00,1.37
2015.12.03 20:00:42.561,0.89883,0.89894,1.37,1.00
2015.12.03 20:00:42.833,0.89886,0.89898,1.00,1.00
2015.12.03 20:00:43.442,0.89885,0.89899,1.50,1.00
2015.12.03 20:00:43.890,0.89885,0.899,1.75,1.75
2015.12.03 20:00:43.993,0.89889,0.89901,1.00,1.12
2015.12.03 20:00:44.501,0.89889,0.89902,1.50,1.00
2015.12.03 20:00:44.790,0.89889,0.899,1.00,1.00
2015.12.03 20:00:45.164,0.89892,0.89904,1.00,1.00
2015.12.03 20:00:45.265,0.8989,0.89906,1.75,1.87
2015.12.03 20:00:46.699,0.89893,0.89909,1.75,1.87
2015.12.03 20:00:47.166,0.89895,0.89912,1.75,2.25
2015.12.03 20:00:47.876,0.89897,0.89913,1.50,2.25
2015.12.03 20:00:48.681,0.89897,0.89913,1.75,1.50
2015.12.03 20:00:48.986,0.89898,0.89915,3.00,2.62
2015.12.03 20:00:49.715,0.89899,0.89915,2.25,1.50
2015.12.03 20:00:50.019,0.89897,0.89915,3.00,2.25
2015.12.03 20:00:50.222,0.89897,0.89915,1.75,2.62
2015.12.03 20:00:53.099,0.89901,0.89916,2.25,1.12
2015.12.03 20:00:53.403,0.89902,0.89916,2.25,1.00
2015.12.03 20:00:53.939,0.89902,0.89919,2.25,1.50
2015.12.03 20:00:53.990,0.89901,0.89917,3.00,1.12
2015.12.03 20:00:54.498,0.89906,0.89918,1.00,1.00
2015.12.03 20:00:55.008,0.89903,0.8992,1.75,1.37
2015.12.03 20:00:55.314,0.89905,0.89922,2.25,1.50
2015.12.03 20:00:55.657,0.89904,0.89921,1.37,3.00
2015.12.03 20:00:56.422,0.89902,0.89918,1.12,1.75
2015.12.03 20:00:57.317,0.89905,0.89917,1.00,1.00
2015.12.03 20:00:57.623,0.89901,0.89915,1.12,1.00
2015.12.03 20:00:57.961,0.89896,0.89912,1.12,1.12
2015.12.03 20:00:58.317,0.89897,0.89914,3.75,1.50
2015.12.03 20:00:58.419,0.89896,0.89914,4.12,2.25
2015.12.03 20:00:58.918,0.89892,0.89897,6.75,1.37
2015.12.03 20:00:58.972,0.89889,0.89897,1.00,1.37
2015.12.03 20:00:59.024,0.89881,0.89896,1.50,1.87
2015.12.03 20:00:59.126,0.89883,0.89895,1.00,1.00
2015.12.03 20:00:59.178,0.89883,0.89891,1.00,1.37
2015.12.03 20:00:59.331,0.89878,0.89891,1.75,1.37
2015.12.03 20:00:59.872,0.89879,0.89891,1.00,1.12
2015.12.03 20:01:00.128,0.89876,0.89891,1.75,1.37
2015.12.03 20:01:00.331,0.89877,0.8989,1.00,1.00
2015.12.03 20:01:00.535,0.89876,0.8989,1.00,1.87
2015.12.03 20:01:00.918,0.8988,0.89894,1.50,1.75
2015.12.03 20:01:01.225,0.89884,0.89896,1.00,1.00
2015.12.03 20:01:01.530,0.89886,0.89898,1.00,1.12
2015.12.03 20:01:02.438,0.89885,0.89897,1.00,1.00
2015.12.03 20:01:03.077,0.89883,0.89895,1.00,1.00
2015.12.03 20:01:03.591,0.8988,0.89898,3.00,2.25
2015.12.03 20:01:04.449,0.8988,0.89898,3.00,1.50
2015.12.03 20:01:04.552,0.89883,0.89898,1.75,1.12
2015.12.03 20:01:04.856,0.89882,0.89899,2.25,1.12
2015.12.03 20:01:05.062,0.89882,0.899,3.75,1.87
2015.12.03 20:01:05.397,0.89882,0.899,1.75,2.62
2015.12.03 20:01:05.448,0.89882,0.899,1.75,2.62
2015.12.03 20:01:05.964,0.8988,0.89898,3.00,2.25
2015.12.03 20:01:06.907,0.8988,0.89894,1.75,1.37
2015.12.03 20:01:07.212,0.8988,0.89888,1.00,1.00
2015.12.03 20:01:07.746,0.89879,0.89888,1.00,1.12
2015.12.03 20:01:07.952,0.89875,0.89888,2.62,1.37
2015.12.03 20:01:08.207,0.89875,0.89885,1.75,1.00
2015.12.03 20:01:08.258,0.89875,0.89885,1.00,1.00
2015.12.03 20:01:08.740,0.89871,0.89885,1.37,2.25
2015.12.03 20:01:08.997,0.89862,0.89874,2.62,1.00
2015.12.03 20:01:09.506,0.89862,0.89873,1.50,1.12
2015.12.03 20:01:09.557,0.89862,0.89871,1.12,1.00
2015.12.03 20:01:09.894,0.89856,0.89865,2.25,1.00
2015.12.03 20:01:10.200,0.8986,0.89869,1.00,1.00
2015.12.03 20:01:10.352,0.89858,0.89869,1.00,1.00
2015.12.03 20:01:10.404,0.8986,0.8987,1.00,1.00
2015.12.03 20:01:10.951,0.89859,0.8987,1.00,1.00
2015.12.03 20:01:11.053,0.89858,0.89873,2.25,1.00
2015.12.03 20:01:11.611,0.8986,0.89873,1.00,1.00
2015.12.03 20:01:11.997,0.89858,0.89873,3.00,1.00
2015.12.03 20:01:12.453,0.89856,0.89873,1.00,1.00
2015.12.03 20:01:12.962,0.89857,0.89873,1.00,1.00
2015.12.03 20:01:13.419,0.89855,0.89873,1.50,1.12
2015.12.03 20:01:13.622,0.89861,0.89873,1.00,1.12
2015.12.03 20:01:13.927,0.89861,0.89875,1.00,1.12
2015.12.03 20:01:14.587,0.8986,0.89875,1.00,1.12
2015.12.03 20:01:14.790,0.89861,0.89876,3.37,1.00
2015.12.03 20:01:14.892,0.89863,0.8988,1.37,1.87
2015.12.03 20:01:14.943,0.89864,0.89881,1.87,1.00
2015.12.03 20:01:15.044,0.89862,0.89881,1.12,1.87
2015.12.03 20:01:15.564,0.89861,0.89879,2.25,1.12
2015.12.03 20:01:16.246,0.89863,0.89882,1.00,1.50
2015.12.03 20:01:16.751,0.89861,0.89882,4.50,1.50
2015.12.03 20:01:16.904,0.89862,0.8988,1.00,1.00
2015.12.03 20:01:17.209,0.89855,0.89872,1.37,1.12
2015.12.03 20:01:17.628,0.89854,0.89876,1.50,1.87
2015.12.03 20:01:17.679,0.89854,0.89876,1.37,1.87
2015.12.03 20:01:17.933,0.89854,0.89875,1.50,1.12
2015.12.03 20:01:18.681,0.89854,0.89876,1.87,1.75
2015.12.03 20:01:18.783,0.89854,0.89872,1.12,1.00
2015.12.03 20:01:18.885,0.89853,0.89868,1.00,1.00
2015.12.03 20:01:18.987,0.89854,0.89873,1.00,1.87
2015.12.03 20:01:19.038,0.89854,0.89873,1.12,1.50
2015.12.03 20:01:19.089,0.89856,0.89873,1.00,1.00
2015.12.03 20:01:19.326,0.89859,0.89877,1.00,1.12
2015.12.03 20:01:19.428,0.89859,0.89879,1.50,1.00
2015.12.03 20:01:19.935,0.8986,0.89879,1.00,1.50
2015.12.03 20:01:19.987,0.89858,0.89879,1.87,1.00
2015.12.03 20:01:20.190,0.89859,0.8988,1.87,1.37
2015.12.03 20:01:20.344,0.89866,0.89886,1.87,1.50
2015.12.03 20:01:20.649,0.8987,0.89888,1.00,1.12
2015.12.03 20:01:20.957,0.89872,0.89892,1.00,1.37
2015.12.03 20:01:21.009,0.8987,0.89892,1.12,1.12
2015.12.03 20:01:22.067,0.89871,0.89892,1.00,1.12
2015.12.03 20:01:22.169,0.89869,0.8989,2.25,1.00
2015.12.03 20:01:22.517,0.89869,0.89889,1.00,1.12
2015.12.03 20:01:23.024,0.8987,0.89891,1.50,1.12
2015.12.03 20:01:23.422,0.89872,0.89893,1.00,3.00
2015.12.03 20:01:23.729,0.89873,0.89889,1.50,1.00
2015.12.03 20:01:24.033,0.89873,0.89887,1.50,1.00
2015.12.03 20:01:24.186,0.89871,0.89887,1.50,1.00
2015.12.03 20:01:24.734,0.89872,0.89887,1.00,1.00
2015.12.03 20:01:25.242,0.89873,0.89887,1.00,1.00
2015.12.03 20:01:25.395,0.89871,0.89887,1.00,1.00
2015.12.03 20:01:25.923,0.8987,0.89886,1.00,1.00
2015.12.03 20:01:26.025,0.89869,0.89883,1.00,1.00
2015.12.03 20:01:26.532,0.89867,0.89883,1.00,1.00
2015.12.03 20:01:27.019,0.89869,0.89883,1.00,1.00
2015.12.03 20:01:27.120,0.89869,0.89886,1.00,1.00
2015.12.03 20:01:27.628,0.89872,0.89888,1.00,1.00
2015.12.03 20:01:27.966,0.89879,0.89895,3.00,1.00
2015.12.03 20:01:28.271,0.89878,0.89893,2.62,1.00
2015.12.03 20:01:28.576,0.89877,0.89893,1.12,1.00
2015.12.03 20:01:28.678,0.89875,0.89893,2.25,1.12
2015.12.03 20:01:28.729,0.89877,0.89893,1.00,1.00
2015.12.03 20:01:29.043,0.8988,0.89898,2.62,1.75
2015.12.03 20:01:29.368,0.8988,0.89897,1.50,1.75
2015.12.03 20:01:29.679,0.89878,0.89895,2.62,1.50
2015.12.03 20:01:29.730,0.89878,0.89895,1.12,1.50
2015.12.03 20:01:29.949,0.89879,0.89891,1.00,1.00
2015.12.03 20:01:30.258,0.89879,0.89894,1.87,2.25
2015.12.03 20:01:30.361,0.89881,0.89894,1.00,1.00
2015.12.03 20:01:30.514,0.89885,0.89897,1.00,1.50
2015.12.03 20:01:30.855,0.89881,0.89897,1.50,1.75
2015.12.03 20:01:31.161,0.8988,0.89896,2.25,1.75
2015.12.03 20:01:31.721,0.8988,0.89896,1.87,3.00
2015.12.03 20:01:33.020,0.89878,0.89894,1.87,1.75
2015.12.03 20:01:33.223,0.89876,0.89893,1.00,2.25
2015.12.03 20:01:33.427,0.89874,0.89891,1.12,1.12
2015.12.03 20:01:33.833,0.89873,0.89886,1.50,1.75
2015.12.03 20:01:34.072,0.89868,0.89884,1.75,1.75
2015.12.03 20:01:34.326,0.89869,0.89886,3.00,1.50
2015.12.03 20:01:34.428,0.89869,0.89886,4.50,1.00
2015.12.03 20:01:34.734,0.8987,0.89888,1.75,2.25
2015.12.03 20:01:35.082,0.89875,0.89891,2.25,3.00
2015.12.03 20:01:35.416,0.89877,0.89894,1.75,3.00
2015.12.03 20:01:35.921,0.89877,0.89894,1.50,3.75
2015.12.03 20:01:36.240,0.89876,0.89894,1.75,2.62
2015.12.03 20:01:36.342,0.89878,0.8989,1.00,1.00
2015.12.03 20:01:36.648,0.89876,0.89893,1.75,1.75
2015.12.03 20:01:36.750,0.89879,0.89892,1.00,1.00
2015.12.03 20:01:36.852,0.89879,0.89895,1.75,1.75
2015.12.03 20:01:38.785,0.8988,0.89896,2.25,1.50
2015.12.03 20:01:39.375,0.89884,0.89896,1.00,1.50
2015.12.03 20:01:39.581,0.89885,0.899,1.37,1.12
2015.12.03 20:01:39.784,0.89891,0.89903,1.00,1.00
2015.12.03 20:01:39.886,0.89893,0.89903,1.00,1.00
2015.12.03 20:01:39.988,0.89893,0.89911,3.75,1.50
2015.12.03 20:01:40.040,0.89897,0.89913,1.75,2.25
2015.12.03 20:01:40.386,0.89898,0.89916,3.75,2.25
2015.12.03 20:01:40.690,0.89905,0.89916,1.00,1.00
2015.12.03 20:01:40.994,0.89899,0.89916,2.25,1.50
2015.12.03 20:01:41.367,0.899,0.89912,1.00,1.00
2015.12.03 20:01:42.049,0.89902,0.89915,1.00,1.00
2015.12.03 20:01:43.558,0.89898,0.89916,2.25,1.75
2015.12.03 20:01:43.761,0.89905,0.89916,1.00,1.00
2015.12.03 20:01:43.863,0.899,0.89916,1.75,1.75
2015.12.03 20:01:44.260,0.89897,0.89914,1.75,1.75
2015.12.03 20:01:44.362,0.899,0.89912,1.00,1.00
2015.12.03 20:01:45.949,0.89897,0.89914,1.75,1.75
2015.12.03 20:01:46.000,0.89898,0.8991,1.00,1.00
2015.12.03 20:01:46.253,0.89895,0.89907,1.00,1.00
2015.12.03 20:01:46.355,0.89893,0.8991,1.12,1.50
2015.12.03 20:01:46.659,0.89894,0.89909,1.50,1.50
2015.12.03 20:01:47.203,0.89897,0.89908,1.87,1.00
2015.12.03 20:01:47.255,0.89899,0.89913,1.00,2.25
2015.12.03 20:01:47.357,0.89899,0.89913,1.00,1.75
2015.12.03 20:01:47.459,0.89899,0.89913,1.12,1.75
2015.12.03 20:01:47.663,0.89902,0.89913,1.00,1.75
2015.12.03 20:01:47.899,0.89904,0.89914,1.00,1.00
2015.12.03 20:01:48.001,0.89906,0.89915,1.00,1.00
2015.12.03 20:01:48.212,0.89904,0.89915,1.12,1.00
2015.12.03 20:01:48.669,0.89903,0.89915,1.00,1.75
2015.12.03 20:01:48.934,0.89903,0.89915,1.00,1.50
2015.12.03 20:01:49.003,0.89901,0.89913,1.00,1.00
2015.12.03 20:01:49.105,0.89898,0.89914,2.25,1.75
2015.12.03 20:01:49.258,0.89899,0.89914,1.75,1.50
2015.12.03 20:01:50.362,0.89903,0.89915,1.00,1.00
2015.12.03 20:01:50.669,0.89904,0.89917,1.00,1.50
2015.12.03 20:01:50.872,0.89901,0.89917,1.75,1.75
2015.12.03 20:01:51.020,0.89905,0.89917,1.00,1.12
2015.12.03 20:01:51.073,0.89904,0.89917,1.75,1.00
2015.12.03 20:01:51.175,0.89903,0.89917,1.50,1.50
2015.12.03 20:01:51.277,0.89903,0.89914,1.00,1.00
2015.12.03 20:01:51.583,0.89901,0.89916,1.87,2.25
2015.12.03 20:01:52.028,0.899,0.89914,1.00,3.00
2015.12.03 20:01:52.079,0.89898,0.89914,2.25,1.50
2015.12.03 20:01:52.181,0.89899,0.89913,1.00,1.75
2015.12.03 20:01:52.283,0.89897,0.89909,1.50,1.00
2015.12.03 20:01:52.689,0.89897,0.89906,1.00,1.00
2015.12.03 20:01:52.942,0.89895,0.89906,1.50,1.00
2015.12.03 20:01:53.592,0.89894,0.89909,1.50,1.75
2015.12.03 20:01:53.998,0.89896,0.89912,1.75,1.50
2015.12.03 20:01:54.512,0.899,0.89914,1.37,2.25
2015.12.03 20:01:55.424,0.89898,0.89914,3.00,1.50
2015.12.03 20:01:55.476,0.89898,0.89914,2.25,1.50
2015.12.03 20:01:55.577,0.89899,0.89914,1.00,1.75
2015.12.03 20:01:56.896,0.89898,0.89914,1.75,2.25
2015.12.03 20:01:56.999,0.89899,0.89911,1.50,1.00
2015.12.03 20:01:57.304,0.89896,0.89912,1.75,2.25
2015.12.03 20:01:58.093,0.89896,0.89912,1.50,1.75
2015.12.03 20:01:58.600,0.89896,0.89913,1.50,2.25
2015.12.03 20:01:58.936,0.89898,0.89911,1.00,2.25
2015.12.03 20:01:58.988,0.89897,0.89912,1.50,1.75
2015.12.03 20:01:59.040,0.89899,0.89911,1.00,1.00
2015.12.03 20:01:59.142,0.89893,0.89909,2.25,1.00
2015.12.03 20:01:59.194,0.89893,0.89909,1.75,1.12
2015.12.03 20:01:59.296,0.8989,0.89907,1.75,2.25
2015.12.03 20:01:59.702,0.89893,0.89909,1.50,1.75
2015.12.03 20:01:59.804,0.89895,0.89907,1.00,1.00
2015.12.03 20:02:00.089,0.89892,0.89907,1.75,1.50
2015.12.03 20:02:00.140,0.89893,0.89905,1.00,1.00
2015.12.03 20:02:00.395,0.89893,0.89906,1.12,1.75
2015.12.03 20:02:00.700,0.89892,0.89909,1.75,1.87
2015.12.03 20:02:01.222,0.89894,0.8991,1.50,2.62
2015.12.03 20:02:01.324,0.89894,0.8991,2.25,1.75
2015.12.03 20:02:01.425,0.89894,0.89912,2.25,1.87
2015.12.03 20:02:02.538,0.89897,0.89914,2.25,1.12
2015.12.03 20:02:02.991,0.89897,0.89913,2.25,1.50
2015.12.03 20:02:03.042,0.89897,0.89909,2.25,1.00
2015.12.03 20:02:03.094,0.89897,0.89914,3.75,2.25
2015.12.03 20:02:03.145,0.89897,0.89915,3.75,1.75
2015.12.03 20:02:03.793,0.89899,0.89912,1.50,1.00
2015.12.03 20:02:04.321,0.899,0.89915,1.75,1.50
2015.12.03 20:02:06.894,0.89899,0.89916,1.75,1.50
2015.12.03 20:02:07.446,0.89902,0.89916,1.75,1.00
2015.12.03 20:02:07.651,0.89902,0.89914,1.00,1.00
2015.12.03 20:02:07.705,0.899,0.89916,1.75,1.37
2015.12.03 20:02:07.757,0.89905,0.89916,1.00,1.00
2015.12.03 20:02:07.909,0.89899,0.89916,3.00,1.37
2015.12.03 20:02:07.961,0.89901,0.89916,1.50,1.75
2015.12.03 20:02:08.113,0.89903,0.89915,1.12,1.00
2015.12.03 20:02:08.501,0.89904,0.89917,1.37,1.37
2015.12.03 20:02:08.552,0.89905,0.89917,1.50,1.00
2015.12.03 20:02:08.603,0.89908,0.89918,1.00,1.00
2015.12.03 20:02:08.655,0.89908,0.89923,1.50,1.75
2015.12.03 20:02:08.707,0.89909,0.89921,2.25,1.00
2015.12.03 20:02:09.226,0.89909,0.89925,1.75,1.75
2015.12.03 20:02:09.896,0.89913,0.89925,1.00,1.75
2015.12.03 20:02:09.948,0.89913,0.89925,1.12,1.12
2015.12.03 20:02:10.151,0.89911,0.89922,1.00,1.00
2015.12.03 20:02:10.253,0.89912,0.89924,1.12,1.12
2015.12.03 20:02:10.304,0.89912,0.89924,1.00,1.37
2015.12.03 20:02:10.356,0.8991,0.89924,1.00,1.75
2015.12.03 20:02:10.588,0.89907,0.8992,2.62,1.00
2015.12.03 20:02:10.744,0.89907,0.8992,1.12,1.75
2015.12.03 20:02:11.744,0.89907,0.89923,1.50,1.87
2015.12.03 20:02:11.846,0.8991,0.89924,1.00,1.75
2015.12.03 20:02:11.897,0.89911,0.89924,1.87,1.75
2015.12.03 20:02:11.948,0.89912,0.89924,1.37,1.00
2015.12.03 20:02:12.255,0.89908,0.89925,2.25,1.75
2015.12.03 20:02:12.410,0.89907,0.89923,1.75,1.75
2015.12.03 20:02:12.463,0.89907,0.89922,1.37,1.75
2015.12.03 20:02:12.514,0.89905,0.8992,1.37,1.50
2015.12.03 20:02:12.565,0.89902,0.89919,3.00,1.75
2015.12.03 20:02:12.754,0.89902,0.89917,1.87,1.50
2015.12.03 20:02:12.807,0.89901,0.89918,1.12,4.50
2015.12.03 20:02:13.315,0.89902,0.89918,1.12,2.25
2015.12.03 20:02:13.416,0.89903,0.89918,1.37,1.75
2015.12.03 20:02:13.467,0.89903,0.8992,1.50,1.75
2015.12.03 20:02:13.519,0.89906,0.89918,1.37,1.00
2015.12.03 20:02:13.872,0.8991,0.89924,1.12,1.37
2015.12.03 20:02:14.128,0.89908,0.89923,1.87,1.00
2015.12.03 20:02:17.243,0.89908,0.89923,3.37,1.00
2015.12.03 20:02:17.750,0.89911,0.89923,1.00,1.00
2015.12.03 20:02:18.424,0.89911,0.89923,1.50,1.00
2015.12.03 20:02:18.628,0.89912,0.89929,2.25,1.75
2015.12.03 20:02:18.679,0.89913,0.89931,1.87,3.00
2015.12.03 20:02:19.286,0.89915,0.89928,1.00,1.37
2015.12.03 20:02:19.648,0.89911,0.89928,1.50,2.25
2015.12.03 20:02:19.699,0.8991,0.89928,2.62,2.25
2015.12.03 20:02:21.908,0.8991,0.89922,1.87,1.00
2015.12.03 20:02:22.460,0.8991,0.89922,1.00,1.00
2015.12.03 20:02:24.970,0.89907,0.89922,2.25,1.00
2015.12.03 20:02:25.276,0.89908,0.89923,1.75,1.50
2015.12.03 20:02:25.776,0.89907,0.89923,1.87,1.75
2015.12.03 20:02:26.284,0.89906,0.89922,1.75,1.75
2015.12.03 20:02:26.642,0.89906,0.89924,1.75,2.25
2015.12.03 20:02:30.175,0.89909,0.89921,1.00,1.00
2015.12.03 20:02:30.277,0.89907,0.8992,1.00,1.50
2015.12.03 20:02:30.328,0.89903,0.89919,2.62,1.37
2015.12.03 20:02:30.380,0.89903,0.89919,1.50,1.75
2015.12.03 20:02:30.890,0.89903,0.89919,2.25,1.50
2015.12.03 20:02:30.993,0.89905,0.89921,2.25,1.50
2015.12.03 20:02:31.044,0.89907,0.89921,1.50,1.50
2015.12.03 20:02:31.247,0.89909,0.89925,1.12,1.75
2015.12.03 20:02:31.396,0.89908,0.89923,1.50,1.00
2015.12.03 20:02:31.917,0.89912,0.89924,1.00,1.00
2015.12.03 20:02:32.373,0.8991,0.89926,1.75,1.75
2015.12.03 20:02:32.595,0.89911,0.89926,1.50,1.37
2015.12.03 20:02:32.646,0.89911,0.89926,1.75,1.12
2015.12.03 20:02:32.798,0.89912,0.89926,1.37,1.50
2015.12.03 20:02:33.153,0.89912,0.89929,1.75,2.25
2015.12.03 20:02:33.650,0.89914,0.89927,1.00,3.00
2015.12.03 20:02:33.802,0.89912,0.89927,1.00,3.00
2015.12.03 20:02:33.853,0.89912,0.89927,1.12,1.75
2015.12.03 20:02:34.006,0.89915,0.89927,1.00,1.37
2015.12.03 20:02:34.362,0.89912,0.89927,1.00,1.75
2015.12.03 20:02:34.464,0.89911,0.89927,2.25,1.50
2015.12.03 20:02:35.111,0.8991,0.89925,1.87,1.50
2015.12.03 20:02:35.162,0.89909,0.89925,2.25,1.75
2015.12.03 20:02:35.213,0.89909,0.89923,1.37,2.25
2015.12.03 20:02:35.265,0.89909,0.8992,1.00,1.00
2015.12.03 20:02:35.366,0.89909,0.89923,1.75,1.12
2015.12.03 20:02:35.722,0.89907,0.89923,2.25,1.75
2015.12.03 20:02:36.062,0.89905,0.89923,2.25,1.75
2015.12.03 20:02:36.164,0.89905,0.89921,1.75,1.12
2015.12.03 20:02:36.522,0.89906,0.89921,1.37,1.75
2015.12.03 20:02:36.574,0.89905,0.89919,1.50,1.50
2015.12.03 20:02:36.779,0.89904,0.89919,1.12,1.75
2015.12.03 20:02:37.330,0.89904,0.89919,1.50,1.37
2015.12.03 20:02:37.381,0.89907,0.89922,1.12,1.75
2015.12.03 20:02:37.432,0.89909,0.89924,1.37,2.25
2015.12.03 20:02:37.485,0.89909,0.89924,1.75,1.75
2015.12.03 20:02:37.689,0.89913,0.89926,1.00,1.50
2015.12.03 20:02:37.790,0.89913,0.89926,1.75,1.00
2015.12.03 20:02:38.233,0.8991,0.89926,1.75,1.37
2015.12.03 20:02:38.284,0.89911,0.89923,1.00,1.50
2015.12.03 20:02:38.335,0.89908,0.89922,1.75,1.37
2015.12.03 20:02:38.387,0.89909,0.8992,1.00,1.00
2015.12.03 20:02:38.438,0.89907,0.8992,1.37,1.37
2015.12.03 20:02:38.489,0.89905,0.89921,1.50,1.75
2015.12.03 20:02:38.591,0.89905,0.89921,2.25,1.75
2015.12.03 20:02:38.795,0.89905,0.89921,1.75,1.50
2015.12.03 20:02:38.846,0.89904,0.89918,1.75,1.00
2015.12.03 20:02:39.153,0.89904,0.89918,1.75,1.50
2015.12.03 20:02:39.205,0.89906,0.89918,1.00,1.50
2015.12.03 20:02:40.430,0.89906,0.89923,1.50,1.75
2015.12.03 20:02:40.481,0.89909,0.89919,1.00,1.00
2015.12.03 20:02:40.790,0.89911,0.89924,1.37,1.50
2015.12.03 20:02:40.993,0.8991,0.89923,1.50,1.00
2015.12.03 20:02:41.145,0.89907,0.89922,2.62,1.37
2015.12.03 20:02:41.196,0.89907,0.89922,1.50,1.75
2015.12.03 20:02:42.668,0.89906,0.89921,1.50,1.75
2015.12.03 20:02:42.720,0.89906,0.89919,1.12,1.50
2015.12.03 20:02:42.823,0.89901,0.89915,1.37,1.37
2015.12.03 20:02:42.874,0.89901,0.89914,1.12,1.50
2015.12.03 20:02:43.384,0.899,0.89914,1.50,1.12
2015.12.03 20:02:43.902,0.89898,0.89914,2.25,1.50
2015.12.03 20:02:44.357,0.89894,0.89912,4.12,2.25
2015.12.03 20:02:44.409,0.89896,0.89908,1.00,1.00
2015.12.03 20:02:44.964,0.89893,0.89911,1.75,1.75
2015.12.03 20:02:45.382,0.89893,0.89909,1.87,1.75
2015.12.03 20:02:45.737,0.89892,0.89906,1.00,1.75
2015.12.03 20:02:46.072,0.89888,0.89901,2.25,1.00
2015.12.03 20:02:46.429,0.89888,0.89901,1.50,1.00
2015.12.03 20:02:46.633,0.89892,0.89907,1.37,3.00
2015.12.03 20:02:46.684,0.89894,0.89907,1.00,1.50
2015.12.03 20:02:47.340,0.89893,0.89908,1.75,1.00
2015.12.03 20:02:47.442,0.89893,0.89909,1.37,4.50
2015.12.03 20:02:47.493,0.89893,0.89904,1.00,1.00
2015.12.03 20:02:47.544,0.89891,0.89906,1.00,1.75
2015.12.03 20:02:48.204,0.89891,0.89907,1.87,1.75
2015.12.03 20:02:48.704,0.89887,0.89904,2.25,1.75
2015.12.03 20:02:49.009,0.89893,0.89904,1.00,1.00
2015.12.03 20:02:49.110,0.89893,0.89909,1.75,1.50
2015.12.03 20:02:49.263,0.89893,0.89909,1.37,1.75
2015.12.03 20:02:49.522,0.8989,0.89903,1.00,1.00
2015.12.03 20:02:49.979,0.89891,0.89908,1.50,3.00
2015.12.03 20:02:50.030,0.89893,0.89909,1.12,2.25
2015.12.03 20:02:50.540,0.89894,0.89909,1.00,1.75
2015.12.03 20:02:51.089,0.89895,0.89911,1.00,4.12
2015.12.03 20:02:52.237,0.89895,0.89911,1.00,3.00
2015.12.03 20:02:52.748,0.89896,0.89911,1.00,3.00
2015.12.03 20:02:53.391,0.89895,0.89911,1.00,3.00
2015.12.03 20:02:53.927,0.89897,0.89911,1.00,2.25
2015.12.03 20:02:54.333,0.89897,0.89913,3.00,1.75
2015.12.03 20:02:55.157,0.89897,0.89913,3.00,1.75
2015.12.03 20:02:55.740,0.89898,0.89914,1.37,3.00
2015.12.03 20:02:55.943,0.89898,0.89914,1.50,1.75
2015.12.03 20:02:56.459,0.89898,0.89914,1.87,1.75
2015.12.03 20:02:57.118,0.89898,0.89914,2.25,1.37
2015.12.03 20:02:57.169,0.89902,0.89915,1.00,1.00
2015.12.03 20:02:57.525,0.89902,0.89917,1.37,1.50
2015.12.03 20:02:57.677,0.89905,0.89922,1.50,2.25
2015.12.03 20:02:57.728,0.89905,0.8992,1.50,1.00
2015.12.03 20:02:58.232,0.89905,0.89923,1.50,1.75
2015.12.03 20:02:58.537,0.89905,0.89922,1.50,2.25
2015.12.03 20:03:02.426,0.89905,0.89919,1.37,1.00
2015.12.03 20:03:03.929,0.89905,0.89923,1.50,1.75
2015.12.03 20:03:04.190,0.89902,0.89918,1.75,2.25
2015.12.03 20:03:04.241,0.89901,0.89917,1.37,1.37
2015.12.03 20:03:04.412,0.89899,0.8991,1.00,1.00
2015.12.03 20:03:04.464,0.89897,0.8991,1.00,1.00
2015.12.03 20:03:04.989,0.89896,0.89909,1.12,1.00
2015.12.03 20:03:05.343,0.89898,0.8991,1.12,1.00
2015.12.03 20:03:05.672,0.89898,0.89914,2.25,1.75
2015.12.03 20:03:05.774,0.89901,0.89914,1.00,1.50
2015.12.03 20:03:05.876,0.89901,0.89916,1.75,1.50
2015.12.03 20:03:06.233,0.89903,0.89916,1.00,1.37
2015.12.03 20:03:06.576,0.89898,0.89916,4.12,1.75
2015.12.03 20:03:08.249,0.89898,0.89914,1.75,1.50
2015.12.03 20:03:08.748,0.89898,0.89914,1.12,1.75
2015.12.03 20:03:08.799,0.899,0.89914,1.00,1.50
2015.12.03 20:03:09.310,0.89898,0.89914,1.75,1.50
2015.12.03 20:03:10.876,0.899,0.89914,1.37,1.50
2015.12.03 20:03:10.978,0.899,0.89916,1.75,1.00
2015.12.03 20:03:11.480,0.89899,0.89916,1.87,1.50
2015.12.03 20:03:12.800,0.899,0.89916,1.75,1.00
2015.12.03 20:03:13.175,0.89901,0.89916,1.75,1.00
2015.12.03 20:03:13.479,0.89903,0.89916,1.00,1.12
2015.12.03 20:03:14.255,0.89902,0.89916,1.00,1.12
2015.12.03 20:03:14.457,0.89899,0.89916,1.75,1.50
2015.12.03 20:03:14.508,0.89899,0.89916,1.50,1.75
2015.12.03 20:03:14.863,0.89899,0.89916,1.00,2.25
2015.12.03 20:03:15.374,0.89897,0.89914,1.50,1.75
2015.12.03 20:03:15.476,0.89897,0.89912,1.37,1.00
2015.12.03 20:03:15.578,0.89897,0.89915,2.25,1.75
2015.12.03 20:03:15.629,0.899,0.89914,1.00,1.00
2015.12.03 20:03:15.883,0.89897,0.89915,1.75,1.75
2015.12.03 20:03:16.127,0.89899,0.89915,1.12,1.50
2015.12.03 20:03:17.432,0.89899,0.89915,1.12,1.12
2015.12.03 20:03:17.739,0.89898,0.89915,1.75,1.50
2015.12.03 20:03:18.247,0.899,0.89914,1.00,1.50
2015.12.03 20:03:18.596,0.89899,0.89915,3.37,1.00
2015.12.03 20:03:22.481,0.89902,0.89915,1.00,1.00
2015.12.03 20:03:23.228,0.899,0.89914,1.87,1.00
2015.12.03 20:03:23.380,0.89901,0.89917,2.62,1.37
2015.12.03 20:03:23.942,0.89904,0.89917,1.00,1.50
2015.12.03 20:03:24.450,0.89902,0.89917,1.75,1.00
2015.12.03 20:03:24.998,0.89903,0.89917,3.00,1.00
2015.12.03 20:03:25.151,0.89903,0.89917,2.25,1.00
2015.12.03 20:03:25.709,0.89901,0.89917,1.87,1.12
2015.12.03 20:03:26.134,0.89901,0.89915,1.50,1.37
2015.12.03 20:03:26.185,0.89898,0.89915,1.87,1.75
2015.12.03 20:03:26.439,0.89898,0.89914,1.00,1.75
2015.12.03 20:03:29.619,0.89899,0.89911,1.00,1.00
2015.12.03 20:03:29.721,0.899,0.89913,1.12,1.12
2015.12.03 20:03:29.823,0.89899,0.89913,1.37,1.50
2015.12.03 20:03:29.924,0.89898,0.89913,1.37,1.50
2015.12.03 20:03:30.131,0.89897,0.89911,1.00,1.12
2015.12.03 20:03:30.182,0.89897,0.89906,1.00,1.00
2015.12.03 20:03:30.233,0.89893,0.89906,1.00,1.50
2015.12.03 20:03:30.335,0.89891,0.89902,1.00,1.00
2015.12.03 20:03:30.841,0.8989,0.89902,1.00,1.00
2015.12.03 20:03:31.714,0.89889,0.89905,1.00,2.25
2015.12.03 20:03:31.817,0.89889,0.89905,1.75,1.12
2015.12.03 20:03:32.914,0.89891,0.89908,1.00,3.00
2015.12.03 20:03:33.352,0.89891,0.89908,3.00,1.75
2015.12.03 20:03:33.902,0.89893,0.89909,1.00,1.75
2015.12.03 20:03:34.055,0.89892,0.89903,1.00,1.00
2015.12.03 20:03:34.731,0.89891,0.89903,1.12,1.00
2015.12.03 20:03:35.367,0.89892,0.89903,1.00,1.00
2015.12.03 20:03:35.519,0.8989,0.89903,1.12,1.00
2015.12.03 20:03:35.621,0.89891,0.89907,1.37,2.25
2015.12.03 20:03:35.672,0.89893,0.89905,1.00,1.00
2015.12.03 20:03:35.723,0.89889,0.89907,2.62,2.62
2015.12.03 20:03:35.825,0.89889,0.89906,1.87,1.75
2015.12.03 20:03:36.131,0.89889,0.89903,1.00,1.50
2015.12.03 20:03:36.474,0.89886,0.89902,1.87,1.75
2015.12.03 20:03:36.829,0.8989,0.89901,1.00,1.00
2015.12.03 20:03:37.032,0.8989,0.89906,1.87,1.75
2015.12.03 20:03:37.142,0.89891,0.89908,1.37,1.75
2015.12.03 20:03:37.689,0.89892,0.89909,1.50,1.75
2015.12.03 20:03:38.747,0.89896,0.89909,1.00,1.75
2015.12.03 20:03:38.951,0.89896,0.89912,2.62,1.75
2015.12.03 20:03:39.053,0.89898,0.89912,1.87,1.00
2015.12.03 20:03:39.358,0.89896,0.89914,2.25,1.87
2015.12.03 20:03:39.678,0.89898,0.89912,1.00,1.00
2015.12.03 20:03:39.932,0.89897,0.89911,1.00,2.25
2015.12.03 20:03:40.137,0.89897,0.89911,1.37,1.12
2015.12.03 20:03:40.673,0.89897,0.89913,1.00,1.75
2015.12.03 20:03:42.554,0.89895,0.89911,1.87,1.00
2015.12.03 20:03:42.657,0.89895,0.89909,1.12,1.00
2015.12.03 20:03:42.759,0.89895,0.89911,1.00,1.75
2015.12.03 20:03:42.986,0.89895,0.89911,2.25,1.50
2015.12.03 20:03:44.560,0.89897,0.89915,1.75,2.62
2015.12.03 20:03:44.662,0.89898,0.89912,1.00,1.00
2015.12.03 20:03:46.223,0.89895,0.89912,2.62,1.50
2015.12.03 20:03:46.275,0.89896,0.89912,1.50,1.75
2015.12.03 20:03:46.871,0.89897,0.89912,1.37,1.37
2015.12.03 20:03:46.973,0.89899,0.89912,1.00,1.00
2015.12.03 20:03:47.538,0.89897,0.89912,1.37,1.37
2015.12.03 20:03:47.590,0.89895,0.89908,2.25,1.00
2015.12.03 20:03:48.224,0.89895,0.89909,2.62,1.00
2015.12.03 20:03:48.727,0.89896,0.8991,1.12,1.00
2015.12.03 20:03:49.844,0.89896,0.89908,1.00,1.00
2015.12.03 20:03:50.847,0.89895,0.89908,1.00,1.50
2015.12.03 20:03:51.560,0.89892,0.89906,1.87,1.00
2015.12.03 20:03:51.887,0.89893,0.89905,1.00,1.75
2015.12.03 20:03:52.089,0.89891,0.89905,1.12,1.75
2015.12.03 20:03:56.469,0.89894,0.8991,1.87,2.25
2015.12.03 20:03:56.723,0.89904,0.89914,1.00,1.00
2015.12.03 20:03:57.416,0.89902,0.89914,1.87,1.00
2015.12.03 20:03:57.957,0.89902,0.89915,1.87,1.00
2015.12.03 20:04:00.501,0.89902,0.89915,1.12,1.12
2015.12.03 20:04:01.022,0.89901,0.89915,1.12,1.00
2015.12.03 20:04:01.576,0.89902,0.89915,1.00,1.12
2015.12.03 20:04:02.527,0.89901,0.89915,1.37,1.50
2015.12.03 20:04:03.120,0.89901,0.89914,1.00,1.00
2015.12.03 20:04:05.907,0.89901,0.89914,1.50,1.12
2015.12.03 20:04:06.238,0.89901,0.89914,1.87,1.00
2015.12.03 20:04:08.006,0.89901,0.89914,1.87,1.00
2015.12.03 20:04:11.222,0.89904,0.89914,1.00,1.00
2015.12.03 20:04:13.870,0.89905,0.89914,1.00,1.00
2015.12.03 20:04:13.921,0.89909,0.89915,1.00,1.00
2015.12.03 20:04:13.972,0.89909,0.89917,1.00,1.00
2015.12.03 20:04:14.074,0.89909,0.89917,1.37,1.00
2015.12.03 20:04:14.431,0.89909,0.89917,1.00,1.00
2015.12.03 20:04:14.808,0.89909,0.89924,1.00,1.50
2015.12.03 20:04:18.751,0.89909,0.89923,1.50,1.00
2015.12.03 20:04:19.293,0.89908,0.89923,4.12,1.00
2015.12.03 20:04:19.913,0.89908,0.89923,3.37,1.00
2015.12.03 20:04:19.965,0.89908,0.89923,1.87,1.75
2015.12.03 20:04:20.067,0.89908,0.89923,1.12,1.75
2015.12.03 20:04:20.610,0.89908,0.89922,1.00,1.75
2015.12.03 20:04:20.762,0.89911,0.89924,1.12,3.00
2015.12.03 20:04:21.089,0.89915,0.89927,2.25,1.00
2015.12.03 20:04:21.293,0.89915,0.89927,2.25,1.00
2015.12.03 20:04:21.801,0.89915,0.89927,2.25,1.00
2015.12.03 20:04:22.440,0.89915,0.89927,2.25,1.00
2015.12.03 20:04:24.920,0.89916,0.89927,1.75,1.00
2015.12.03 20:04:25.074,0.89916,0.89929,2.25,1.00
2015.12.03 20:04:25.176,0.89916,0.89933,2.25,1.12
2015.12.03 20:04:25.787,0.89917,0.89933,1.75,1.12
2015.12.03 20:04:26.167,0.89926,0.89935,1.50,1.12
2015.12.03 20:04:26.269,0.89926,0.89935,1.00,1.00
2015.12.03 20:04:26.472,0.89923,0.89935,1.12,1.12
2015.12.03 20:04:26.878,0.89918,0.89935,1.37,1.87
2015.12.03 20:04:26.980,0.89918,0.89933,1.50,1.00
2015.12.03 20:04:27.081,0.89918,0.89935,1.37,1.50
2015.12.03 20:04:27.183,0.89918,0.89935,1.75,1.12
2015.12.03 20:04:27.974,0.89922,0.89936,1.00,1.00
2015.12.03 20:04:28.480,0.89923,0.89936,1.00,1.00
2015.12.03 20:04:29.107,0.89924,0.89936,1.75,1.00
2015.12.03 20:04:29.159,0.89925,0.89943,1.12,2.25
2015.12.03 20:04:29.262,0.89928,0.89942,1.37,1.37
2015.12.03 20:04:29.314,0.89928,0.89944,1.75,1.12
2015.12.03 20:04:29.468,0.89929,0.89943,1.50,1.00
2015.12.03 20:04:30.013,0.89927,0.89946,4.50,1.12
2015.12.03 20:04:30.116,0.89931,0.89946,1.00,1.12
2015.12.03 20:04:30.626,0.89929,0.89948,1.37,3.37
2015.12.03 20:04:30.969,0.89928,0.89943,1.37,1.12
2015.12.03 20:04:32.155,0.89926,0.89943,1.12,1.12
2015.12.03 20:04:33.504,0.89927,0.89943,1.37,1.37
2015.12.03 20:04:33.815,0.89929,0.89943,1.75,1.00
2015.12.03 20:04:34.324,0.89929,0.89943,1.37,1.00
2015.12.03 20:04:34.852,0.89929,0.89942,1.37,1.00
2015.12.03 20:04:35.360,0.89924,0.89938,2.25,1.37
2015.12.03 20:04:35.411,0.89923,0.89938,1.75,1.87
2015.12.03 20:04:35.701,0.8992,0.89935,1.50,1.50
2015.12.03 20:04:36.160,0.89918,0.89933,1.50,1.00
2015.12.03 20:04:36.262,0.89919,0.89935,3.00,1.12
2015.12.03 20:04:36.314,0.89923,0.89935,1.00,1.00
2015.12.03 20:04:36.671,0.89919,0.89935,2.62,1.00
2015.12.03 20:04:36.722,0.89922,0.89935,1.00,1.00
2015.12.03 20:04:38.077,0.89922,0.89936,1.00,1.00
2015.12.03 20:04:38.229,0.89922,0.89937,2.25,1.37
2015.12.03 20:04:38.686,0.89924,0.89935,1.50,1.00
2015.12.03 20:04:39.032,0.8993,0.89936,1.00,1.00
2015.12.03 20:04:43.234,0.89925,0.89936,1.00,1.00
2015.12.03 20:04:43.750,0.89922,0.89936,1.75,1.00
2015.12.03 20:04:44.310,0.89923,0.89936,1.87,1.00
2015.12.03 20:04:44.411,0.89924,0.89936,1.75,1.00
2015.12.03 20:04:44.931,0.89923,0.89936,1.75,1.00
2015.12.03 20:04:45.235,0.89923,0.89936,1.75,1.00
2015.12.03 20:04:45.438,0.89926,0.89936,1.12,1.00
2015.12.03 20:04:45.540,0.89926,0.89936,1.37,1.00
2015.12.03 20:04:46.652,0.89923,0.89936,1.87,1.00
2015.12.03 20:04:47.058,0.8992,0.89936,1.12,1.37
2015.12.03 20:04:47.571,0.89919,0.89934,1.12,1.00
2015.12.03 20:04:47.724,0.89916,0.89934,1.87,1.12
2015.12.03 20:04:48.922,0.89919,0.89934,1.50,1.00
2015.12.03 20:04:49.024,0.8992,0.89934,1.75,1.00
2015.12.03 20:04:49.328,0.89916,0.89934,3.00,1.00
2015.12.03 20:04:49.561,0.89916,0.89932,1.75,1.00
2015.12.03 20:04:49.664,0.89915,0.89932,2.62,1.50
2015.12.03 20:04:49.766,0.89919,0.89932,1.00,1.00
2015.12.03 20:04:50.274,0.89915,0.89931,1.87,1.00
2015.12.03 20:04:50.767,0.89916,0.89929,1.00,1.00
2015.12.03 20:04:50.970,0.89912,0.89929,1.87,1.12
2015.12.03 20:04:52.937,0.89912,0.89929,3.75,1.50
2015.12.03 20:04:53.040,0.89915,0.89932,2.62,1.75
2015.12.03 20:04:53.549,0.89915,0.89933,2.62,2.25
2015.12.03 20:04:54.422,0.89918,0.89933,1.00,1.75
2015.12.03 20:04:54.591,0.89917,0.89934,3.00,1.50
2015.12.03 20:04:54.948,0.89916,0.89933,1.12,1.12
2015.12.03 20:04:55.049,0.89915,0.89933,1.12,1.75
2015.12.03 20:04:55.253,0.89916,0.89933,1.12,1.12
2015.12.03 20:04:55.355,0.89917,0.89932,1.00,1.50
2015.12.03 20:04:55.949,0.89917,0.89932,1.00,1.37
2015.12.03 20:04:56.249,0.89914,0.89931,1.37,1.75
2015.12.03 20:04:56.351,0.89913,0.89931,1.37,1.75
2015.12.03 20:04:56.896,0.89912,0.89929,1.12,1.87
2015.12.03 20:04:57.251,0.89912,0.89926,1.00,1.00
2015.12.03 20:04:57.353,0.8991,0.89925,1.12,1.00
2015.12.03 20:04:57.456,0.8991,0.89927,1.12,1.50
2015.12.03 20:04:57.761,0.89911,0.89928,1.87,1.50
2015.12.03 20:04:57.994,0.8991,0.89928,1.87,1.75
2015.12.03 20:04:58.503,0.8991,0.89923,1.00,1.00
2015.12.03 20:04:58.555,0.89907,0.89921,1.00,1.00
2015.12.03 20:04:58.759,0.89905,0.89923,1.50,1.75
2015.12.03 20:04:58.861,0.89905,0.89923,1.87,1.50
2015.12.03 20:04:59.395,0.89905,0.89921,1.75,1.00
2015.12.03 20:04:59.497,0.89907,0.89924,1.12,1.75
2015.12.03 20:04:59.548,0.89907,0.89924,1.87,1.37
2015.12.03 20:04:59.853,0.89908,0.89924,1.12,1.00
2015.12.03 20:05:00.567,0.89911,0.89924,1.75,1.00
2015.12.03 20:05:00.771,0.89905,0.89924,1.75,1.12
2015.12.03 20:05:01.001,0.89905,0.89924,1.75,1.75
2015.12.03 20:05:01.103,0.89905,0.89924,2.25,1.75
2015.12.03 20:05:01.610,0.89906,0.89922,2.25,1.00
2015.12.03 20:05:02.128,0.89908,0.89922,1.00,1.50
2015.12.03 20:05:02.179,0.89905,0.89922,1.00,1.75
2015.12.03 20:05:02.486,0.89905,0.89921,1.87,1.37
2015.12.03 20:05:03.017,0.89908,0.89921,1.00,1.50
2015.12.03 20:05:03.542,0.89906,0.8992,1.75,1.50
2015.12.03 20:05:03.847,0.89904,0.89918,2.25,1.00
2015.12.03 20:05:03.898,0.89902,0.89918,1.12,2.25
2015.12.03 20:05:05.542,0.89901,0.89919,1.75,1.50
2015.12.03 20:05:06.103,0.89901,0.8992,2.25,1.75
2015.12.03 20:05:06.312,0.89903,0.89923,2.25,2.25
2015.12.03 20:05:06.414,0.89907,0.89924,1.12,1.87
2015.12.03 20:05:07.309,0.89905,0.89924,1.37,2.62
2015.12.03 20:05:08.050,0.89904,0.89924,1.87,1.87
2015.12.03 20:05:08.513,0.89907,0.89922,1.12,1.00
2015.12.03 20:05:08.817,0.89907,0.89925,1.75,2.62
2015.12.03 20:05:10.099,0.89907,0.89925,1.50,1.75
2015.12.03 20:05:10.616,0.89907,0.89921,1.50,1.00
2015.12.03 20:05:10.719,0.89907,0.89925,1.75,2.62
2015.12.03 20:05:11.225,0.8991,0.89925,1.00,1.87
2015.12.03 20:05:11.621,0.8991,0.89925,1.00,1.75
2015.12.03 20:05:11.926,0.8991,0.89923,1.00,1.12
2015.12.03 20:05:12.517,0.89904,0.89919,1.50,1.00
2015.12.03 20:05:13.133,0.89904,0.8992,1.37,1.37
2015.12.03 20:05:13.235,0.89905,0.89921,2.25,1.50
2015.12.03 20:05:13.544,0.89911,0.89923,1.00,1.50
2015.12.03 20:05:14.134,0.89911,0.89923,1.00,1.75
2015.12.03 20:05:14.439,0.89911,0.89922,1.00,1.75
2015.12.03 20:05:14.986,0.89911,0.89922,1.00,1.50
2015.12.03 20:05:15.088,0.89906,0.89922,1.37,1.87
2015.12.03 20:05:15.610,0.89906,0.89923,1.75,1.87
2015.12.03 20:05:17.448,0.89907,0.89923,1.00,1.50
2015.12.03 20:05:17.651,0.89904,0.8992,1.00,2.25
2015.12.03 20:05:17.753,0.89901,0.8992,2.62,1.75
2015.12.03 20:05:17.804,0.89901,0.89916,1.50,1.00
2015.12.03 20:05:18.463,0.89903,0.89916,1.00,1.00
2015.12.03 20:05:18.706,0.89903,0.89922,2.25,1.75
2015.12.03 20:05:18.759,0.89905,0.89922,1.37,1.75
2015.12.03 20:05:19.065,0.89902,0.8992,1.75,2.62
2015.12.03 20:05:19.116,0.89901,0.8992,1.50,1.87
2015.12.03 20:05:19.558,0.89901,0.89918,2.25,1.00
2015.12.03 20:05:19.762,0.899,0.8992,1.75,3.37
2015.12.03 20:05:19.814,0.899,0.89919,1.50,1.75
2015.12.03 20:05:20.355,0.899,0.89919,2.25,1.87
2015.12.03 20:05:20.843,0.89904,0.89915,1.12,1.00
2015.12.03 20:05:20.945,0.89906,0.89921,1.50,1.75
2015.12.03 20:05:21.149,0.89906,0.89924,1.50,1.75
2015.12.03 20:05:21.250,0.89909,0.89924,1.00,1.50
2015.12.03 20:05:21.896,0.8991,0.89924,1.00,1.37
2015.12.03 20:05:22.851,0.89906,0.89924,3.75,1.37
2015.12.03 20:05:23.371,0.89906,0.89924,1.50,1.75
2015.12.03 20:05:23.763,0.89906,0.89923,1.00,1.50
2015.12.03 20:05:24.016,0.89907,0.89922,1.00,1.00
2015.12.03 20:05:24.426,0.89905,0.89923,1.00,4.12
2015.12.03 20:05:24.928,0.89905,0.89923,3.37,3.75
2015.12.03 20:05:25.279,0.89907,0.8992,1.50,1.00
2015.12.03 20:05:25.330,0.89907,0.89922,1.37,1.00
2015.12.03 20:05:25.845,0.89907,0.89926,1.50,2.25
2015.12.03 20:05:26.354,0.89907,0.89925,1.75,1.87
2015.12.03 20:05:27.017,0.89908,0.89924,1.00,1.75
2015.12.03 20:05:27.171,0.89907,0.89922,1.00,1.75
2015.12.03 20:05:27.526,0.89907,0.89922,1.00,1.50
2015.12.03 20:05:28.064,0.89908,0.89922,1.00,1.00
2015.12.03 20:05:28.168,0.89908,0.89922,1.00,1.75
2015.12.03 20:05:28.473,0.89908,0.89922,1.00,1.87
2015.12.03 20:05:28.777,0.89908,0.8992,1.00,1.87
2015.12.03 20:05:28.828,0.89903,0.8992,1.00,1.87
2015.12.03 20:05:34.747,0.89901,0.8992,1.12,1.12
2015.12.03 20:05:37.060,0.89901,0.89915,1.00,1.00
2015.12.03 20:05:37.162,0.89901,0.89917,1.00,3.00
2015.12.03 20:05:37.829,0.899,0.89917,1.50,3.00
2015.12.03 20:05:37.881,0.899,0.89918,1.87,2.25
2015.12.03 20:05:37.982,0.899,0.89918,2.62,1.50
2015.12.03 20:05:38.298,0.89903,0.8992,1.00,2.25
2015.12.03 20:05:39.543,0.89902,0.8992,1.87,3.00
2015.12.03 20:05:41.081,0.89901,0.89918,1.00,3.00
2015.12.03 20:05:41.182,0.89899,0.89918,1.87,3.75
2015.12.03 20:05:42.452,0.899,0.89917,1.00,1.75
2015.12.03 20:05:42.503,0.89898,0.89915,3.00,1.75
2015.12.03 20:05:43.172,0.89899,0.89914,1.00,1.00
2015.12.03 20:05:43.577,0.89896,0.89915,1.87,1.75
2015.12.03 20:05:43.882,0.89898,0.89917,1.75,2.25
2015.12.03 20:05:44.070,0.89904,0.89917,1.00,1.12
2015.12.03 20:05:44.375,0.89903,0.89917,3.37,1.00
2015.12.03 20:05:44.427,0.89907,0.89917,1.00,1.00
2015.12.03 20:05:44.528,0.89903,0.89918,1.37,1.00
2015.12.03 20:05:44.985,0.89902,0.89921,2.62,1.50
2015.12.03 20:05:45.437,0.89902,0.89918,3.37,1.00
2015.12.03 20:05:45.947,0.89902,0.89918,1.87,1.00
2015.12.03 20:05:46.495,0.89902,0.89917,1.12,1.00
2015.12.03 20:05:46.909,0.89901,0.89915,1.75,1.00
2015.12.03 20:05:47.010,0.89901,0.89917,1.75,1.00
2015.12.03 20:05:47.432,0.89902,0.89916,1.00,1.00
2015.12.03 20:05:47.968,0.899,0.89917,1.87,1.12
2015.12.03 20:05:48.174,0.899,0.89917,1.37,1.50
2015.12.03 20:05:48.481,0.899,0.89916,1.37,1.75
2015.12.03 20:05:48.867,0.89902,0.8991,1.00,1.00
2015.12.03 20:05:48.918,0.89898,0.8991,1.12,1.00
2015.12.03 20:05:49.020,0.89898,0.8991,1.00,1.12
2015.12.03 20:05:49.223,0.89898,0.89914,1.37,1.12
2015.12.03 20:05:49.728,0.89899,0.89915,1.00,1.75
2015.12.03 20:05:49.831,0.89896,0.89913,1.50,1.75
2015.12.03 20:05:50.358,0.89896,0.89913,1.00,1.75
2015.12.03 20:05:51.047,0.89895,0.89911,1.50,1.50
2015.12.03 20:05:51.150,0.89895,0.89908,1.50,1.00
2015.12.03 20:05:51.619,0.89891,0.89908,2.25,1.75
2015.12.03 20:05:53.423,0.89893,0.8991,1.00,1.75
2015.12.03 20:05:53.525,0.89892,0.89907,1.00,1.75
2015.12.03 20:05:53.576,0.8989,0.89907,2.25,2.25
2015.12.03 20:05:53.928,0.89891,0.89908,1.37,1.87
2015.12.03 20:05:54.080,0.8989,0.89907,1.00,1.75
2015.12.03 20:05:54.132,0.89887,0.89902,3.37,1.50
2015.12.03 20:05:54.335,0.89886,0.89902,2.25,1.12
2015.12.03 20:05:54.386,0.89888,0.89903,1.37,1.75
2015.12.03 20:05:54.437,0.89888,0.89905,1.75,1.87
2015.12.03 20:05:54.716,0.89887,0.89902,1.37,1.00
2015.12.03 20:05:55.121,0.89884,0.89897,1.00,1.00
2015.12.03 20:05:55.425,0.89886,0.89897,1.00,1.00
2015.12.03 20:05:55.577,0.89883,0.89897,1.87,1.00
2015.12.03 20:05:56.038,0.89885,0.899,1.00,1.00
2015.12.03 20:05:57.158,0.89887,0.89902,1.75,2.25
2015.12.03 20:05:57.261,0.8989,0.89907,1.37,1.37
2015.12.03 20:05:57.619,0.89891,0.89909,1.50,1.37
2015.12.03 20:05:57.670,0.89892,0.89911,2.25,2.62
2015.12.03 20:05:57.874,0.89897,0.89914,1.12,1.37
2015.12.03 20:05:58.205,0.89892,0.8991,1.37,2.25
2015.12.03 20:05:58.256,0.89892,0.8991,1.00,2.25
2015.12.03 20:05:58.783,0.8989,0.89909,1.87,1.87
2015.12.03 20:05:59.218,0.89894,0.89908,1.00,1.00
2015.12.03 20:06:00.722,0.89893,0.89911,1.37,2.25
2015.12.03 20:06:00.875,0.89894,0.89908,1.00,1.00
2015.12.03 20:06:02.072,0.89891,0.89909,1.87,1.75
2015.12.03 20:06:02.225,0.89891,0.89909,2.25,1.37
2015.12.03 20:06:02.276,0.89892,0.8991,1.75,1.50
2015.12.03 20:06:02.974,0.89895,0.8991,1.37,1.50
2015.12.03 20:06:03.026,0.89895,0.8991,1.75,1.37
2015.12.03 20:06:03.077,0.89896,0.8991,1.75,1.00
2015.12.03 20:06:03.180,0.89898,0.89913,1.00,1.50
2015.12.03 20:06:03.283,0.89895,0.89913,4.12,1.00
2015.12.03 20:06:03.791,0.89899,0.89915,1.00,1.75
2015.12.03 20:06:04.184,0.89897,0.89915,1.00,1.87
2015.12.03 20:06:05.061,0.89897,0.89916,1.87,3.37
2015.12.03 20:06:05.244,0.89901,0.89916,1.00,1.50
2015.12.03 20:06:05.447,0.89899,0.89916,3.37,1.12
2015.12.03 20:06:06.264,0.89901,0.89916,1.12,1.50
2015.12.03 20:06:06.315,0.89901,0.89916,1.00,1.50
2015.12.03 20:06:06.834,0.89899,0.89916,1.12,1.75
2015.12.03 20:06:07.179,0.89898,0.89916,1.50,1.75
2015.12.03 20:06:08.234,0.89898,0.89916,1.75,1.37
2015.12.03 20:06:08.285,0.89901,0.89916,1.00,1.12
2015.12.03 20:06:08.488,0.89901,0.89917,1.12,1.50
2015.12.03 20:06:09.589,0.89901,0.89917,1.12,1.50
2015.12.03 20:06:09.894,0.89899,0.89914,1.00,1.00
2015.12.03 20:06:10.402,0.89896,0.89915,1.75,2.25
2015.12.03 20:06:10.635,0.89896,0.89914,1.12,1.87
2015.12.03 20:06:11.681,0.89895,0.89912,1.12,1.12
2015.12.03 20:06:12.370,0.89894,0.89912,1.75,1.50
2015.12.03 20:06:12.523,0.89893,0.89909,1.37,1.12
2015.12.03 20:06:12.828,0.89891,0.8991,1.75,1.00
2015.12.03 20:06:13.195,0.89891,0.89911,1.75,2.62
2015.12.03 20:06:13.399,0.89891,0.89909,1.50,2.62
2015.12.03 20:06:14.014,0.89891,0.89909,1.75,1.75
2015.12.03 20:06:14.541,0.89893,0.89908,1.00,1.00
2015.12.03 20:06:14.845,0.8989,0.8991,1.50,3.75
2015.12.03 20:06:15.077,0.89889,0.89904,1.12,1.00
2015.12.03 20:06:15.485,0.89886,0.89906,1.50,1.75
2015.12.03 20:06:15.992,0.89889,0.89906,1.37,1.75
2015.12.03 20:06:16.708,0.89889,0.89907,1.00,3.00
2015.12.03 20:06:17.014,0.89892,0.89909,1.12,3.00
2015.12.03 20:06:17.244,0.89893,0.89908,1.00,1.37
2015.12.03 20:06:17.346,0.89892,0.89908,1.75,1.12
2015.12.03 20:06:17.821,0.89891,0.89909,1.37,1.75
2015.12.03 20:06:18.467,0.89891,0.89905,1.50,1.00
2015.12.03 20:06:18.940,0.89892,0.89909,1.37,1.75
2015.12.03 20:06:19.042,0.89892,0.89911,1.75,2.25
2015.12.03 20:06:19.717,0.89891,0.8991,1.75,1.50
2015.12.03 20:06:19.971,0.8989,0.89908,1.75,1.50
2015.12.03 20:06:20.275,0.89891,0.89909,1.37,4.12
2015.12.03 20:06:20.377,0.89891,0.8991,1.87,3.37
2015.12.03 20:06:20.987,0.89894,0.89908,1.00,1.00
2015.12.03 20:06:21.494,0.89889,0.89908,1.75,1.50
2015.12.03 20:06:21.646,0.89889,0.89908,1.75,2.25
2015.12.03 20:06:21.748,0.8989,0.89905,1.00,1.00
2015.12.03 20:06:22.351,0.89888,0.89907,1.12,1.50
2015.12.03 20:06:22.403,0.89889,0.89908,2.25,1.87
2015.12.03 20:06:22.656,0.8989,0.89905,1.00,1.00
2015.12.03 20:06:23.177,0.89889,0.89908,1.12,1.87
2015.12.03 20:06:23.929,0.89888,0.89906,1.12,1.50
2015.12.03 20:06:23.980,0.89889,0.89906,1.12,1.50
2015.12.03 20:06:24.082,0.89889,0.89906,1.87,1.50
2015.12.03 20:06:24.690,0.89887,0.89905,1.75,1.00
2015.12.03 20:06:24.741,0.89885,0.89901,2.25,1.00
2015.12.03 20:06:25.037,0.89886,0.899,1.00,1.00
2015.12.03 20:06:26.527,0.89884,0.89902,1.75,1.37
2015.12.03 20:06:26.579,0.89884,0.89903,2.25,2.62
2015.12.03 20:06:26.681,0.89884,0.89903,2.25,2.25
2015.12.03 20:06:26.986,0.89886,0.89904,1.75,1.12
2015.12.03 20:06:28.264,0.89888,0.89905,1.37,1.50
2015.12.03 20:06:28.687,0.89891,0.89906,1.00,1.87
2015.12.03 20:06:31.470,0.89888,0.89908,2.62,2.62
2015.12.03 20:06:31.775,0.89888,0.89907,1.87,1.12
2015.12.03 20:06:32.087,0.89888,0.89905,1.87,1.12
2015.12.03 20:06:32.140,0.89888,0.89905,1.12,1.75
2015.12.03 20:06:32.649,0.89888,0.89906,1.12,1.75
2015.12.03 20:06:33.006,0.89887,0.89905,1.12,1.87
2015.12.03 20:06:33.512,0.89887,0.89904,1.00,1.75
2015.12.03 20:06:35.906,0.89886,0.89905,1.00,3.37
2015.12.03 20:06:36.415,0.89886,0.89901,1.50,1.00
2015.12.03 20:06:37.428,0.89887,0.89901,1.00,1.00
2015.12.03 20:06:37.479,0.89887,0.89904,1.50,1.37
2015.12.03 20:06:37.986,0.89888,0.89907,1.12,5.25
2015.12.03 20:06:38.528,0.8989,0.89905,1.00,1.00
2015.12.03 20:06:38.935,0.89887,0.899,1.87,1.00
2015.12.03 20:06:38.987,0.89887,0.899,1.00,1.37
2015.12.03 20:06:39.582,0.89886,0.89904,1.00,2.62
2015.12.03 20:06:40.557,0.89887,0.89904,1.00,3.00
2015.12.03 20:06:41.090,0.89887,0.89904,1.12,1.75
2015.12.03 20:06:44.834,0.89889,0.89905,1.00,3.00
2015.12.03 20:06:45.250,0.89898,0.8991,1.87,1.00
2015.12.03 20:06:45.302,0.89898,0.89916,2.25,1.75
2015.12.03 20:06:45.405,0.899,0.89915,1.00,1.00
2015.12.03 20:06:45.508,0.89898,0.89916,2.62,1.37
2015.12.03 20:06:45.813,0.89899,0.89913,1.00,1.00
2015.12.03 20:06:48.242,0.89895,0.89913,2.25,2.25
2015.12.03 20:06:48.344,0.89894,0.89913,2.62,3.75
2015.12.03 20:06:48.815,0.89893,0.8991,1.00,3.00
2015.12.03 20:06:49.152,0.89893,0.8991,1.75,1.50
2015.12.03 20:06:51.050,0.89894,0.89909,1.00,3.00
2015.12.03 20:06:51.101,0.89893,0.89909,1.37,1.50
2015.12.03 20:06:51.253,0.89893,0.89909,1.50,1.12
2015.12.03 20:06:51.355,0.89896,0.8991,1.12,1.50
2015.12.03 20:06:51.693,0.89896,0.8991,1.00,2.25
2015.12.03 20:06:51.845,0.89894,0.8991,1.75,1.50
2015.12.03 20:06:52.403,0.89896,0.89909,1.50,1.00
2015.12.03 20:06:52.903,0.89896,0.89912,1.87,1.50
2015.12.03 20:06:53.556,0.89896,0.89912,1.12,2.25
2015.12.03 20:06:53.759,0.89894,0.89908,1.00,1.00
2015.12.03 20:06:53.862,0.89893,0.89907,1.12,1.37
2015.12.03 20:06:53.913,0.8989,0.89907,1.50,1.50
2015.12.03 20:06:54.074,0.89889,0.89907,1.50,1.75
2015.12.03 20:06:54.378,0.89888,0.89905,1.50,1.75
2015.12.03 20:06:54.908,0.89888,0.89905,1.50,2.25
2015.12.03 20:06:55.836,0.89886,0.89904,1.12,2.25
2015.12.03 20:06:56.140,0.89885,0.89901,1.00,2.62
2015.12.03 20:06:56.445,0.8989,0.899,1.37,1.00
2015.12.03 20:06:56.689,0.89897,0.89909,1.00,1.00
2015.12.03 20:06:56.740,0.89897,0.89914,1.75,3.75
2015.12.03 20:06:57.249,0.89898,0.89912,1.50,1.00
2015.12.03 20:06:57.301,0.89898,0.8991,1.87,1.00
2015.12.03 20:06:57.606,0.89898,0.89913,1.50,1.00
2015.12.03 20:06:57.867,0.89898,0.89911,1.00,1.00
2015.12.03 20:06:58.374,0.89896,0.89913,1.37,1.75
2015.12.03 20:06:58.728,0.89897,0.89913,1.00,1.50
2015.12.03 20:06:58.830,0.89898,0.89915,1.37,1.75
2015.12.03 20:06:59.227,0.899,0.89914,1.00,1.00
2015.12.03 20:06:59.733,0.899,0.89916,1.12,1.50
2015.12.03 20:07:01.573,0.89899,0.89917,1.87,1.50
2015.12.03 20:07:02.089,0.899,0.89917,1.87,1.50
2015.12.03 20:07:02.242,0.899,0.89915,1.87,1.00
2015.12.03 20:07:02.344,0.89899,0.89913,1.50,1.00
2015.12.03 20:07:02.710,0.899,0.89915,1.37,1.12
2015.12.03 20:07:05.326,0.89902,0.89916,1.12,1.00
2015.12.03 20:07:05.834,0.89899,0.89917,1.12,1.75
2015.12.03 20:07:06.343,0.899,0.89917,1.37,1.50
2015.12.03 20:07:06.858,0.89901,0.89915,1.00,1.00
2015.12.03 20:07:07.388,0.89899,0.89917,1.37,1.75
2015.12.03 20:07:07.910,0.89901,0.89915,1.00,1.00
2015.12.03 20:07:08.965,0.89899,0.89913,1.00,1.00
2015.12.03 20:07:09.168,0.89895,0.89913,1.50,1.75
2015.12.03 20:07:12.582,0.89894,0.89913,1.75,2.25
2015.12.03 20:07:12.785,0.89897,0.89912,1.00,1.00
2015.12.03 20:07:14.533,0.89897,0.89911,1.00,1.00
2015.12.03 20:07:15.055,0.89894,0.89911,2.25,1.50
2015.12.03 20:07:15.564,0.89894,0.89911,2.25,1.00
2015.12.03 20:07:15.814,0.89898,0.89914,1.37,1.75
2015.12.03 20:07:15.968,0.89901,0.89915,1.00,1.50
2015.12.03 20:07:16.069,0.89898,0.89913,1.12,1.00
2015.12.03 20:07:16.171,0.89896,0.89913,1.37,1.50
2015.12.03 20:07:16.375,0.89896,0.89914,1.12,2.25
2015.12.03 20:07:16.477,0.89897,0.89915,1.75,2.25
2015.12.03 20:07:16.733,0.899,0.89919,2.25,2.25
2015.12.03 20:07:17.259,0.89902,0.89919,1.75,1.75
2015.12.03 20:07:17.763,0.89901,0.89919,2.62,1.75
2015.12.03 20:07:19.165,0.899,0.89917,1.12,1.75
2015.12.03 20:07:19.267,0.89901,0.89916,1.00,1.00
2015.12.03 20:07:20.074,0.899,0.89917,1.87,1.75
2015.12.03 20:07:20.176,0.899,0.89917,1.50,2.25
2015.12.03 20:07:20.985,0.89897,0.89915,2.25,3.00
2015.12.03 20:07:21.491,0.89896,0.89908,1.12,1.00
2015.12.03 20:07:21.824,0.89896,0.89905,1.12,1.00
2015.12.03 20:07:21.876,0.89895,0.89905,1.87,1.00
2015.12.03 20:07:22.029,0.89895,0.89907,1.50,1.00
2015.12.03 20:07:22.385,0.89892,0.89902,1.75,1.00
2015.12.03 20:07:22.891,0.89891,0.89902,1.12,1.00
2015.12.03 20:07:23.327,0.89889,0.89905,2.62,1.00
2015.12.03 20:07:24.038,0.89892,0.8991,3.37,2.25
2015.12.03 20:07:24.242,0.89897,0.89906,1.00,1.00
2015.12.03 20:07:24.647,0.89892,0.89909,1.75,1.00
2015.12.03 20:07:25.203,0.89892,0.89907,2.25,1.00
2015.12.03 20:07:25.741,0.89894,0.89907,1.12,1.00
2015.12.03 20:07:26.086,0.89893,0.89905,1.87,1.00
2015.12.03 20:07:26.597,0.89893,0.89904,1.87,1.00
2015.12.03 20:07:26.699,0.89893,0.8991,1.87,1.50
2015.12.03 20:07:26.750,0.89894,0.89909,1.12,1.37
2015.12.03 20:07:27.319,0.89895,0.89909,1.75,1.00
2015.12.03 20:07:27.625,0.89899,0.89908,1.00,1.12
2015.12.03 20:07:27.729,0.89894,0.89906,1.00,1.00
2015.12.03 20:07:27.781,0.89889,0.89906,2.62,1.50
2015.12.03 20:07:27.832,0.8989,0.89903,1.37,1.12
2015.12.03 20:07:28.036,0.89889,0.89904,1.00,2.25
2015.12.03 20:07:28.562,0.89886,0.89904,1.50,1.75
2015.12.03 20:07:28.996,0.89886,0.89904,1.37,2.25
2015.12.03 20:07:29.525,0.89886,0.89903,1.12,1.75
2015.12.03 20:07:29.830,0.89888,0.89902,1.00,1.00
2015.12.03 20:07:30.351,0.89889,0.89904,1.00,1.87
2015.12.03 20:07:30.655,0.89888,0.89904,1.75,1.37
2015.12.03 20:07:31.199,0.89888,0.89903,1.75,1.12
2015.12.03 20:07:31.301,0.89886,0.89903,2.25,1.12
2015.12.03 20:07:31.712,0.89886,0.89902,1.50,1.50
2015.12.03 20:07:32.058,0.89885,0.89902,1.12,1.87
2015.12.03 20:07:34.141,0.89885,0.89902,1.50,1.37
2015.12.03 20:07:36.254,0.89885,0.89899,1.00,1.00
2015.12.03 20:07:37.515,0.89883,0.89899,2.62,1.12
2015.12.03 20:07:37.752,0.89884,0.89898,1.37,1.12
2015.12.03 20:07:37.854,0.89885,0.899,1.87,1.00
2015.12.03 20:07:38.210,0.89885,0.89899,1.12,1.37
2015.12.03 20:07:38.413,0.89885,0.899,1.37,2.62
2015.12.03 20:07:38.933,0.89888,0.89899,1.00,1.00
2015.12.03 20:07:39.137,0.89888,0.89901,1.00,1.00
2015.12.03 20:07:39.742,0.89885,0.89901,1.12,1.12
2015.12.03 20:07:40.295,0.89883,0.899,3.37,1.00
2015.12.03 20:07:41.127,0.89884,0.899,1.75,1.37
2015.12.03 20:07:41.634,0.89883,0.89901,2.62,1.37
2015.12.03 20:07:42.141,0.89887,0.89901,1.00,1.00
2015.12.03 20:07:42.665,0.89885,0.89901,1.50,1.12
2015.12.03 20:07:43.132,0.89888,0.89902,1.00,1.12
2015.12.03 20:07:43.659,0.89888,0.89901,1.00,1.00
2015.12.03 20:07:43.863,0.89886,0.89901,1.00,1.50
2015.12.03 20:07:44.421,0.89884,0.89901,1.37,1.87
2015.12.03 20:07:44.972,0.89885,0.89901,1.50,1.12
2015.12.03 20:07:45.876,0.89884,0.89899,1.37,1.00
2015.12.03 20:07:46.193,0.89883,0.89899,1.12,1.75
2015.12.03 20:07:46.548,0.89883,0.89899,1.50,1.50
2015.12.03 20:07:46.802,0.89886,0.899,1.37,1.75
2015.12.03 20:07:46.853,0.89888,0.89901,1.00,1.00
2015.12.03 20:07:47.374,0.89886,0.89901,1.00,1.50
2015.12.03 20:07:47.578,0.89883,0.89901,2.62,1.75
2015.12.03 20:07:47.680,0.89883,0.89901,2.62,1.12
2015.12.03 20:07:47.782,0.89883,0.89901,2.62,1.75
2015.12.03 20:07:47.986,0.89883,0.89901,1.12,1.75
2015.12.03 20:07:48.573,0.89883,0.89896,1.00,1.12
2015.12.03 20:07:49.083,0.89883,0.89895,1.00,1.00
2015.12.03 20:07:49.589,0.89882,0.89895,1.12,1.00
2015.12.03 20:07:50.083,0.89883,0.89895,1.37,1.00
2015.12.03 20:07:50.134,0.89885,0.89901,1.00,1.87
2015.12.03 20:07:50.185,0.89884,0.89901,1.75,1.12
2015.12.03 20:07:50.288,0.89884,0.89901,2.25,1.37
2015.12.03 20:07:51.653,0.89884,0.89901,1.87,1.37
2015.12.03 20:07:52.059,0.89884,0.89902,1.75,2.62
2015.12.03 20:07:52.689,0.89884,0.89902,1.87,1.50
2015.12.03 20:07:53.304,0.89884,0.89902,2.25,1.00
2015.12.03 20:07:53.813,0.89887,0.89905,1.37,1.87
2015.12.03 20:07:56.570,0.89885,0.89904,1.75,1.75
2015.12.03 20:07:56.913,0.89884,0.89898,3.00,1.00
2015.12.03 20:07:59.587,0.89883,0.89898,1.37,1.50
2015.12.03 20:07:59.867,0.89883,0.89897,1.37,1.37
2015.12.03 20:08:00.375,0.89882,0.89898,2.25,1.75
2015.12.03 20:08:01.403,0.89884,0.899,1.00,1.50
2015.12.03 20:08:01.658,0.89888,0.899,1.87,1.50
2015.12.03 20:08:01.710,0.89889,0.89901,1.00,1.00
2015.12.03 20:08:01.812,0.89888,0.89904,1.37,1.50
2015.12.03 20:08:02.341,0.89888,0.89904,1.87,1.50
2015.12.03 20:08:02.696,0.89889,0.89904,1.87,1.00
2015.12.03 20:08:03.102,0.89892,0.89907,1.00,2.62
2015.12.03 20:08:03.400,0.89893,0.89907,2.25,1.87
2015.12.03 20:08:03.908,0.89893,0.89906,3.00,1.12
2015.12.03 20:08:04.462,0.89895,0.89906,1.37,1.00
2015.12.03 20:08:05.124,0.89895,0.89906,1.00,1.00
2015.12.03 20:08:06.325,0.89892,0.89906,1.37,1.00
2015.12.03 20:08:07.159,0.89891,0.89907,2.25,2.62
2015.12.03 20:08:07.818,0.89891,0.89907,2.25,2.62
2015.12.03 20:08:09.607,0.89891,0.89905,2.25,1.75
2015.12.03 20:08:09.658,0.89888,0.89903,1.00,1.37
2015.12.03 20:08:09.709,0.89888,0.89903,1.37,1.37
2015.12.03 20:08:09.975,0.89888,0.89902,1.12,1.00
2015.12.03 20:08:10.495,0.89888,0.89904,1.37,1.12
2015.12.03 20:08:11.974,0.89889,0.89904,1.50,1.75
2015.12.03 20:08:12.126,0.8989,0.89906,1.75,1.50
2015.12.03 20:08:12.229,0.89891,0.89908,1.75,2.25
2015.12.03 20:08:12.331,0.8989,0.89909,3.37,1.00
2015.12.03 20:08:12.750,0.89893,0.89906,1.00,1.00
2015.12.03 20:08:12.852,0.8989,0.89906,1.50,1.50
2015.12.03 20:08:12.954,0.8989,0.89906,1.50,1.75
2015.12.03 20:08:13.461,0.8989,0.89906,1.37,1.75
2015.12.03 20:08:13.956,0.89888,0.89902,3.00,1.00
2015.12.03 20:08:14.482,0.89888,0.89902,1.12,1.00
2015.12.03 20:08:15.033,0.89888,0.89901,1.12,1.00
2015.12.03 20:08:16.466,0.89886,0.89901,3.00,2.25
2015.12.03 20:08:16.998,0.89885,0.89899,1.12,1.50
2015.12.03 20:08:17.049,0.89884,0.89899,2.25,1.75
2015.12.03 20:08:17.557,0.89884,0.89897,1.00,1.50
2015.12.03 20:08:18.053,0.89884,0.89901,1.37,2.25
2015.12.03 20:08:18.105,0.89886,0.89903,1.37,1.12
2015.12.03 20:08:18.952,0.89885,0.89904,1.75,1.87
2015.12.03 20:08:20.153,0.89886,0.899,1.00,1.00
2015.12.03 20:08:20.255,0.89885,0.89903,1.75,1.75
2015.12.03 20:08:20.356,0.89885,0.89903,1.75,1.50
2015.12.03 20:08:22.253,0.89885,0.89904,1.75,1.87
2015.12.03 20:08:22.763,0.89885,0.89904,1.75,1.87
2015.12.03 20:08:24.233,0.89887,0.89904,1.00,1.87
2015.12.03 20:08:24.335,0.89885,0.89904,1.75,2.62
2015.12.03 20:08:24.851,0.89887,0.89905,1.12,2.62
2015.12.03 20:08:25.201,0.89885,0.89901,1.00,3.00
2015.12.03 20:08:26.147,0.89884,0.89902,2.62,2.62
2015.12.03 20:08:27.390,0.89884,0.89902,1.50,2.25
2015.12.03 20:08:28.848,0.89881,0.89898,1.75,1.37
2015.12.03 20:08:30.359,0.89881,0.89901,1.75,1.87
2015.12.03 20:08:30.636,0.89883,0.89896,1.00,1.00
2015.12.03 20:08:31.143,0.89879,0.89895,1.75,1.00
2015.12.03 20:08:32.051,0.89881,0.89898,1.00,2.25
2015.12.03 20:08:32.798,0.89879,0.89898,1.87,2.25
2015.12.03 20:08:33.190,0.89879,0.89898,1.87,2.25
2015.12.03 20:08:33.979,0.89879,0.89898,1.87,3.00
2015.12.03 20:08:34.302,0.8988,0.89898,1.00,3.37
2015.12.03 20:08:34.853,0.89879,0.89897,1.12,1.75
2015.12.03 20:08:35.395,0.8988,0.89897,1.00,1.75
2015.12.03 20:08:35.699,0.8988,0.89898,1.12,1.87
2015.12.03 20:08:36.208,0.89882,0.89897,1.87,1.50
2015.12.03 20:08:36.860,0.89882,0.89898,1.00,2.25
2015.12.03 20:08:36.911,0.8988,0.89897,1.00,1.75
2015.12.03 20:08:36.962,0.89879,0.89895,1.37,1.50
2015.12.03 20:08:37.318,0.8988,0.89894,1.75,1.50
2015.12.03 20:08:37.980,0.89878,0.89894,1.87,1.50
2015.12.03 20:08:38.031,0.89878,0.89894,1.00,1.75
2015.12.03 20:08:38.719,0.89878,0.89893,1.50,1.50
2015.12.03 20:08:39.715,0.89878,0.89893,1.00,1.50
2015.12.03 20:08:40.419,0.89878,0.89894,1.50,1.75
2015.12.03 20:08:40.940,0.89878,0.89894,1.00,1.75
2015.12.03 20:08:41.687,0.89878,0.89894,1.50,1.75
2015.12.03 20:08:42.193,0.89878,0.89895,1.00,2.25
2015.12.03 20:08:42.706,0.89878,0.89895,1.37,2.25
2015.12.03 20:08:45.072,0.89881,0.89897,1.37,1.50
2015.12.03 20:08:45.377,0.89887,0.89902,1.37,1.37
2015.12.03 20:08:45.480,0.89887,0.89903,1.12,1.50
2015.12.03 20:08:45.785,0.8989,0.89903,1.50,1.00
2015.12.03 20:08:45.974,0.8989,0.89906,1.87,1.00
2015.12.03 20:08:46.331,0.89891,0.89906,1.00,1.50
2015.12.03 20:08:46.840,0.8989,0.89906,1.75,1.50
2015.12.03 20:08:47.189,0.8989,0.89906,1.12,2.25
2015.12.03 20:08:47.598,0.8989,0.89904,1.37,1.00
2015.12.03 20:08:48.599,0.89891,0.89906,1.12,1.50
2015.12.03 20:08:48.906,0.89896,0.89911,1.75,1.00
2015.12.03 20:08:49.008,0.89896,0.89913,2.25,1.12
2015.12.03 20:08:49.530,0.89901,0.89914,1.00,1.50
2015.12.03 20:08:50.071,0.89902,0.89915,1.12,1.50
2015.12.03 20:08:50.223,0.89901,0.89914,1.37,1.50
2015.12.03 20:08:50.390,0.899,0.89914,1.00,1.50
2015.12.03 20:08:50.899,0.899,0.89916,1.00,2.25
2015.12.03 20:08:51.204,0.89899,0.89916,1.75,1.50
2015.12.03 20:08:51.723,0.89903,0.89916,1.00,1.00
2015.12.03 20:08:52.532,0.899,0.89916,1.37,2.62
2015.12.03 20:08:53.121,0.89899,0.89914,1.37,2.25
2015.12.03 20:08:53.802,0.89899,0.89914,1.37,1.50
2015.12.03 20:08:54.395,0.89902,0.89916,1.12,2.25
2015.12.03 20:08:54.627,0.89901,0.89915,1.12,1.75
2015.12.03 20:08:55.134,0.89898,0.89913,2.25,1.50
2015.12.03 20:08:55.439,0.89897,0.89912,1.37,1.50
2015.12.03 20:08:55.776,0.89893,0.89912,1.75,2.25
2015.12.03 20:08:55.827,0.89895,0.89912,1.00,3.00
2015.12.03 20:08:57.247,0.89894,0.89911,1.00,1.87
2015.12.03 20:08:58.012,0.89892,0.89907,1.12,1.37
2015.12.03 20:08:58.629,0.89893,0.89911,1.75,1.87
2015.12.03 20:08:59.138,0.89894,0.89911,1.00,1.75
2015.12.03 20:08:59.501,0.89895,0.89909,1.37,1.00
2015.12.03 20:08:59.877,0.89897,0.89911,1.00,1.12
2015.12.03 20:09:00.765,0.89896,0.89911,1.87,1.12
2015.12.03 20:09:01.278,0.89898,0.89913,1.37,1.75
2015.12.03 20:09:02.116,0.89898,0.89912,1.37,1.00
2015.12.03 20:09:02.218,0.89898,0.89914,1.12,1.00
2015.12.03 20:09:02.625,0.89901,0.89916,1.87,1.00
2015.12.03 20:09:04.358,0.899,0.89917,1.50,3.37
2015.12.03 20:09:04.511,0.89899,0.89912,1.50,1.00
2015.12.03 20:09:05.018,0.89899,0.89915,1.00,3.00
2015.12.03 20:09:05.522,0.89897,0.89912,1.50,1.75
2015.12.03 20:09:05.573,0.89895,0.8991,1.87,1.75
2015.12.03 20:09:05.929,0.89897,0.89913,1.12,1.12
2015.12.03 20:09:06.030,0.89899,0.89912,1.37,1.00
2015.12.03 20:09:06.132,0.89901,0.89916,1.37,1.50
2015.12.03 20:09:06.183,0.89902,0.89916,1.00,1.00
2015.12.03 20:09:06.335,0.899,0.89919,1.75,2.62
2015.12.03 20:09:06.761,0.89899,0.89915,1.37,1.37
2015.12.03 20:09:07.273,0.89899,0.89912,1.00,1.00
2015.12.03 20:09:07.814,0.89899,0.89916,1.12,3.00
2015.12.03 20:09:09.558,0.89895,0.89914,2.62,1.50
2015.12.03 20:09:11.621,0.89898,0.89913,1.00,1.37
2015.12.03 20:09:11.927,0.89895,0.89912,1.00,1.12
2015.12.03 20:09:12.231,0.89894,0.8991,2.25,1.00
2015.12.03 20:09:12.864,0.89894,0.89913,2.62,1.75
2015.12.03 20:09:13.371,0.89896,0.89913,2.25,1.50
2015.12.03 20:09:13.897,0.89897,0.89914,1.87,1.50
2015.12.03 20:09:14.756,0.89899,0.89914,1.50,1.50
2015.12.03 20:09:15.294,0.89897,0.89914,3.00,1.50
2015.12.03 20:09:15.598,0.899,0.89913,1.37,1.12
2015.12.03 20:09:16.146,0.89899,0.89913,1.50,1.12
2015.12.03 20:09:17.517,0.89897,0.89913,1.12,1.12
2015.12.03 20:09:18.021,0.89898,0.89912,1.37,1.12
2015.12.03 20:09:18.529,0.89898,0.89914,1.37,3.00
2015.12.03 20:09:18.880,0.89898,0.89913,1.00,1.75
2015.12.03 20:09:19.440,0.89899,0.89913,1.37,1.75
2015.12.03 20:09:19.976,0.89899,0.89914,1.50,1.75
2015.12.03 20:09:20.281,0.89902,0.89916,1.37,1.75
2015.12.03 20:09:20.334,0.89901,0.89914,1.00,1.12
2015.12.03 20:09:20.437,0.89898,0.89914,1.50,1.50
2015.12.03 20:09:20.539,0.89898,0.89916,1.37,2.62
2015.12.03 20:09:20.641,0.89896,0.89915,1.12,2.62
2015.12.03 20:09:20.970,0.89898,0.89912,1.00,1.12
2015.12.03 20:09:21.071,0.89897,0.89912,1.50,1.00
2015.12.03 20:09:21.377,0.89901,0.89914,1.00,1.50
2015.12.03 20:09:21.479,0.89901,0.89916,1.37,1.75
2015.12.03 20:09:21.833,0.899,0.89916,1.37,1.50
2015.12.03 20:09:22.239,0.899,0.89913,1.37,1.00
2015.12.03 20:09:22.648,0.89895,0.89913,1.75,1.37
2015.12.03 20:09:22.751,0.89896,0.89911,1.50,1.37
2015.12.03 20:09:22.956,0.89895,0.89909,1.00,1.00
2015.12.03 20:09:23.007,0.89893,0.8991,1.87,1.12
2015.12.03 20:09:23.490,0.89891,0.89909,2.62,1.75
2015.12.03 20:09:23.592,0.89891,0.89908,1.12,1.75
2015.12.03 20:09:23.897,0.89889,0.89907,1.00,3.37
2015.12.03 20:09:24.409,0.89889,0.89908,1.37,1.75
2015.12.03 20:09:24.562,0.89889,0.89908,1.87,1.75
2015.12.03 20:09:25.272,0.89891,0.89908,1.00,1.75
2015.12.03 20:09:26.368,0.89891,0.89908,1.37,1.75
2015.12.03 20:09:26.805,0.89891,0.89909,1.75,2.25
2015.12.03 20:09:26.907,0.8989,0.89908,3.00,1.37
2015.12.03 20:09:27.161,0.89889,0.89903,1.37,1.00
2015.12.03 20:09:27.415,0.89886,0.89905,1.75,1.75
2015.12.03 20:09:28.283,0.89884,0.89904,4.87,1.75
2015.12.03 20:09:28.689,0.89886,0.89904,1.75,1.00
2015.12.03 20:09:28.893,0.89888,0.89907,2.25,3.75
2015.12.03 20:09:29.089,0.89887,0.89907,3.00,3.00
2015.12.03 20:09:29.596,0.89888,0.89907,3.00,1.12
2015.12.03 20:09:32.654,0.89889,0.89906,1.75,1.00
2015.12.03 20:09:33.191,0.8989,0.89907,1.75,1.12
2015.12.03 20:09:34.934,0.89892,0.89909,1.00,3.75
2015.12.03 20:09:35.036,0.89891,0.89907,1.00,1.50
2015.12.03 20:09:35.189,0.89887,0.89906,1.12,1.75
2015.12.03 20:09:35.697,0.89886,0.89905,1.75,3.00
2015.12.03 20:09:37.412,0.89887,0.89901,1.00,1.00
2015.12.03 20:09:37.919,0.89883,0.89903,2.25,3.00
2015.12.03 20:09:37.970,0.89883,0.89902,1.87,2.25
2015.12.03 20:09:38.430,0.89881,0.89899,2.25,1.50
2015.12.03 20:09:39.041,0.89881,0.89899,1.75,1.75
2015.12.03 20:09:39.346,0.8988,0.89897,1.75,1.75
2015.12.03 20:09:39.599,0.89878,0.89892,1.00,1.00
2015.12.03 20:09:39.756,0.89877,0.89893,1.75,1.75
2015.12.03 20:09:40.011,0.89877,0.89892,1.50,1.00
2015.12.03 20:09:41.154,0.89879,0.89896,1.87,1.50
2015.12.03 20:09:41.611,0.8988,0.89898,2.25,1.00
2015.12.03 20:09:42.222,0.8988,0.899,3.00,2.25
2015.12.03 20:09:42.324,0.8988,0.899,2.25,3.75
2015.12.03 20:09:42.520,0.8988,0.89897,1.12,2.25
2015.12.03 20:09:42.825,0.89878,0.89896,1.00,3.75
2015.12.03 20:09:43.130,0.89878,0.89896,1.50,3.00
2015.12.03 20:09:43.436,0.89879,0.89893,1.37,1.00
2015.12.03 20:09:43.826,0.8988,0.89896,1.00,3.75
2015.12.03 20:09:44.431,0.89878,0.89897,1.75,3.00
2015.12.03 20:09:44.482,0.89878,0.89897,1.75,1.87
2015.12.03 20:09:44.763,0.89879,0.89897,1.37,1.87
2015.12.03 20:09:45.002,0.89879,0.89896,1.37,1.50
2015.12.03 20:09:46.031,0.8988,0.89896,1.37,2.25
2015.12.03 20:09:46.235,0.8988,0.89897,2.25,1.50
2015.12.03 20:09:46.557,0.89885,0.89902,1.37,1.75
2015.12.03 20:09:46.608,0.89885,0.89902,1.75,1.50
2015.12.03 20:09:46.963,0.89885,0.89903,2.25,1.00
2015.12.03 20:09:47.737,0.89885,0.89903,1.75,1.37
2015.12.03 20:09:48.244,0.89886,0.89903,1.50,1.75
2015.12.03 20:09:49.658,0.89886,0.89904,3.00,1.12
2015.12.03 20:09:49.709,0.89887,0.89905,1.75,2.62
2015.12.03 20:09:49.760,0.89888,0.89905,1.75,1.87
2015.12.03 20:09:51.043,0.89888,0.89906,1.75,1.75
2015.12.03 20:09:51.270,0.89887,0.89905,1.87,1.75
2015.12.03 20:09:51.745,0.89887,0.89903,1.00,1.75
2015.12.03 20:09:51.948,0.89883,0.899,1.12,2.62
2015.12.03 20:09:52.252,0.89881,0.89896,1.37,1.37
2015.12.03 20:09:52.762,0.89878,0.89896,1.87,1.12
2015.12.03 20:09:53.066,0.89877,0.89895,1.75,1.75
2015.12.03 20:09:53.168,0.89876,0.89894,1.50,1.12
2015.12.03 20:09:53.716,0.89877,0.89896,1.50,4.12
2015.12.03 20:09:54.050,0.89877,0.89896,1.75,2.62
2015.12.03 20:09:54.355,0.89877,0.89896,1.12,4.12
2015.12.03 20:09:54.456,0.89877,0.89895,1.75,1.12
2015.12.03 20:09:54.782,0.89877,0.89895,1.12,1.75
2015.12.03 20:09:55.292,0.89876,0.8989,1.00,1.00
2015.12.03 20:09:55.806,0.89877,0.89891,1.00,1.00
2015.12.03 20:09:56.122,0.89875,0.89894,1.37,1.75
2015.12.03 20:09:56.174,0.89875,0.89892,1.12,1.75
2015.12.03 20:09:56.328,0.89873,0.8989,1.00,1.75
2015.12.03 20:09:56.431,0.89874,0.89892,1.87,2.25
2015.12.03 20:09:56.585,0.89876,0.89893,1.50,1.75
2015.12.03 20:09:56.686,0.89876,0.89893,1.87,2.25
2015.12.03 20:09:56.989,0.89876,0.89893,1.00,1.12
2015.12.03 20:09:57.293,0.89876,0.89894,1.87,1.75
2015.12.03 20:09:57.445,0.89876,0.89894,1.87,1.75
2015.12.03 20:09:57.962,0.89876,0.89894,1.87,1.75
2015.12.03 20:09:58.579,0.89876,0.89892,1.50,2.25
2015.12.03 20:09:59.088,0.89874,0.89892,1.75,1.87
2015.12.03 20:09:59.427,0.89874,0.89889,1.12,1.75
2015.12.03 20:09:59.936,0.89874,0.8989,1.50,1.37
2015.12.03 20:09:59.987,0.89875,0.8989,1.75,1.12
2015.12.03 20:10:00.190,0.89879,0.89893,1.12,1.37
2015.12.03 20:10:00.387,0.89882,0.89894,1.00,1.00
2015.12.03 20:10:00.895,0.89877,0.89894,2.25,1.50
2015.12.03 20:10:01.659,0.89876,0.89894,1.87,2.25
2015.12.03 20:10:01.710,0.89876,0.89891,1.87,1.00
2015.12.03 20:10:01.862,0.89877,0.89891,1.00,1.50
2015.12.03 20:10:01.914,0.89877,0.89888,1.00,1.00
2015.12.03 20:10:02.274,0.89876,0.8989,1.00,1.00
2015.12.03 20:10:02.427,0.89877,0.89891,1.50,1.50
2015.12.03 20:10:02.966,0.89877,0.89891,1.00,1.00
2015.12.03 20:10:04.470,0.89877,0.8989,1.00,1.00
2015.12.03 20:10:04.572,0.89874,0.89891,1.87,1.75
2015.12.03 20:10:05.079,0.89874,0.89887,1.00,1.12
2015.12.03 20:10:05.376,0.89874,0.89887,1.75,1.00
2015.12.03 20:10:05.579,0.89875,0.89887,1.00,1.00
2015.12.03 20:10:05.833,0.89874,0.89888,1.87,1.37
2015.12.03 20:10:05.885,0.89877,0.8989,1.00,1.50
2015.12.03 20:10:06.424,0.89874,0.8989,1.87,1.12
2015.12.03 20:10:06.755,0.89878,0.8989,1.00,1.12
2015.12.03 20:10:07.159,0.89875,0.89891,1.50,1.37
2015.12.03 20:10:07.261,0.89875,0.8989,1.37,1.37
2015.12.03 20:10:07.703,0.89875,0.89889,1.00,1.87
2015.12.03 20:10:08.008,0.89875,0.89886,1.00,1.37
2015.12.03 20:10:08.313,0.89875,0.89887,1.00,1.50
2015.12.03 20:10:08.415,0.89874,0.89887,1.00,1.87
2015.12.03 20:10:08.982,0.89875,0.89887,1.00,1.75
2015.12.03 20:10:10.416,0.89875,0.89888,1.00,1.12
2015.12.03 20:10:10.924,0.89874,0.89886,1.00,1.12
2015.12.03 20:10:11.129,0.89874,0.89884,1.00,1.12
2015.12.03 20:10:11.231,0.89874,0.89884,1.00,1.75
2015.12.03 20:10:11.891,0.89868,0.89885,1.75,1.50
2015.12.03 20:10:12.095,0.89872,0.89885,1.00,1.00
2015.12.03 20:10:12.437,0.89871,0.8989,1.75,1.75
2015.12.03 20:10:12.692,0.89876,0.8989,1.00,1.00
2015.12.03 20:10:12.896,0.89874,0.89889,1.12,1.50
2015.12.03 20:10:13.201,0.89874,0.89891,1.75,1.75
2015.12.03 20:10:15.198,0.89877,0.89891,1.00,1.00
2015.12.03 20:10:15.702,0.89878,0.89892,1.00,1.00
2015.12.03 20:10:16.305,0.89876,0.89892,1.87,1.00
2015.12.03 20:10:16.609,0.89877,0.89894,1.37,1.75
2015.12.03 20:10:16.813,0.89878,0.89896,1.12,2.25
2015.12.03 20:10:17.129,0.89876,0.89896,2.25,2.25
2015.12.03 20:10:17.515,0.8988,0.89897,1.12,1.50
2015.12.03 20:10:18.350,0.89883,0.899,1.00,1.75
2015.12.03 20:10:19.008,0.89881,0.899,2.25,2.62
2015.12.03 20:10:19.314,0.89884,0.89898,1.00,1.00
2015.12.03 20:10:19.619,0.89882,0.899,1.75,3.00
2015.12.03 20:10:19.720,0.89883,0.89897,1.00,1.00
2015.12.03 20:10:20.092,0.89882,0.89902,1.87,3.37
2015.12.03 20:10:20.601,0.89884,0.89902,1.50,1.75
2015.12.03 20:10:20.905,0.89883,0.89902,1.50,3.00
2015.12.03 20:10:21.245,0.89882,0.89902,1.87,3.00
2015.12.03 20:10:21.514,0.89884,0.89898,1.00,1.50
2015.12.03 20:10:21.616,0.89882,0.89898,1.00,1.75
2015.12.03 20:10:23.858,0.8988,0.89899,2.25,2.25
2015.12.03 20:10:24.061,0.89884,0.89898,1.00,1.00
2015.12.03 20:10:24.268,0.89885,0.89902,2.25,1.75
2015.12.03 20:10:24.827,0.89885,0.89898,1.00,1.00
2015.12.03 20:10:25.430,0.89883,0.899,1.37,1.75
2015.12.03 20:10:25.734,0.89882,0.899,1.12,1.75
2015.12.03 20:10:25.937,0.89883,0.89897,1.00,1.00
2015.12.03 20:10:26.040,0.89882,0.899,1.12,1.75
2015.12.03 20:10:26.346,0.89882,0.899,1.12,3.75
2015.12.03 20:10:26.544,0.89882,0.89895,1.12,1.00
2015.12.03 20:10:26.950,0.89882,0.89899,1.12,1.50
2015.12.03 20:10:27.153,0.89882,0.899,1.37,1.75
2015.12.03 20:10:27.265,0.89881,0.89899,1.12,3.00
2015.12.03 20:10:27.982,0.8988,0.89898,1.12,1.75
2015.12.03 20:10:28.837,0.89879,0.89892,1.12,1.00
2015.12.03 20:10:29.166,0.89879,0.89896,1.37,1.75
2015.12.03 20:10:29.673,0.8988,0.89897,1.12,1.75
2015.12.03 20:10:30.463,0.89881,0.89898,1.00,1.87
2015.12.03 20:10:30.768,0.89885,0.89898,1.00,1.00
2015.12.03 20:10:31.274,0.89882,0.89901,1.75,1.75
2015.12.03 20:10:31.859,0.89883,0.89901,3.00,1.50
2015.12.03 20:10:33.018,0.89887,0.89899,1.00,1.00
2015.12.03 20:10:33.069,0.89886,0.89903,3.37,1.50
2015.12.03 20:10:33.273,0.89891,0.89904,1.00,1.00
2015.12.03 20:10:33.375,0.89888,0.89908,3.00,1.75
2015.12.03 20:10:33.528,0.89891,0.89903,1.50,1.00
2015.12.03 20:10:33.629,0.89886,0.89903,1.75,1.50
2015.12.03 20:10:33.680,0.89884,0.89902,1.75,1.12
2015.12.03 20:10:33.783,0.89884,0.89902,1.75,3.37
2015.12.03 20:10:34.013,0.89881,0.89899,3.00,1.75
2015.12.03 20:10:38.348,0.89882,0.899,1.00,1.75
2015.12.03 20:10:38.984,0.89881,0.89901,2.25,2.25
2015.12.03 20:10:39.085,0.89881,0.89901,2.25,3.75
2015.12.03 20:10:40.138,0.89883,0.89901,1.37,2.25
2015.12.03 20:10:40.652,0.89881,0.899,1.87,2.25
2015.12.03 20:10:42.186,0.89881,0.899,1.75,3.00
2015.12.03 20:10:42.591,0.89883,0.89901,1.50,1.75
2015.12.03 20:10:43.494,0.89884,0.899,1.00,1.75
2015.12.03 20:10:44.100,0.89884,0.89897,1.00,1.00
2015.12.03 20:10:44.303,0.89881,0.89899,1.50,1.75
2015.12.03 20:10:45.014,0.89882,0.899,1.12,1.75
2015.12.03 20:10:45.163,0.89882,0.899,1.12,1.75
2015.12.03 20:10:45.315,0.89883,0.89903,1.87,1.75
2015.12.03 20:10:46.511,0.89887,0.89901,1.00,1.00
2015.12.03 20:10:47.021,0.89886,0.89904,1.75,1.75
2015.12.03 20:10:47.427,0.89885,0.89904,2.62,1.75
2015.12.03 20:10:47.977,0.8989,0.89905,1.00,1.37
2015.12.03 20:10:48.028,0.89892,0.89907,1.00,1.12
2015.12.03 20:10:48.080,0.89892,0.89909,3.00,1.37
2015.12.03 20:10:48.131,0.89896,0.89909,1.00,1.00
2015.12.03 20:10:48.732,0.89896,0.8991,1.00,1.00
2015.12.03 20:10:49.809,0.89896,0.89913,1.00,2.25
2015.12.03 20:10:50.427,0.89896,0.89912,1.00,1.75
2015.12.03 20:10:50.734,0.89892,0.89908,1.12,1.75
2015.12.03 20:10:51.268,0.89886,0.89904,1.75,1.75
2015.12.03 20:10:52.057,0.89885,0.89904,2.25,1.75
2015.12.03 20:10:52.647,0.89888,0.89906,1.50,4.12
2015.12.03 20:10:52.698,0.89888,0.89903,1.87,1.37
2015.12.03 20:10:52.749,0.89891,0.89903,1.00,1.00
2015.12.03 20:10:52.851,0.89888,0.89907,1.75,1.75
2015.12.03 20:10:53.159,0.89893,0.89909,1.12,1.75
2015.12.03 20:10:53.210,0.89893,0.89912,2.62,4.50
2015.12.03 20:10:53.312,0.89895,0.89912,1.37,2.25
2015.12.03 20:10:53.647,0.89894,0.89912,2.25,1.75
2015.12.03 20:10:54.462,0.89894,0.89911,1.12,2.25
2015.12.03 20:10:55.018,0.89893,0.89913,1.50,4.50
2015.12.03 20:10:55.721,0.89896,0.89913,1.50,1.75
2015.12.03 20:10:56.052,0.89898,0.89915,1.75,1.75
2015.12.03 20:10:56.357,0.89901,0.89917,4.12,1.12
2015.12.03 20:10:56.763,0.89901,0.89917,2.25,1.75
2015.12.03 20:10:58.034,0.89902,0.89913,1.00,1.00
2015.12.03 20:10:58.649,0.89901,0.89913,1.00,1.00
2015.12.03 20:10:59.142,0.89907,0.89916,1.00,2.25
2015.12.03 20:10:59.295,0.89913,0.89925,1.75,1.00
2015.12.03 20:10:59.348,0.89915,0.89927,3.75,1.00
2015.12.03 20:10:59.451,0.89915,0.89936,5.25,2.25
2015.12.03 20:10:59.756,0.89917,0.89931,1.50,1.00
2015.12.03 20:10:59.912,0.89917,0.89931,1.50,1.00
2015.12.03 20:11:02.439,0.89917,0.89936,1.50,3.75
2015.12.03 20:11:04.811,0.89917,0.89934,1.37,3.00
2015.12.03 20:11:04.863,0.89915,0.89933,1.00,2.25
2015.12.03 20:11:04.914,0.89914,0.8993,1.50,3.75
2015.12.03 20:11:05.219,0.89911,0.89925,2.62,1.75
2015.12.03 20:11:05.270,0.89906,0.89925,2.25,1.75
2015.12.03 20:11:05.422,0.8991,0.89925,1.00,1.50
2015.12.03 20:11:05.645,0.89911,0.89925,1.37,1.37
2015.12.03 20:11:05.747,0.89911,0.89928,1.75,1.75
2015.12.03 20:11:06.060,0.89908,0.89928,2.25,2.25
2015.12.03 20:11:06.263,0.89907,0.89928,3.37,4.50
2015.12.03 20:11:06.972,0.89907,0.89925,1.75,1.75
2015.12.03 20:11:07.480,0.89905,0.89924,2.25,1.75
2015.12.03 20:11:08.013,0.89908,0.89924,1.00,1.75
2015.12.03 20:11:08.362,0.89917,0.89933,1.75,1.12
2015.12.03 20:11:08.463,0.89918,0.89933,1.50,1.12
2015.12.03 20:11:08.565,0.89922,0.89933,1.00,1.00
2015.12.03 20:11:08.921,0.89922,0.89936,1.50,3.00
2015.12.03 20:11:09.668,0.89922,0.89934,1.00,1.00
2015.12.03 20:11:09.769,0.89922,0.89936,1.12,1.87
2015.12.03 20:11:10.468,0.89929,0.89936,1.00,1.12
2015.12.03 20:11:10.772,0.89929,0.8994,1.75,1.00
2015.12.03 20:11:11.278,0.89929,0.89939,1.75,1.00
2015.12.03 20:11:12.011,0.89929,0.89939,1.00,1.00
2015.12.03 20:11:12.062,0.89929,0.89937,1.00,1.00
2015.12.03 20:11:12.367,0.89929,0.89937,1.00,1.75
2015.12.03 20:11:12.569,0.89923,0.89937,1.00,1.75
2015.12.03 20:11:13.223,0.89923,0.89936,1.00,1.75
2015.12.03 20:11:14.071,0.89918,0.89937,1.50,1.12
2015.12.03 20:11:15.288,0.89917,0.89936,2.62,1.12
2015.12.03 20:11:15.818,0.89923,0.89937,1.00,1.75
2015.12.03 20:11:16.122,0.89926,0.89939,1.50,1.12
2015.12.03 20:11:16.377,0.89923,0.89939,1.37,1.50
2015.12.03 20:11:16.478,0.89923,0.89939,1.37,1.87
2015.12.03 20:11:17.006,0.89923,0.89939,1.37,1.50
2015.12.03 20:11:17.312,0.89923,0.89939,1.37,1.50
2015.12.03 20:11:17.567,0.89923,0.89939,1.50,1.87
2015.12.03 20:11:19.301,0.89919,0.89938,1.12,1.87
2015.12.03 20:11:19.828,0.89919,0.89936,1.12,1.00
2015.12.03 20:11:21.025,0.89921,0.89938,1.00,1.12
2015.12.03 20:11:21.127,0.89923,0.89936,1.00,1.00
2015.12.03 20:11:21.469,0.89931,0.89943,1.00,1.00
2015.12.03 20:11:21.672,0.89935,0.89948,1.00,2.25
2015.12.03 20:11:22.441,0.89934,0.89948,1.37,1.50
2015.12.03 20:11:22.492,0.89931,0.89948,1.75,1.50
2015.12.03 20:11:23.034,0.89932,0.8995,1.12,3.00
2015.12.03 20:11:23.136,0.89933,0.89947,1.00,1.00
2015.12.03 20:11:24.707,0.89932,0.8995,1.87,1.87
2015.12.03 20:11:24.910,0.89934,0.89952,1.75,2.25
2015.12.03 20:11:25.042,0.89935,0.89952,1.00,2.25
2015.12.03 20:11:25.347,0.89934,0.8995,1.75,1.12
2015.12.03 20:11:25.652,0.89937,0.89952,1.00,1.75
2015.12.03 20:11:25.753,0.89934,0.8995,1.37,1.37
2015.12.03 20:11:25.887,0.89935,0.8995,2.62,1.37
2015.12.03 20:11:26.192,0.89941,0.89954,1.12,1.50
2015.12.03 20:11:26.244,0.8994,0.89953,1.87,1.12
2015.12.03 20:11:26.295,0.8994,0.89953,1.00,1.87
2015.12.03 20:11:26.347,0.89937,0.89953,1.12,1.37
2015.12.03 20:11:26.942,0.89936,0.89951,1.75,1.00
2015.12.03 20:11:27.196,0.89934,0.8995,1.50,1.12
2015.12.03 20:11:27.703,0.89936,0.89949,1.00,1.00
2015.12.03 20:11:29.546,0.89933,0.89951,1.12,4.12
2015.12.03 20:11:29.648,0.89932,0.89951,1.12,2.62
2015.12.03 20:11:30.159,0.89933,0.89949,1.12,1.12
2015.12.03 20:11:30.400,0.89943,0.89951,1.00,1.00
2015.12.03 20:11:30.756,0.89941,0.89953,1.12,1.00
2015.12.03 20:11:31.249,0.89939,0.89953,1.12,1.50
2015.12.03 20:11:31.352,0.89941,0.89953,1.50,1.00
2015.12.03 20:11:31.669,0.89939,0.8995,1.12,1.00
2015.12.03 20:11:31.771,0.89938,0.8995,1.50,1.50
2015.12.03 20:11:31.873,0.89938,0.8995,2.25,1.00
2015.12.03 20:11:31.975,0.89939,0.89952,1.50,1.00
2015.12.03 20:11:32.633,0.89939,0.89951,1.00,1.00
2015.12.03 20:11:32.684,0.89939,0.89951,1.50,1.00
2015.12.03 20:11:33.191,0.8994,0.89952,1.87,1.00
2015.12.03 20:11:33.495,0.89943,0.89953,1.00,1.00
2015.12.03 20:11:33.962,0.89939,0.89953,1.87,1.00
2015.12.03 20:11:34.470,0.8994,0.89953,1.87,1.00
2015.12.03 20:11:35.675,0.8994,0.89954,1.75,1.00
2015.12.03 20:11:36.211,0.8994,0.89955,1.75,1.12
2015.12.03 20:11:36.363,0.89938,0.89953,1.75,1.12
2015.12.03 20:11:36.770,0.89937,0.89949,1.12,1.00
2015.12.03 20:11:39.104,0.89935,0.89949,1.00,1.50
2015.12.03 20:11:39.749,0.89935,0.8995,1.00,2.25
2015.12.03 20:11:41.102,0.89936,0.89949,1.00,1.00
2015.12.03 20:11:41.658,0.89937,0.8995,1.00,1.00
2015.12.03 20:11:41.965,0.89937,0.89951,1.87,1.12
2015.12.03 20:11:42.302,0.89946,0.89952,1.00,1.00
2015.12.03 20:11:42.405,0.89943,0.89959,2.25,1.50
2015.12.03 20:11:42.610,0.89948,0.89959,1.75,1.00
2015.12.03 20:11:42.713,0.89948,0.89959,1.12,1.00
2015.12.03 20:11:42.815,0.89948,0.89959,1.75,1.00
2015.12.03 20:11:43.238,0.89946,0.89959,1.50,1.00
2015.12.03 20:11:43.791,0.89947,0.89959,1.75,1.00
2015.12.03 20:11:44.095,0.89946,0.89958,1.12,1.37
2015.12.03 20:11:44.649,0.89946,0.89956,1.12,1.00
2015.12.03 20:11:44.702,0.89942,0.89955,1.50,1.00
2015.12.03 20:11:45.058,0.89939,0.89953,1.75,1.00
2015.12.03 20:11:45.109,0.89939,0.89953,1.75,1.50
2015.12.03 20:11:45.864,0.89937,0.89953,1.75,1.75
2015.12.03 20:11:46.127,0.89938,0.89955,1.50,1.75
2015.12.03 20:11:51.233,0.89938,0.89954,1.75,1.12
2015.12.03 20:11:51.785,0.8994,0.89953,1.75,1.00
2015.12.03 20:11:52.297,0.8994,0.89954,1.75,1.87
2015.12.03 20:11:54.869,0.8994,0.89954,1.87,1.00
2015.12.03 20:11:56.004,0.8994,0.89953,2.25,1.00
2015.12.03 20:11:56.157,0.8994,0.89953,2.25,1.00
2015.12.03 20:11:58.990,0.89943,0.89953,1.00,1.00
2015.12.03 20:12:00.366,0.89943,0.89956,1.00,1.00
2015.12.03 20:12:00.518,0.8994,0.89954,1.87,1.00
2015.12.03 20:12:00.823,0.89942,0.89953,1.87,1.00
2015.12.03 20:12:01.077,0.8994,0.89953,1.37,1.00
2015.12.03 20:12:01.128,0.8994,0.89954,1.12,1.00
2015.12.03 20:12:01.431,0.89941,0.89952,1.00,1.00
2015.12.03 20:12:01.938,0.89941,0.89956,1.00,1.75
2015.12.03 20:12:02.401,0.89938,0.89954,1.87,1.87
2015.12.03 20:12:02.684,0.89936,0.89952,1.75,1.00
2015.12.03 20:12:02.786,0.89936,0.89951,1.12,1.50
2015.12.03 20:12:02.888,0.89934,0.89951,2.62,1.50
2015.12.03 20:12:02.990,0.89934,0.89951,1.87,1.75
2015.12.03 20:12:03.635,0.89934,0.89951,2.62,2.62
2015.12.03 20:12:03.686,0.89934,0.8995,1.75,1.00
2015.12.03 20:12:04.091,0.89932,0.89948,3.00,1.00
2015.12.03 20:12:04.395,0.89931,0.89947,1.12,1.12
2015.12.03 20:12:04.497,0.89929,0.89947,3.37,1.37
2015.12.03 20:12:05.951,0.89928,0.89944,1.75,1.00
2015.12.03 20:12:06.261,0.89928,0.89945,1.75,1.75
2015.12.03 20:12:06.717,0.89927,0.89943,1.12,1.75
2015.12.03 20:12:07.175,0.89927,0.89943,2.25,1.12
2015.12.03 20:12:07.710,0.89927,0.89946,2.25,2.62
2015.12.03 20:12:08.217,0.89931,0.89943,1.00,1.00
2015.12.03 20:12:08.607,0.89931,0.89939,1.00,1.00
2015.12.03 20:12:08.811,0.89924,0.89937,1.87,1.00
2015.12.03 20:12:09.166,0.89924,0.89936,1.12,1.00
2015.12.03 20:12:09.217,0.89928,0.89939,1.00,1.00
2015.12.03 20:12:09.319,0.89923,0.89939,1.75,1.75
2015.12.03 20:12:09.421,0.89924,0.89936,1.00,1.00
2015.12.03 20:12:09.613,0.89923,0.89941,1.75,1.75
2015.12.03 20:12:09.816,0.89924,0.89941,1.75,1.50
2015.12.03 20:12:10.747,0.89923,0.89941,1.75,3.37
2015.12.03 20:12:11.218,0.89921,0.89938,1.75,1.75
2015.12.03 20:12:11.421,0.89921,0.89937,1.50,1.75
2015.12.03 20:12:11.625,0.89918,0.89935,3.75,1.50
2015.12.03 20:12:11.798,0.89918,0.89933,1.00,2.25
2015.12.03 20:12:11.900,0.89914,0.89933,2.62,3.00
2015.12.03 20:12:12.523,0.89916,0.89935,1.75,2.25
2015.12.03 20:12:12.777,0.8992,0.89936,1.87,1.75
2015.12.03 20:12:12.828,0.89923,0.89936,1.00,1.50
2015.12.03 20:12:17.941,0.89924,0.89936,1.00,1.00
2015.12.03 20:12:18.043,0.89924,0.89941,2.62,2.25
2015.12.03 20:12:18.094,0.89924,0.89941,2.62,2.25
2015.12.03 20:12:18.145,0.89925,0.89941,1.12,2.25
2015.12.03 20:12:18.754,0.89928,0.89946,1.12,2.25
2015.12.03 20:12:19.097,0.8993,0.89946,1.12,3.00
2015.12.03 20:12:19.604,0.89927,0.89944,2.25,2.25
2015.12.03 20:12:19.655,0.89926,0.89944,1.87,2.25
2015.12.03 20:12:19.757,0.89926,0.89942,1.50,2.62
2015.12.03 20:12:19.858,0.89925,0.89938,1.12,1.00
2015.12.03 20:12:20.369,0.89926,0.89939,1.00,1.00
2015.12.03 20:12:20.725,0.89924,0.89942,4.87,1.37
2015.12.03 20:12:20.827,0.89925,0.89942,1.12,1.12
2015.12.03 20:12:21.471,0.89926,0.89939,1.00,1.00
2015.12.03 20:12:22.157,0.89922,0.89939,1.75,1.50
2015.12.03 20:12:22.665,0.89924,0.89937,1.00,1.00
2015.12.03 20:12:23.214,0.89921,0.89939,2.25,1.87
2015.12.03 20:12:23.720,0.89921,0.89939,3.75,1.37
2015.12.03 20:12:24.358,0.8992,0.89939,1.12,2.62
2015.12.03 20:12:24.865,0.89922,0.89937,1.00,1.50
2015.12.03 20:12:24.967,0.8992,0.89939,1.75,1.87
2015.12.03 20:12:25.474,0.8992,0.89938,1.75,1.12
2015.12.03 20:12:26.272,0.89921,0.89939,2.25,1.12
2015.12.03 20:12:26.576,0.89922,0.8994,3.75,1.50
2015.12.03 20:12:27.179,0.89924,0.89941,1.50,1.75
2015.12.03 20:12:27.686,0.89924,0.89941,1.75,1.75
2015.12.03 20:12:30.885,0.89924,0.89939,1.75,1.00
2015.12.03 20:12:31.189,0.89928,0.89942,1.37,1.37
2015.12.03 20:12:31.392,0.89928,0.89944,1.87,2.25
2015.12.03 20:12:31.443,0.89931,0.89944,1.00,2.25
2015.12.03 20:12:31.686,0.89928,0.89943,1.37,1.37
2015.12.03 20:12:31.737,0.89928,0.89941,1.12,1.00
2015.12.03 20:12:32.698,0.89928,0.89943,1.37,1.75
2015.12.03 20:12:32.999,0.89931,0.89944,1.37,2.25
2015.12.03 20:12:33.458,0.89929,0.89944,1.50,1.75
2015.12.03 20:12:34.001,0.8993,0.89944,1.37,1.75
2015.12.03 20:12:35.054,0.89929,0.89942,2.62,1.00
2015.12.03 20:12:36.256,0.8993,0.89942,1.37,1.00
2015.12.03 20:12:36.806,0.89929,0.89942,2.62,1.00
2015.12.03 20:12:37.108,0.89927,0.89942,1.87,1.50
2015.12.03 20:12:37.260,0.89927,0.89943,1.50,1.75
2015.12.03 20:12:37.808,0.89925,0.89941,1.50,2.25
2015.12.03 20:12:37.961,0.89927,0.89943,1.12,1.75
2015.12.03 20:12:38.115,0.89927,0.89946,2.62,3.75
2015.12.03 20:12:38.658,0.89929,0.89946,1.50,3.00
2015.12.03 20:12:38.964,0.89925,0.89942,1.87,1.75
2015.12.03 20:12:39.880,0.89924,0.89942,1.50,1.75
2015.12.03 20:12:40.184,0.89925,0.8994,1.75,1.00
2015.12.03 20:12:40.717,0.89925,0.89944,1.75,2.25
2015.12.03 20:12:41.022,0.89927,0.89945,1.87,1.75
2015.12.03 20:12:42.500,0.89928,0.89946,1.75,1.75
2015.12.03 20:12:43.222,0.89928,0.89944,1.75,1.00
2015.12.03 20:12:43.710,0.89928,0.89946,2.25,1.75
2015.12.03 20:12:44.071,0.89931,0.89947,1.50,1.75
2015.12.03 20:12:44.529,0.89929,0.89941,1.00,1.00
2015.12.03 20:12:44.872,0.89932,0.89949,2.25,1.75
2015.12.03 20:12:47.214,0.89932,0.89948,1.50,1.75
2015.12.03 20:12:48.969,0.89933,0.89945,1.00,1.00
2015.12.03 20:12:49.021,0.8993,0.89947,1.75,2.25
2015.12.03 20:12:49.073,0.8993,0.89947,1.37,2.25
2015.12.03 20:12:49.531,0.89929,0.89946,1.50,2.25
2015.12.03 20:12:49.937,0.89931,0.89946,1.00,2.25
2015.12.03 20:12:50.215,0.89931,0.89944,1.50,1.00
2015.12.03 20:12:52.220,0.89931,0.89949,3.00,1.75
2015.12.03 20:12:52.271,0.89931,0.89949,3.00,1.50
2015.12.03 20:12:52.865,0.89936,0.89953,1.75,3.00
2015.12.03 20:12:54.627,0.89935,0.89952,1.75,1.00
2015.12.03 20:12:54.728,0.89935,0.89954,2.25,1.75
2015.12.03 20:12:54.779,0.89935,0.89955,2.25,3.00
2015.12.03 20:12:54.830,0.89936,0.8995,1.37,1.00
2015.12.03 20:12:54.932,0.89936,0.89952,3.37,1.00
2015.12.03 20:12:55.034,0.89936,0.89956,5.25,2.62
2015.12.03 20:12:55.342,0.89936,0.89955,3.37,2.62
2015.12.03 20:12:55.860,0.89936,0.89955,2.62,3.00
2015.12.03 20:12:57.152,0.89936,0.89955,3.37,1.75
2015.12.03 20:12:57.843,0.89939,0.89955,1.00,2.25
2015.12.03 20:12:58.046,0.89938,0.89956,1.37,2.25
2015.12.03 20:12:58.592,0.89936,0.89956,3.75,2.25
2015.12.03 20:12:59.668,0.89938,0.89951,1.00,1.00
2015.12.03 20:13:00.180,0.89937,0.89954,1.12,1.75
2015.12.03 20:13:00.282,0.89937,0.8995,1.12,1.00
2015.12.03 20:13:00.831,0.89937,0.89955,1.00,4.50
2015.12.03 20:13:01.440,0.89933,0.89951,1.87,1.75
2015.12.03 20:13:01.491,0.89935,0.89948,1.00,1.00
2015.12.03 20:13:01.692,0.89932,0.89949,1.50,2.25
2015.12.03 20:13:02.487,0.89931,0.89948,1.75,2.25
2015.12.03 20:13:02.993,0.89931,0.89947,2.25,1.50
2015.12.03 20:13:03.044,0.89931,0.89947,2.25,1.50
2015.12.03 20:13:03.248,0.89931,0.89947,1.87,2.25
2015.12.03 20:13:03.453,0.89929,0.89947,1.87,1.75
2015.12.03 20:13:03.555,0.89929,0.89949,1.87,4.50
2015.12.03 20:13:04.103,0.89931,0.89947,1.50,1.12
2015.12.03 20:13:06.257,0.89931,0.89947,1.50,2.25
2015.12.03 20:13:06.411,0.89931,0.89946,1.75,1.00
2015.12.03 20:13:06.565,0.89932,0.89947,3.00,1.50
2015.12.03 20:13:07.107,0.89932,0.89947,3.37,1.12
2015.12.03 20:13:07.483,0.89933,0.89945,1.00,1.00
2015.12.03 20:13:07.761,0.89931,0.89947,2.25,1.75
2015.12.03 20:13:09.021,0.8993,0.89947,1.50,1.75
2015.12.03 20:13:09.390,0.8993,0.89946,2.62,1.50
2015.12.03 20:13:09.941,0.89933,0.89945,1.00,1.00
2015.12.03 20:13:11.184,0.89931,0.89947,1.12,1.75
2015.12.03 20:13:11.705,0.89932,0.89946,1.50,1.50
2015.12.03 20:13:12.185,0.89932,0.89946,2.25,1.00
2015.12.03 20:13:12.489,0.89934,0.8995,1.12,1.75
2015.12.03 20:13:12.773,0.89936,0.89949,1.12,1.12
2015.12.03 20:13:13.078,0.89935,0.8995,4.12,1.00
2015.12.03 20:13:13.282,0.89936,0.8995,1.37,1.00
2015.12.03 20:13:18.907,0.8994,0.8995,1.00,1.00
2015.12.03 20:13:18.958,0.8994,0.89952,1.00,1.00
2015.12.03 20:13:19.009,0.8994,0.89952,1.75,1.00
2015.12.03 20:13:19.061,0.8994,0.89955,1.75,1.00
2015.12.03 20:13:19.213,0.89942,0.89957,1.75,1.87
2015.12.03 20:13:19.923,0.8994,0.89957,1.12,1.75
2015.12.03 20:13:21.304,0.8994,0.89953,1.00,1.00
2015.12.03 20:13:21.407,0.89941,0.89955,1.00,1.00
2015.12.03 20:13:21.908,0.89941,0.89957,1.50,2.25
2015.12.03 20:13:22.238,0.89941,0.89957,1.87,1.50
2015.12.03 20:13:22.772,0.89941,0.89957,1.87,1.75
2015.12.03 20:13:23.225,0.89939,0.89953,1.50,1.00
2015.12.03 20:13:23.428,0.89939,0.89951,1.00,1.00
2015.12.03 20:13:23.951,0.89939,0.89955,1.50,1.75
2015.12.03 20:13:26.721,0.89936,0.89952,1.75,1.50
2015.12.03 20:13:27.058,0.89934,0.89951,1.37,1.75
2015.12.03 20:13:27.936,0.89934,0.89951,1.37,1.75
2015.12.03 20:13:28.038,0.89934,0.89951,1.00,3.75
2015.12.03 20:13:28.316,0.89939,0.89952,1.00,1.00
2015.12.03 20:13:30.209,0.89939,0.89953,1.00,1.75
2015.12.03 20:13:30.412,0.89935,0.89952,2.62,1.00
2015.12.03 20:13:30.616,0.89935,0.89952,1.87,1.50
2015.12.03 20:13:30.718,0.89936,0.89952,1.00,1.75
2015.12.03 20:13:31.311,0.89935,0.89953,1.87,1.75
2015.12.03 20:13:31.413,0.89938,0.89953,1.12,1.50
2015.12.03 20:13:31.464,0.89938,0.89953,1.50,1.37
2015.12.03 20:13:31.718,0.89941,0.89954,1.00,1.00
2015.12.03 20:13:32.245,0.8994,0.89954,1.50,1.00
2015.12.03 20:13:35.145,0.89939,0.89956,2.25,1.12
2015.12.03 20:13:35.499,0.8994,0.89956,2.25,1.50
2015.12.03 20:13:36.145,0.89942,0.89956,1.00,1.50
2015.12.03 20:13:38.550,0.8994,0.89956,2.62,1.50
2015.12.03 20:13:38.856,0.89939,0.89956,1.50,1.75
2015.12.03 20:13:40.967,0.89939,0.89952,1.12,1.00
2015.12.03 20:13:41.504,0.89948,0.89958,1.00,1.75
2015.12.03 20:13:41.561,0.89948,0.89962,1.12,1.12
2015.12.03 20:13:41.612,0.89948,0.89959,1.12,1.00
2015.12.03 20:13:41.967,0.89944,0.89958,1.50,1.00
2015.12.03 20:13:42.532,0.89944,0.89962,1.50,2.25
2015.12.03 20:13:42.856,0.89944,0.89962,2.62,1.75
2015.12.03 20:13:42.960,0.89946,0.89962,1.00,1.75
2015.12.03 20:13:43.062,0.89946,0.89965,2.25,2.25
2015.12.03 20:13:44.540,0.89946,0.89963,1.50,1.75
2015.12.03 20:13:44.642,0.89945,0.89962,1.12,3.00
2015.12.03 20:13:45.176,0.89949,0.89962,1.00,3.00
2015.12.03 20:13:45.278,0.89949,0.89964,1.00,2.25
2015.12.03 20:13:45.330,0.89953,0.89963,1.00,1.75
2015.12.03 20:13:45.381,0.89953,0.89963,1.00,1.37
2015.12.03 20:13:45.433,0.89954,0.89963,1.37,1.00
2015.12.03 20:13:45.535,0.89954,0.89968,1.50,1.00
2015.12.03 20:13:45.637,0.89955,0.8997,1.50,1.12
2015.12.03 20:13:45.688,0.89959,0.89973,1.00,1.00
2015.12.03 20:13:46.551,0.89967,0.89976,1.37,1.75
2015.12.03 20:13:46.602,0.89967,0.89976,1.37,1.37
2015.12.03 20:13:46.654,0.89976,0.8998,3.75,1.00
2015.12.03 20:13:46.705,0.89977,0.89987,1.00,1.00
2015.12.03 20:13:46.756,0.89982,0.89994,1.12,1.37
2015.12.03 20:13:46.960,0.89994,0.90007,1.00,1.50
2015.12.03 20:13:47.011,0.89996,0.90007,1.00,1.50
2015.12.03 20:13:47.062,0.89996,0.90009,2.25,1.00
2015.12.03 20:13:47.331,0.89995,0.9001,1.00,1.00
2015.12.03 20:13:47.383,0.89995,0.90009,1.12,1.00
2015.12.03 20:13:47.687,0.89994,0.9001,1.00,1.00
2015.12.03 20:13:47.993,0.89996,0.90012,1.00,1.87
2015.12.03 20:13:48.648,0.89994,0.90013,1.50,3.00
2015.12.03 20:13:48.903,0.89992,0.90011,1.12,2.25
2015.12.03 20:13:48.955,0.89992,0.9001,1.12,1.37
2015.12.03 20:13:49.462,0.89991,0.90009,1.00,2.25
2015.12.03 20:13:49.754,0.89988,0.90007,1.87,1.87
2015.12.03 20:13:49.805,0.89988,0.90003,1.50,1.00
2015.12.03 20:13:51.666,0.89983,0.90004,2.25,2.25
2015.12.03 20:13:51.768,0.89985,0.90004,1.75,1.12
2015.12.03 20:13:52.274,0.8999,0.90004,1.75,1.00
2015.12.03 20:13:52.504,0.89994,0.9001,1.00,1.00
2015.12.03 20:13:52.759,0.89993,0.9001,1.00,1.50
2015.12.03 20:13:52.860,0.89987,0.90007,1.75,1.37
2015.12.03 20:13:52.962,0.89986,0.90006,1.50,3.00
2015.12.03 20:13:53.165,0.89985,0.90006,1.00,2.25
2015.12.03 20:13:54.493,0.89985,0.90006,1.50,1.75
2015.12.03 20:13:54.595,0.89988,0.90007,1.12,2.25
2015.12.03 20:13:54.900,0.89991,0.90009,1.00,1.50
2015.12.03 20:13:54.951,0.89991,0.90009,1.37,1.12
2015.12.03 20:13:55.197,0.89991,0.90008,2.25,1.00
2015.12.03 20:13:55.453,0.89993,0.9001,1.12,1.87
2015.12.03 20:13:55.555,0.89993,0.90007,1.50,1.00
2015.12.03 20:13:55.657,0.89994,0.90009,1.12,1.12
2015.12.03 20:13:56.165,0.89993,0.90012,1.12,1.75
2015.12.03 20:13:56.652,0.8999,0.9001,1.87,1.75
2015.12.03 20:13:56.703,0.8999,0.90011,1.87,2.25
2015.12.03 20:13:56.754,0.8999,0.90011,1.87,2.25
2015.12.03 20:13:56.907,0.89996,0.90012,1.50,3.00
2015.12.03 20:13:57.112,0.90004,0.90018,1.12,1.12
2015.12.03 20:13:57.266,0.90013,0.90019,1.37,1.50
2015.12.03 20:13:57.419,0.90013,0.90027,1.12,1.00
2015.12.03 20:13:57.947,0.90011,0.90028,3.75,1.12
2015.12.03 20:13:58.455,0.90017,0.90031,1.12,1.50
2015.12.03 20:13:58.980,0.90018,0.90032,1.12,1.75
2015.12.03 20:13:59.183,0.90018,0.90032,1.87,1.37
2015.12.03 20:14:00.154,0.90019,0.90033,1.00,1.50
2015.12.03 20:14:00.833,0.90021,0.90033,1.00,1.50
2015.12.03 20:14:01.166,0.90031,0.90045,2.25,1.87
2015.12.03 20:14:01.217,0.90033,0.90046,2.25,1.50
2015.12.03 20:14:01.268,0.90033,0.90042,1.00,1.00
2015.12.03 20:14:01.826,0.90028,0.90042,1.75,1.00
2015.12.03 20:14:01.978,0.90029,0.90042,1.00,1.50
2015.12.03 20:14:02.081,0.90024,0.90041,1.12,1.75
2015.12.03 20:14:02.233,0.90023,0.90037,1.50,1.00
2015.12.03 20:14:02.382,0.90023,0.90037,1.75,1.00
2015.12.03 20:14:02.719,0.90024,0.90039,1.12,1.00
2015.12.03 20:14:03.024,0.90024,0.90042,1.50,1.75
2015.12.03 20:14:03.126,0.90024,0.90042,1.75,1.75
2015.12.03 20:14:03.228,0.90028,0.90042,1.12,1.12
2015.12.03 20:14:03.819,0.90028,0.90042,1.00,1.75
2015.12.03 20:14:04.427,0.90026,0.90038,1.37,1.00
2015.12.03 20:14:04.945,0.90026,0.90039,1.37,1.12
2015.12.03 20:14:05.250,0.90025,0.90039,1.50,1.75
2015.12.03 20:14:05.302,0.90025,0.90039,1.50,1.37
2015.12.03 20:14:05.895,0.90026,0.90043,1.50,3.75
2015.12.03 20:14:05.996,0.90027,0.90043,1.00,1.75
2015.12.03 20:14:06.499,0.90027,0.90043,2.25,1.75
2015.12.03 20:14:06.799,0.90027,0.90043,2.25,1.37
2015.12.03 20:14:06.850,0.90027,0.90047,2.62,1.87
2015.12.03 20:14:08.536,0.90031,0.90044,1.00,1.00
2015.12.03 20:14:08.773,0.9003,0.90049,1.75,1.75
2015.12.03 20:14:09.842,0.90032,0.90048,1.37,1.75
2015.12.03 20:14:10.225,0.90028,0.90044,1.00,1.75
2015.12.03 20:14:10.277,0.90026,0.90044,1.87,1.75
2015.12.03 20:14:12.360,0.90024,0.90039,1.12,1.00
2015.12.03 20:14:12.563,0.90023,0.90037,1.12,1.00
2015.12.03 20:14:13.073,0.90024,0.90038,1.37,1.75
2015.12.03 20:14:13.226,0.90023,0.90038,1.12,1.12
2015.12.03 20:14:13.532,0.90026,0.90038,1.12,1.00
2015.12.03 20:14:13.838,0.90023,0.90035,1.87,1.00
2015.12.03 20:14:14.119,0.90025,0.90036,1.00,1.00
2015.12.03 20:14:14.629,0.9002,0.90037,1.75,1.50
2015.12.03 20:14:15.421,0.90021,0.9004,1.75,1.50
2015.12.03 20:14:15.626,0.90028,0.90038,1.00,1.00
2015.12.03 20:14:15.931,0.90034,0.90049,1.50,1.57
2015.12.03 20:14:16.084,0.90034,0.90051,2.25,2.25
2015.12.03 20:14:16.134,0.90034,0.90051,1.75,1.87
2015.12.03 20:14:19.850,0.90033,0.9005,1.75,1.75
2015.12.03 20:14:19.951,0.90033,0.9005,1.75,1.12
2015.12.03 20:14:20.466,0.90033,0.90051,1.75,1.12
2015.12.03 20:14:21.781,0.90033,0.9005,1.75,1.00
2015.12.03 20:14:26.281,0.90038,0.9005,1.50,1.12
2015.12.03 20:14:26.585,0.90042,0.90053,1.37,1.00
2015.12.03 20:14:26.840,0.90042,0.90055,2.25,1.00
2015.12.03 20:14:26.993,0.90044,0.90058,1.00,1.00
2015.12.03 20:14:27.247,0.90044,0.90061,1.75,1.00
2015.12.03 20:14:27.787,0.90045,0.90064,2.25,3.00
2015.12.03 20:14:27.888,0.90046,0.9006,1.00,1.00
2015.12.03 20:14:28.091,0.90043,0.90061,2.62,1.75
2015.12.03 20:14:28.548,0.90041,0.90061,1.75,2.25
2015.12.03 20:14:28.649,0.9004,0.9006,1.75,3.00
2015.12.03 20:14:28.752,0.9004,0.90057,1.50,1.75
2015.12.03 20:14:29.482,0.90041,0.90059,1.87,1.75
2015.12.03 20:14:31.149,0.90041,0.90059,1.50,1.75
2015.12.03 20:14:31.685,0.90041,0.90055,1.50,1.00
2015.12.03 20:14:32.293,0.90038,0.9005,1.50,1.00
2015.12.03 20:14:32.497,0.90036,0.90049,1.00,1.00
2015.12.03 20:14:32.599,0.90038,0.90051,1.00,1.00
2015.12.03 20:14:32.934,0.90038,0.90055,1.12,1.75
2015.12.03 20:14:33.239,0.90037,0.90055,1.50,1.75
2015.12.03 20:14:33.758,0.90037,0.90055,2.25,1.75
2015.12.03 20:14:33.911,0.90037,0.90055,1.12,1.75
2015.12.03 20:14:34.012,0.90039,0.90055,1.00,1.75
2015.12.03 20:14:34.358,0.90039,0.90055,1.37,1.75
2015.12.03 20:14:35.274,0.90037,0.90056,2.25,3.00
2015.12.03 20:14:35.461,0.90039,0.90053,1.00,1.00
2015.12.03 20:14:35.563,0.90035,0.90056,1.87,3.00
2015.12.03 20:14:35.868,0.90035,0.90054,1.37,3.00
2015.12.03 20:14:35.970,0.90034,0.90047,1.00,1.00
2015.12.03 20:14:36.561,0.90033,0.90047,1.00,1.00
2015.12.03 20:14:36.865,0.90035,0.90056,1.75,2.25
2015.12.03 20:14:37.273,0.90036,0.90056,3.00,2.25
2015.12.03 20:14:37.795,0.90036,0.90054,1.12,1.75
2015.12.03 20:14:38.304,0.90035,0.90053,1.50,1.75
2015.12.03 20:14:39.194,0.90035,0.90053,1.75,1.50
2015.12.03 20:14:39.703,0.90036,0.90056,1.75,1.75
2015.12.03 20:14:41.306,0.90038,0.90056,1.00,2.25
2015.12.03 20:14:41.714,0.90037,0.9005,1.00,1.00
2015.12.03 20:14:41.816,0.90032,0.90046,1.00,1.00
2015.12.03 20:14:42.019,0.90031,0.90044,1.00,1.00
2015.12.03 20:14:42.121,0.9003,0.90051,1.12,2.62
2015.12.03 20:14:42.904,0.90031,0.90049,1.50,2.25
2015.12.03 20:14:43.005,0.90031,0.90052,2.25,1.75
2015.12.03 20:14:45.316,0.90034,0.90053,1.75,1.75
2015.12.03 20:14:45.549,0.90039,0.90053,1.87,1.00
2015.12.03 20:14:45.600,0.90039,0.90057,2.62,1.12
2015.12.03 20:14:46.629,0.90042,0.90055,1.00,1.00
2015.12.03 20:14:47.420,0.9004,0.90052,1.00,1.00
2015.12.03 20:14:47.471,0.90038,0.90052,1.00,1.50
2015.12.03 20:14:47.522,0.90036,0.90052,1.00,1.75
2015.12.03 20:14:47.573,0.90034,0.90051,1.12,1.75
2015.12.03 20:14:47.625,0.90034,0.90048,1.00,3.00
2015.12.03 20:14:47.878,0.90025,0.90044,2.25,1.75
2015.12.03 20:14:48.522,0.90025,0.90042,1.12,1.75
2015.12.03 20:14:50.615,0.90023,0.90041,1.50,1.75
2015.12.03 20:14:51.018,0.90024,0.90041,1.50,1.75
2015.12.03 20:14:51.289,0.90027,0.90044,1.37,1.12
2015.12.03 20:14:51.343,0.90027,0.90045,1.50,1.87
2015.12.03 20:14:51.495,0.90027,0.90045,3.00,1.87
2015.12.03 20:14:52.007,0.90029,0.90045,1.75,1.50
2015.12.03 20:14:54.694,0.90033,0.90046,1.00,1.75
2015.12.03 20:14:54.745,0.90033,0.90046,1.50,1.00
2015.12.03 20:14:54.847,0.90034,0.90049,1.75,1.12
2015.12.03 20:14:54.949,0.90034,0.90051,2.25,1.87
2015.12.03 20:14:55.329,0.90034,0.90051,1.50,2.25
2015.12.03 20:14:56.435,0.90033,0.90046,1.00,1.12
2015.12.03 20:14:56.950,0.90032,0.90046,1.00,1.87
2015.12.03 20:14:57.653,0.90031,0.90045,1.00,1.50
2015.12.03 20:14:57.704,0.90027,0.90045,1.75,1.50
2015.12.03 20:14:57.755,0.90028,0.90041,1.00,1.00
2015.12.03 20:14:58.073,0.90024,0.90041,2.25,1.50
2015.12.03 20:14:58.227,0.90025,0.90043,1.75,1.75
2015.12.03 20:14:58.329,0.90028,0.90043,1.50,1.50
2015.12.03 20:14:58.646,0.90024,0.90043,3.00,1.75
2015.12.03 20:15:00.251,0.90026,0.90043,1.75,1.75
2015.12.03 20:15:00.455,0.90024,0.90039,1.12,1.50
2015.12.03 20:15:00.557,0.90024,0.90041,1.50,3.37
2015.12.03 20:15:00.761,0.90023,0.90042,2.25,1.75
2015.12.03 20:15:01.160,0.90028,0.90044,1.75,1.12
2015.12.03 20:15:01.465,0.90034,0.90052,2.25,1.37
2015.12.03 20:15:01.567,0.90033,0.90052,1.87,3.00
2015.12.03 20:15:02.366,0.90031,0.90049,1.75,1.50
2015.12.03 20:15:02.678,0.90031,0.90049,1.37,3.00
2015.12.03 20:15:03.236,0.90029,0.90047,1.37,3.00
2015.12.03 20:15:03.772,0.90027,0.90044,1.12,1.50
2015.12.03 20:15:04.133,0.90027,0.9004,1.12,1.00
2015.12.03 20:15:06.293,0.90027,0.9004,2.62,1.00
2015.12.03 20:15:06.825,0.90028,0.90045,1.00,1.75
2015.12.03 20:15:06.876,0.90028,0.90046,1.12,2.25
2015.12.03 20:15:08.097,0.90025,0.90043,3.00,1.00
2015.12.03 20:15:08.148,0.90024,0.90042,3.75,1.50
2015.12.03 20:15:08.250,0.90024,0.90042,3.00,1.12
2015.12.03 20:15:08.392,0.90024,0.90042,1.50,1.75
2015.12.03 20:15:08.443,0.90025,0.90044,1.75,2.25
2015.12.03 20:15:08.747,0.90025,0.90044,2.25,1.75
2015.12.03 20:15:10.036,0.90027,0.90045,4.50,1.50
2015.12.03 20:15:11.457,0.90028,0.90045,1.87,1.50
2015.12.03 20:15:11.964,0.90026,0.90045,1.75,2.25
2015.12.03 20:15:12.466,0.90028,0.90042,1.00,1.00
2015.12.03 20:15:12.569,0.90025,0.90045,4.12,1.75
2015.12.03 20:15:13.691,0.90027,0.90045,1.50,1.75
2015.12.03 20:15:15.979,0.90031,0.90045,1.00,1.87
2015.12.03 20:15:19.435,0.90031,0.90045,1.00,2.62
2015.12.03 20:15:19.487,0.90026,0.90044,1.75,1.37
2015.12.03 20:15:19.989,0.90026,0.90044,1.75,1.12
2015.12.03 20:15:20.294,0.90026,0.90044,2.25,1.00
2015.12.03 20:15:23.177,0.90031,0.90045,1.00,1.50
2015.12.03 20:15:23.279,0.90025,0.90045,3.37,1.75
2015.12.03 20:15:23.381,0.90025,0.90045,1.87,1.75
2015.12.03 20:15:23.584,0.90028,0.90045,1.50,1.75
2015.12.03 20:15:23.686,0.90028,0.90045,1.75,1.37
2015.12.03 20:15:24.471,0.90025,0.90045,4.12,1.75
2015.12.03 20:15:25.004,0.90024,0.90043,1.87,1.50
2015.12.03 20:15:25.265,0.90026,0.9004,1.00,1.00
2015.12.03 20:15:25.569,0.90023,0.90042,2.25,3.75
2015.12.03 20:15:26.104,0.90019,0.90037,2.62,1.50
2015.12.03 20:15:26.666,0.90021,0.90034,1.00,1.00
2015.12.03 20:15:28.187,0.90022,0.90035,1.00,1.00
2015.12.03 20:15:29.017,0.90018,0.90035,1.75,1.50
