2014.06.23 01:00:00.475,0.95831,0.95839,1.00,1.00
2014.06.23 01:00:01.448,0.95832,0.95839,1.00,1.00
2014.06.23 01:00:04.604,0.95833,0.95839,1.00,1.00
2014.06.23 01:00:05.884,0.95833,0.95839,1.00,1.65
2014.06.23 01:00:06.418,0.95833,0.95839,1.00,1.00
2014.06.23 01:00:07.241,0.95831,0.95839,1.00,1.00
2014.06.23 01:00:08.540,0.95831,0.95839,1.00,1.08
2014.06.23 01:00:08.591,0.95829,0.95839,1.25,1.08
2014.06.23 01:00:11.330,0.9583,0.95839,1.00,1.15
2014.06.23 01:00:12.045,0.9583,0.95837,1.00,1.25
2014.06.23 01:00:12.097,0.95828,0.95836,1.00,1.18
2014.06.23 01:00:12.452,0.95822,0.95833,1.48,1.10
2014.06.23 01:00:12.503,0.95822,0.9583,1.25,1.10
2014.06.23 01:00:13.012,0.9582,0.95829,1.50,1.00
2014.06.23 01:00:13.554,0.9582,0.95831,1.69,2.48
2014.06.23 01:00:14.860,0.9582,0.95831,1.50,2.48
2014.06.23 01:00:17.084,0.95822,0.95831,1.00,1.65
2014.06.23 01:00:17.600,0.9582,0.95831,1.00,1.65
2014.06.23 01:00:19.063,0.9582,0.95829,1.25,1.00
2014.06.23 01:00:19.164,0.9582,0.95829,1.25,1.08
2014.06.23 01:00:21.986,0.95819,0.95829,1.50,1.15
2014.06.23 01:00:22.540,0.9582,0.95829,1.00,1.65
2014.06.23 01:00:23.196,0.95819,0.95829,1.69,1.65
2014.06.23 01:00:23.716,0.9582,0.95829,1.00,1.65
2014.06.23 01:00:24.233,0.95819,0.95828,1.50,1.18
2014.06.23 01:00:30.328,0.95819,0.95828,1.00,5.25
2014.06.23 01:00:30.854,0.95818,0.95828,1.00,5.25
2014.06.23 01:00:31.397,0.95817,0.95827,1.09,1.15
2014.06.23 01:00:31.701,0.95817,0.95823,1.00,1.20
2014.06.23 01:00:32.005,0.95819,0.95823,1.00,1.00
2014.06.23 01:00:36.431,0.95817,0.95823,1.00,1.00
2014.06.23 01:00:36.610,0.95819,0.95823,1.00,1.00
2014.06.23 01:00:39.260,0.95819,0.95825,1.00,1.18
2014.06.23 01:00:39.811,0.95819,0.95825,1.00,1.00
2014.06.23 01:00:41.780,0.95818,0.95825,1.50,1.00
2014.06.23 01:00:42.309,0.95817,0.95825,1.50,1.00
2014.06.23 01:00:42.831,0.95817,0.95824,1.50,1.00
2014.06.23 01:00:42.933,0.95815,0.95824,1.58,1.00
2014.06.23 01:00:43.035,0.95815,0.95824,1.50,1.18
2014.06.23 01:00:43.440,0.95815,0.95824,1.00,1.10
2014.06.23 01:00:43.592,0.95816,0.95825,1.69,1.00
2014.06.23 01:00:43.795,0.95821,0.95829,1.00,1.25
2014.06.23 01:00:54.073,0.95821,0.95829,1.50,1.65
2014.06.23 01:00:57.971,0.9582,0.95829,1.00,1.18
2014.06.23 01:00:58.525,0.95819,0.95829,2.25,1.00
2014.06.23 01:01:00.578,0.95822,0.95829,1.00,1.00
2014.06.23 01:01:00.730,0.95822,0.95831,1.00,1.02
2014.06.23 01:01:00.933,0.95824,0.95833,1.00,2.44
2014.06.23 01:01:02.439,0.95823,0.95833,1.73,1.19
2014.06.23 01:01:02.744,0.95825,0.95833,1.10,1.00
2014.06.23 01:01:03.287,0.95824,0.95835,1.00,1.39
2014.06.23 01:01:04.491,0.95824,0.95835,1.00,1.09
2014.06.23 01:01:04.998,0.95823,0.95835,1.30,1.09
2014.06.23 01:01:05.485,0.95823,0.95835,1.30,1.84
2014.06.23 01:01:08.964,0.95823,0.95835,1.73,3.34
2014.06.23 01:01:09.167,0.95821,0.95832,1.58,1.77
2014.06.23 01:01:10.386,0.95822,0.95832,1.10,2.14
2014.06.23 01:01:10.889,0.95823,0.95832,1.10,1.25
2014.06.23 01:01:11.813,0.95821,0.95832,1.20,1.20
2014.06.23 01:01:20.341,0.95822,0.95832,1.10,1.58
2014.06.23 01:01:20.646,0.95824,0.95832,1.00,1.00
2014.06.23 01:01:24.174,0.95824,0.95831,1.00,1.00
2014.06.23 01:01:27.660,0.95824,0.95832,1.00,1.58
2014.06.23 01:01:31.620,0.95824,0.95834,1.00,1.19
2014.06.23 01:01:36.883,0.95824,0.95834,1.00,1.69
2014.06.23 01:01:39.277,0.95824,0.95834,1.00,1.84
2014.06.23 01:01:49.918,0.95824,0.95833,1.00,1.39
2014.06.23 01:01:50.984,0.95824,0.95833,1.00,1.39
2014.06.23 01:01:53.826,0.95823,0.95833,1.00,1.09
2014.06.23 01:01:54.272,0.95822,0.95832,1.00,1.15
2014.06.23 01:01:54.927,0.95821,0.95832,2.33,1.40
2014.06.23 01:01:56.648,0.95823,0.95832,1.00,1.40
2014.06.23 01:01:57.159,0.95822,0.95832,1.00,1.15
2014.06.23 01:02:00.750,0.95823,0.95832,1.00,1.15
2014.06.23 01:02:01.291,0.95822,0.95832,1.50,1.15
2014.06.23 01:02:05.440,0.95822,0.95832,1.00,3.34
2014.06.23 01:02:05.491,0.9582,0.95832,1.58,3.34
2014.06.23 01:02:06.028,0.95821,0.95832,1.00,1.15
2014.06.23 01:02:06.432,0.95819,0.95831,2.59,1.30
2014.06.23 01:02:06.534,0.9582,0.95831,1.10,1.15
2014.06.23 01:02:06.838,0.95822,0.95832,1.00,1.65
2014.06.23 01:02:06.889,0.9582,0.95832,1.58,1.65
2014.06.23 01:02:06.990,0.95819,0.95832,2.52,4.77
2014.06.23 01:02:07.344,0.95822,0.95832,1.00,1.84
2014.06.23 01:02:07.446,0.95819,0.95831,1.84,1.17
2014.06.23 01:02:07.650,0.95822,0.95832,1.00,6.94
2014.06.23 01:02:07.752,0.95822,0.95832,1.00,1.84
2014.06.23 01:02:07.955,0.95819,0.95831,1.50,1.25
2014.06.23 01:02:08.107,0.95823,0.95831,1.00,1.25
2014.06.23 01:02:08.310,0.95819,0.95832,3.27,1.09
2014.06.23 01:02:08.513,0.95819,0.95831,1.50,1.25
2014.06.23 01:02:08.816,0.95822,0.95832,1.00,1.92
2014.06.23 01:02:08.867,0.95819,0.95832,4.09,1.92
2014.06.23 01:02:09.171,0.95822,0.95831,1.00,1.15
2014.06.23 01:02:09.274,0.95822,0.95832,1.00,1.92
2014.06.23 01:02:09.426,0.95819,0.95831,2.40,1.65
2014.06.23 01:02:09.477,0.95819,0.95831,2.33,1.73
2014.06.23 01:02:09.793,0.95823,0.95832,1.00,3.00
2014.06.23 01:02:09.844,0.95821,0.95832,1.20,1.08
2014.06.23 01:02:10.047,0.95819,0.95831,3.08,1.15
2014.06.23 01:02:10.593,0.9582,0.95831,1.00,1.15
2014.06.23 01:02:11.149,0.95819,0.95831,3.08,1.15
2014.06.23 01:02:11.926,0.95822,0.95832,1.00,1.40
2014.06.23 01:02:12.295,0.95822,0.95834,1.00,1.84
2014.06.23 01:02:12.548,0.95819,0.95832,3.72,3.08
2014.06.23 01:02:12.852,0.95822,0.95832,1.00,1.20
2014.06.23 01:02:13.005,0.95819,0.95832,3.45,1.40
2014.06.23 01:02:13.157,0.95823,0.95832,1.00,1.40
2014.06.23 01:02:13.360,0.95821,0.95832,1.20,1.33
2014.06.23 01:02:14.132,0.95822,0.95832,1.00,1.33
2014.06.23 01:02:14.633,0.95822,0.95834,1.58,1.92
2014.06.23 01:02:15.214,0.95824,0.95834,1.00,1.37
2014.06.23 01:02:16.352,0.95826,0.95834,1.00,1.37
2014.06.23 01:02:17.909,0.95824,0.95834,1.00,1.18
2014.06.23 01:02:27.806,0.95825,0.95834,1.00,1.18
2014.06.23 01:02:28.307,0.95824,0.95834,1.00,1.18
2014.06.23 01:02:28.888,0.95823,0.95834,1.65,1.18
2014.06.23 01:02:29.406,0.95822,0.95834,3.15,1.84
2014.06.23 01:02:30.339,0.95822,0.95833,2.40,1.02
2014.06.23 01:02:31.319,0.95822,0.95833,1.65,1.29
2014.06.23 01:02:32.389,0.95822,0.95833,1.50,3.27
2014.06.23 01:02:32.651,0.95822,0.95834,1.00,1.84
2014.06.23 01:02:38.644,0.95822,0.95834,1.00,1.34
2014.06.23 01:02:39.311,0.95822,0.95834,1.00,3.27
2014.06.23 01:02:42.600,0.95823,0.95834,1.00,3.27
2014.06.23 01:02:43.246,0.95823,0.95829,1.00,1.10
2014.06.23 01:02:43.347,0.95819,0.95829,1.50,1.73
2014.06.23 01:02:44.620,0.9582,0.95829,1.00,1.18
2014.06.23 01:02:46.722,0.9582,0.9583,1.00,1.39
2014.06.23 01:02:47.233,0.9582,0.95831,1.00,1.84
2014.06.23 01:02:50.577,0.9582,0.95828,1.00,1.02
2014.06.23 01:02:50.933,0.9582,0.95825,1.00,1.20
2014.06.23 01:02:50.984,0.95817,0.95825,1.00,1.20
2014.06.23 01:02:51.035,0.95817,0.95826,1.00,3.34
2014.06.23 01:02:51.086,0.95815,0.95825,1.50,1.08
2014.06.23 01:02:51.290,0.95813,0.95825,2.25,2.67
2014.06.23 01:02:52.252,0.95814,0.95825,1.10,2.59
2014.06.23 01:02:54.268,0.95813,0.95825,3.00,1.84
2014.06.23 01:02:54.522,0.95813,0.95824,1.00,1.25
2014.06.23 01:02:55.027,0.95815,0.95824,1.00,1.25
2014.06.23 01:02:58.037,0.95815,0.95824,1.00,1.17
2014.06.23 01:03:01.278,0.95815,0.95824,1.00,1.20
2014.06.23 01:03:02.034,0.95815,0.95826,1.00,3.34
2014.06.23 01:03:04.123,0.95815,0.95826,1.00,2.59
2014.06.23 01:03:08.788,0.95815,0.95825,1.00,1.19
2014.06.23 01:03:09.326,0.95814,0.95825,1.10,1.19
2014.06.23 01:03:09.841,0.95814,0.95826,1.10,2.59
2014.06.23 01:03:12.004,0.95814,0.95826,1.10,3.34
2014.06.23 01:03:14.101,0.95814,0.95826,1.10,2.52
2014.06.23 01:03:14.639,0.95814,0.95824,1.10,1.00
2014.06.23 01:03:16.162,0.95815,0.95826,1.00,3.27
2014.06.23 01:03:16.607,0.95815,0.95825,1.15,1.19
2014.06.23 01:03:17.908,0.95815,0.95826,1.15,2.44
2014.06.23 01:03:18.598,0.95817,0.95827,1.65,2.44
2014.06.23 01:03:23.565,0.95817,0.95825,1.20,1.00
2014.06.23 01:03:26.536,0.95817,0.95828,1.15,1.50
2014.06.23 01:03:26.639,0.9582,0.9583,1.65,1.25
2014.06.23 01:03:26.943,0.95823,0.95832,1.20,1.00
2014.06.23 01:03:27.492,0.95824,0.95833,1.00,1.32
2014.06.23 01:03:28.016,0.95825,0.95834,1.00,1.69
2014.06.23 01:03:29.342,0.95823,0.95835,1.65,3.64
2014.06.23 01:03:29.858,0.95824,0.95834,1.10,1.19
2014.06.23 01:03:30.161,0.95823,0.95834,1.58,2.22
2014.06.23 01:03:30.816,0.95824,0.95833,1.00,1.78
2014.06.23 01:03:31.436,0.95824,0.95833,1.00,1.78
2014.06.23 01:03:31.772,0.95826,0.95831,1.10,1.13
2014.06.23 01:03:33.526,0.95823,0.95831,1.00,1.38
2014.06.23 01:03:33.577,0.95824,0.9583,1.10,1.38
2014.06.23 01:03:33.780,0.95821,0.95831,1.73,1.63
2014.06.23 01:03:34.098,0.95823,0.95831,1.00,1.63
2014.06.23 01:03:35.850,0.95822,0.95831,1.58,1.38
2014.06.23 01:03:36.425,0.95823,0.95831,1.00,1.38
2014.06.23 01:03:37.705,0.95822,0.95831,1.10,1.38
2014.06.23 01:03:37.817,0.95823,0.95831,1.00,1.38
2014.06.23 01:03:39.590,0.95822,0.95832,1.58,2.97
2014.06.23 01:03:39.793,0.95824,0.95832,1.00,2.97
2014.06.23 01:03:42.140,0.95822,0.95832,1.10,2.82
2014.06.23 01:03:44.121,0.9582,0.95827,1.65,1.00
2014.06.23 01:03:44.172,0.9582,0.95827,1.65,1.00
2014.06.23 01:03:44.680,0.9582,0.9583,1.20,1.38
2014.06.23 01:03:55.410,0.95821,0.9583,1.00,1.63
2014.06.23 01:03:55.926,0.95819,0.9583,2.48,1.63
2014.06.23 01:03:57.935,0.95821,0.9583,1.00,1.38
2014.06.23 01:03:58.436,0.95819,0.9583,1.73,1.38
2014.06.23 01:04:00.036,0.95819,0.9583,1.73,1.00
2014.06.23 01:04:04.906,0.95821,0.9583,1.10,1.00
2014.06.23 01:04:05.431,0.9582,0.95829,1.65,1.00
2014.06.23 01:04:06.183,0.9582,0.95832,1.65,2.14
2014.06.23 01:04:08.505,0.9582,0.95832,1.65,2.14
2014.06.23 01:04:11.136,0.95821,0.95829,1.00,1.13
2014.06.23 01:04:11.465,0.95823,0.95829,1.00,1.13
2014.06.23 01:04:19.384,0.95822,0.9583,1.58,1.38
2014.06.23 01:04:20.525,0.95821,0.9583,1.10,1.38
2014.06.23 01:04:20.998,0.95823,0.9583,1.10,1.13
2014.06.23 01:04:21.216,0.95821,0.9583,1.10,1.13
2014.06.23 01:04:21.955,0.95822,0.9583,1.10,1.13
2014.06.23 01:04:22.528,0.95821,0.9583,1.10,1.13
2014.06.23 01:04:25.556,0.95823,0.9583,1.00,1.13
2014.06.23 01:04:27.525,0.95821,0.9583,1.10,1.13
2014.06.23 01:04:31.043,0.95822,0.95831,1.00,1.63
2014.06.23 01:04:31.708,0.9582,0.95831,1.65,1.63
2014.06.23 01:04:33.814,0.95821,0.95831,1.00,1.38
2014.06.23 01:04:34.335,0.9582,0.95831,1.65,1.38
2014.06.23 01:04:34.848,0.95821,0.95831,1.00,1.38
2014.06.23 01:04:35.815,0.95823,0.95831,1.10,1.38
2014.06.23 01:04:36.792,0.95823,0.9583,1.10,2.63
2014.06.23 01:04:37.690,0.95823,0.95831,1.10,4.95
2014.06.23 01:04:37.791,0.95823,0.95831,1.10,2.78
2014.06.23 01:04:44.384,0.95823,0.95831,1.10,2.40
2014.06.23 01:04:44.436,0.95821,0.95829,1.00,1.88
2014.06.23 01:04:44.487,0.95819,0.95829,1.10,1.88
2014.06.23 01:04:44.539,0.95819,0.95828,1.10,1.28
2014.06.23 01:04:44.843,0.95822,0.95829,1.10,3.08
2014.06.23 01:04:44.894,0.95822,0.95829,1.10,1.15
2014.06.23 01:04:59.204,0.9582,0.95829,1.10,1.08
2014.06.23 01:04:59.306,0.9582,0.9583,1.10,1.20
2014.06.23 01:04:59.424,0.95822,0.9583,1.10,1.20
2014.06.23 01:05:00.194,0.9582,0.9583,1.10,1.20
2014.06.23 01:05:00.296,0.9582,0.9583,1.10,1.28
2014.06.23 01:05:00.449,0.95817,0.95828,1.00,1.74
2014.06.23 01:05:00.602,0.95817,0.95824,1.00,1.00
2014.06.23 01:05:00.855,0.95814,0.95823,1.58,1.10
2014.06.23 01:05:02.754,0.95815,0.95823,1.00,1.10
2014.06.23 01:05:07.457,0.95814,0.95823,1.10,1.00
2014.06.23 01:05:13.436,0.95816,0.95823,1.00,1.00
2014.06.23 01:05:16.415,0.95817,0.95823,1.00,1.00
2014.06.23 01:05:22.649,0.95818,0.95823,1.00,1.00
2014.06.23 01:05:23.288,0.95818,0.95824,1.00,1.50
2014.06.23 01:05:23.832,0.95817,0.95824,1.00,1.00
2014.06.23 01:05:25.174,0.95817,0.95823,1.00,1.00
2014.06.23 01:05:25.326,0.95815,0.95823,1.00,1.00
2014.06.23 01:05:25.428,0.95817,0.95823,1.00,1.00
2014.06.23 01:05:25.936,0.95819,0.95823,1.00,1.00
2014.06.23 01:05:26.505,0.95814,0.95823,1.00,1.00
2014.06.23 01:05:29.570,0.9582,0.95825,1.00,1.02
2014.06.23 01:05:29.724,0.95822,0.95826,1.10,1.00
2014.06.23 01:05:29.876,0.95822,0.95829,1.10,2.25
2014.06.23 01:05:30.388,0.95822,0.9583,1.58,1.02
2014.06.23 01:05:30.921,0.95824,0.9583,1.00,1.10
2014.06.23 01:05:32.021,0.95822,0.9583,1.10,1.10
2014.06.23 01:05:32.631,0.95823,0.9583,1.00,1.10
2014.06.23 01:05:32.872,0.95825,0.9583,1.00,1.10
2014.06.23 01:05:33.672,0.95825,0.9583,1.00,1.65
2014.06.23 01:05:34.001,0.95823,0.95829,1.00,1.08
2014.06.23 01:05:34.052,0.95823,0.95829,1.00,1.10
2014.06.23 01:05:34.632,0.95819,0.95827,1.10,1.00
2014.06.23 01:05:34.835,0.95819,0.95825,1.00,1.00
2014.06.23 01:05:35.340,0.95818,0.95824,1.00,1.00
2014.06.23 01:05:36.555,0.95818,0.95824,1.00,1.38
2014.06.23 01:05:37.059,0.95817,0.95824,1.00,2.07
2014.06.23 01:05:39.358,0.95815,0.95824,1.00,2.44
2014.06.23 01:05:39.893,0.95814,0.95824,1.00,2.44
2014.06.23 01:05:40.849,0.95814,0.95824,1.00,1.50
2014.06.23 01:05:40.900,0.95818,0.95824,1.10,1.50
2014.06.23 01:05:41.062,0.95819,0.95827,1.10,1.10
2014.06.23 01:05:41.164,0.95819,0.95829,1.10,1.95
2014.06.23 01:05:41.317,0.95819,0.95831,1.28,1.33
2014.06.23 01:05:41.840,0.95821,0.95833,1.73,2.97
2014.06.23 01:05:42.094,0.95821,0.95833,1.73,1.84
2014.06.23 01:05:42.748,0.95823,0.95833,1.10,1.84
2014.06.23 01:05:43.346,0.95822,0.95833,1.10,1.20
2014.06.23 01:05:54.078,0.95824,0.95833,1.10,1.20
2014.06.23 01:05:54.957,0.95823,0.95833,1.10,1.20
2014.06.23 01:06:04.320,0.95824,0.95833,1.10,1.39
2014.06.23 01:06:04.832,0.95823,0.95832,1.00,1.25
2014.06.23 01:06:05.358,0.95822,0.95832,1.10,1.25
2014.06.23 01:06:05.903,0.95822,0.95831,1.10,1.25
2014.06.23 01:06:06.303,0.95822,0.95829,1.10,1.00
2014.06.23 01:06:06.663,0.95824,0.95829,1.10,1.00
2014.06.23 01:06:06.720,0.95824,0.95831,1.10,1.02
2014.06.23 01:06:07.294,0.95825,0.95831,1.10,1.02
2014.06.23 01:06:08.598,0.95823,0.95831,1.10,1.10
2014.06.23 01:06:11.823,0.95822,0.95831,1.10,1.10
2014.06.23 01:06:15.785,0.95823,0.95831,1.10,1.10
2014.06.23 01:06:15.887,0.95825,0.95831,1.10,1.10
2014.06.23 01:06:16.191,0.95825,0.95833,1.58,1.00
2014.06.23 01:06:16.727,0.95825,0.95837,1.58,1.09
2014.06.23 01:06:21.366,0.95825,0.95837,1.19,1.18
2014.06.23 01:06:22.471,0.95825,0.95837,1.25,1.18
2014.06.23 01:06:24.341,0.95825,0.95835,1.25,1.10
2014.06.23 01:06:24.500,0.95824,0.95834,1.25,1.08
2014.06.23 01:06:25.006,0.95823,0.95834,1.00,1.65
2014.06.23 01:06:25.514,0.95824,0.95836,1.58,1.18
2014.06.23 01:06:26.497,0.95824,0.95836,1.77,1.18
2014.06.23 01:06:27.426,0.95824,0.95836,6.94,1.00
2014.06.23 01:06:28.096,0.95826,0.95837,1.15,1.10
2014.06.23 01:06:36.511,0.95826,0.95836,1.15,1.00
2014.06.23 01:06:47.137,0.95826,0.95837,2.40,1.10
2014.06.23 01:06:48.189,0.95826,0.95837,4.05,1.30
2014.06.23 01:06:49.345,0.95828,0.95837,1.00,1.30
2014.06.23 01:07:01.890,0.95826,0.95837,3.49,1.30
2014.06.23 01:07:03.139,0.95826,0.95837,3.34,1.28
2014.06.23 01:07:03.657,0.95826,0.95837,1.50,1.28
2014.06.23 01:07:04.292,0.95826,0.95836,1.50,5.14
2014.06.23 01:07:04.394,0.95824,0.95834,1.30,3.15
2014.06.23 01:07:04.647,0.95823,0.95832,1.10,2.52
2014.06.23 01:07:05.459,0.95821,0.95831,1.25,1.18
2014.06.23 01:07:06.012,0.9582,0.95831,1.58,3.15
2014.06.23 01:07:08.509,0.9582,0.95831,1.09,2.52
2014.06.23 01:07:09.023,0.95822,0.95833,1.50,1.15
2014.06.23 01:07:09.471,0.95819,0.95831,1.10,2.52
2014.06.23 01:07:09.522,0.95818,0.95829,1.08,1.39
2014.06.23 01:07:09.826,0.9582,0.9583,1.08,2.25
2014.06.23 01:07:09.978,0.95823,0.95832,1.10,3.08
2014.06.23 01:07:10.080,0.95823,0.95833,1.10,1.65
2014.06.23 01:07:10.535,0.95824,0.95834,2.52,1.10
2014.06.23 01:07:10.991,0.95825,0.95838,1.58,1.84
2014.06.23 01:07:11.681,0.95826,0.95837,1.00,1.18
2014.06.23 01:07:17.115,0.95826,0.95833,2.25,1.10
2014.06.23 01:07:17.896,0.95824,0.95833,3.27,1.10
2014.06.23 01:07:18.402,0.95822,0.95832,1.02,1.10
2014.06.23 01:07:18.453,0.95821,0.9583,1.77,1.10
2014.06.23 01:07:18.961,0.9582,0.95829,2.52,1.10
2014.06.23 01:07:19.850,0.9582,0.95829,1.50,1.30
2014.06.23 01:07:28.483,0.95821,0.95829,1.00,1.30
2014.06.23 01:07:31.684,0.9582,0.95826,1.02,1.10
2014.06.23 01:07:31.785,0.9582,0.95828,1.02,1.10
2014.06.23 01:07:35.276,0.9582,0.95826,1.10,1.00
2014.06.23 01:07:44.430,0.9582,0.95825,1.10,1.00
2014.06.23 01:07:46.084,0.95821,0.95825,1.00,1.00
2014.06.23 01:07:48.574,0.9582,0.95825,1.50,1.00
2014.06.23 01:07:53.772,0.9582,0.95826,1.50,1.58
2014.06.23 01:07:58.626,0.95821,0.95826,1.00,1.58
2014.06.23 01:07:59.173,0.95823,0.95827,1.00,1.10
2014.06.23 01:07:59.707,0.95818,0.95825,1.00,1.00
2014.06.23 01:07:59.960,0.95818,0.95825,1.50,1.00
2014.06.23 01:08:00.167,0.9582,0.95825,1.00,1.00
2014.06.23 01:08:03.371,0.95818,0.95823,1.00,1.00
2014.06.23 01:08:03.472,0.95818,0.95823,1.00,1.58
2014.06.23 01:08:03.574,0.95815,0.95823,1.27,1.58
2014.06.23 01:08:03.894,0.95815,0.95821,1.00,1.00
2014.06.23 01:08:04.198,0.95814,0.95819,1.00,1.00
2014.06.23 01:08:04.444,0.95812,0.95819,1.25,1.00
2014.06.23 01:08:10.146,0.95812,0.95818,1.50,1.00
2014.06.23 01:08:11.166,0.95813,0.95818,1.00,1.00
2014.06.23 01:08:11.394,0.95811,0.95818,1.50,1.00
2014.06.23 01:08:17.873,0.95812,0.95818,1.00,1.00
2014.06.23 01:08:18.407,0.95811,0.95818,1.10,1.00
2014.06.23 01:08:29.977,0.95812,0.95818,1.00,1.00
2014.06.23 01:08:44.544,0.9581,0.95818,1.69,1.00
2014.06.23 01:08:45.486,0.95808,0.95818,2.59,1.58
2014.06.23 01:08:46.014,0.9581,0.95818,1.00,1.58
2014.06.23 01:08:49.118,0.95812,0.95818,1.00,1.00
2014.06.23 01:08:49.777,0.95813,0.95818,1.00,1.00
2014.06.23 01:08:50.291,0.95814,0.95818,1.00,1.00
2014.06.23 01:08:51.867,0.95812,0.95818,1.00,1.00
2014.06.23 01:08:53.675,0.95809,0.95818,1.29,1.00
2014.06.23 01:08:59.436,0.95809,0.95818,1.02,1.00
2014.06.23 01:08:59.972,0.9581,0.95818,1.25,1.00
2014.06.23 01:09:01.232,0.95811,0.95818,1.00,1.00
2014.06.23 01:09:02.751,0.95811,0.95817,1.00,1.00
2014.06.23 01:09:06.368,0.95814,0.95818,1.25,1.00
2014.06.23 01:09:06.702,0.95817,0.95822,1.00,1.00
2014.06.23 01:09:06.753,0.95814,0.95822,1.69,1.00
2014.06.23 01:09:06.916,0.95816,0.95822,1.00,1.00
2014.06.23 01:09:07.484,0.95814,0.9582,1.00,1.00
2014.06.23 01:09:07.586,0.95812,0.9582,1.00,1.08
2014.06.23 01:09:07.755,0.95809,0.95818,1.00,1.08
2014.06.23 01:09:08.263,0.95806,0.95814,1.77,1.00
2014.06.23 01:09:15.764,0.95805,0.95814,1.69,1.00
2014.06.23 01:09:16.568,0.95806,0.95814,1.19,1.00
2014.06.23 01:09:20.604,0.95806,0.95814,1.25,1.00
2014.06.23 01:09:20.976,0.95807,0.95814,1.19,1.00
2014.06.23 01:09:23.285,0.95808,0.95814,1.19,1.00
2014.06.23 01:09:24.433,0.95807,0.95814,1.19,1.00
2014.06.23 01:09:25.095,0.95804,0.95814,3.34,1.00
2014.06.23 01:09:26.683,0.95805,0.95814,1.19,1.00
2014.06.23 01:09:27.788,0.95805,0.95814,1.19,1.00
2014.06.23 01:09:29.893,0.95804,0.95814,4.09,1.00
2014.06.23 01:09:32.501,0.95805,0.95814,1.19,1.00
2014.06.23 01:09:38.717,0.95804,0.95814,3.34,1.00
2014.06.23 01:09:39.249,0.95804,0.95814,3.34,1.00
2014.06.23 01:09:40.343,0.95804,0.95814,3.34,1.00
2014.06.23 01:09:41.944,0.95805,0.95814,1.19,1.00
2014.06.23 01:09:42.542,0.95805,0.95815,1.19,1.00
2014.06.23 01:09:43.118,0.9581,0.95815,1.00,1.00
2014.06.23 01:09:43.320,0.95807,0.95815,1.00,1.00
2014.06.23 01:09:49.146,0.95807,0.95815,1.69,1.00
2014.06.23 01:09:49.654,0.95807,0.95818,1.69,1.08
2014.06.23 01:09:49.756,0.95807,0.95818,1.77,1.00
2014.06.23 01:09:50.402,0.95808,0.95818,1.69,1.00
2014.06.23 01:09:52.993,0.95809,0.95819,1.00,1.58
2014.06.23 01:09:53.759,0.95809,0.95818,1.00,1.00
2014.06.23 01:09:54.468,0.95806,0.95817,2.40,1.00
2014.06.23 01:09:54.977,0.95807,0.95818,1.00,1.09
2014.06.23 01:09:55.079,0.95808,0.95818,1.50,1.02
2014.06.23 01:09:58.656,0.95807,0.95819,1.19,5.59
2014.06.23 01:09:59.776,0.95807,0.95816,1.00,1.10
2014.06.23 01:10:10.726,0.95807,0.95816,1.69,1.10
2014.06.23 01:10:11.704,0.95807,0.95816,1.25,1.10
2014.06.23 01:10:16.112,0.95807,0.95816,1.69,1.10
2014.06.23 01:10:19.117,0.95807,0.95816,1.69,1.10
2014.06.23 01:10:21.022,0.95808,0.95816,1.19,1.10
2014.06.23 01:10:21.867,0.95807,0.95816,1.69,1.10
2014.06.23 01:10:23.538,0.95807,0.95816,1.25,1.10
2014.06.23 01:10:23.643,0.95809,0.95816,1.00,1.10
2014.06.23 01:10:23.969,0.95806,0.95816,1.29,1.10
2014.06.23 01:10:24.530,0.95808,0.95816,1.00,1.10
2014.06.23 01:10:25.045,0.95807,0.95816,1.25,1.00
2014.06.23 01:10:25.537,0.9581,0.95816,1.00,1.00
2014.06.23 01:10:25.713,0.95807,0.95816,1.25,1.00
2014.06.23 01:10:26.263,0.95807,0.95816,1.19,1.00
2014.06.23 01:10:28.741,0.95808,0.95816,1.69,1.00
2014.06.23 01:10:31.548,0.95807,0.95816,1.19,1.00
2014.06.23 01:10:36.361,0.95808,0.95816,1.19,1.00
2014.06.23 01:10:49.196,0.95807,0.95816,1.19,1.00
2014.06.23 01:10:51.216,0.95806,0.95818,4.02,1.58
2014.06.23 01:10:52.302,0.95808,0.95818,1.19,1.58
2014.06.23 01:10:53.606,0.95806,0.95818,3.08,1.58
2014.06.23 01:10:53.708,0.95806,0.95814,3.08,1.19
2014.06.23 01:10:53.810,0.95804,0.95813,1.00,1.10
2014.06.23 01:10:53.912,0.95802,0.95812,1.25,1.02
2014.06.23 01:10:54.115,0.95801,0.9581,1.00,1.10
2014.06.23 01:10:54.217,0.958,0.95812,2.59,1.17
2014.06.23 01:10:55.130,0.95801,0.95813,1.33,1.27
2014.06.23 01:10:55.840,0.95801,0.95813,1.40,1.10
2014.06.23 01:11:06.535,0.95801,0.95813,1.25,1.18
2014.06.23 01:11:12.187,0.958,0.95813,1.77,1.18
2014.06.23 01:11:13.562,0.95801,0.95813,1.19,1.09
2014.06.23 01:11:14.612,0.95801,0.95813,1.25,1.18
2014.06.23 01:11:15.300,0.95801,0.95813,1.09,1.20
2014.06.23 01:11:16.705,0.95801,0.95813,1.02,1.09
2014.06.23 01:11:21.183,0.95801,0.95813,1.69,1.37
2014.06.23 01:11:24.089,0.95801,0.95813,1.25,1.09
2014.06.23 01:11:26.823,0.95802,0.95813,1.00,1.09
2014.06.23 01:11:30.278,0.95802,0.95813,1.02,1.00
2014.06.23 01:11:32.038,0.95803,0.95813,1.00,1.00
2014.06.23 01:11:32.928,0.95802,0.95813,1.02,1.00
2014.06.23 01:11:33.360,0.95802,0.95813,1.84,1.00
2014.06.23 01:11:38.345,0.95801,0.95813,1.37,2.40
2014.06.23 01:11:40.947,0.95801,0.95813,1.02,2.59
2014.06.23 01:11:52.162,0.95801,0.95813,1.29,3.34
2014.06.23 01:11:53.368,0.95801,0.95813,1.02,2.59
2014.06.23 01:11:53.419,0.95801,0.95811,1.02,1.10
2014.06.23 01:11:53.926,0.95801,0.95811,1.00,1.69
2014.06.23 01:11:54.589,0.95801,0.95811,1.00,1.00
2014.06.23 01:11:58.020,0.95801,0.95811,1.00,1.19
2014.06.23 01:11:59.784,0.95801,0.95811,1.00,1.25
2014.06.23 01:12:00.335,0.95803,0.95811,1.19,1.00
2014.06.23 01:12:00.543,0.95802,0.95814,3.27,1.25
2014.06.23 01:12:06.107,0.95805,0.95814,1.10,1.19
2014.06.23 01:12:13.357,0.95804,0.95814,1.65,1.00
2014.06.23 01:12:13.560,0.95806,0.95816,1.10,1.50
2014.06.23 01:12:14.079,0.95806,0.95817,1.10,2.59
2014.06.23 01:12:15.321,0.95806,0.95817,1.58,1.84
2014.06.23 01:12:17.125,0.95806,0.95817,1.58,1.84
2014.06.23 01:12:17.671,0.95806,0.95816,1.10,1.00
2014.06.23 01:12:17.975,0.95806,0.95815,1.10,1.29
2014.06.23 01:12:18.076,0.95803,0.95814,2.59,1.25
2014.06.23 01:12:18.584,0.95805,0.95813,1.10,1.00
2014.06.23 01:12:18.837,0.95803,0.95813,1.00,1.50
2014.06.23 01:12:19.343,0.95801,0.95813,2.59,1.69
2014.06.23 01:12:20.042,0.95801,0.95813,1.02,2.52
2014.06.23 01:12:20.138,0.95801,0.95813,1.02,3.27
2014.06.23 01:12:22.543,0.95801,0.95813,1.02,1.77
2014.06.23 01:12:23.210,0.95801,0.95812,1.02,1.00
2014.06.23 01:12:23.718,0.95801,0.95812,1.77,1.25
2014.06.23 01:12:27.357,0.95801,0.95812,1.10,1.25
2014.06.23 01:12:35.892,0.95802,0.95813,1.10,1.77
2014.06.23 01:12:36.545,0.95802,0.95813,1.65,2.59
2014.06.23 01:12:37.206,0.95802,0.95813,1.65,2.59
2014.06.23 01:12:38.359,0.95805,0.95813,1.00,2.59
2014.06.23 01:12:40.449,0.95803,0.95813,1.10,2.59
2014.06.23 01:12:47.197,0.95801,0.95813,3.34,1.77
2014.06.23 01:12:49.201,0.95801,0.95813,2.59,1.77
2014.06.23 01:12:56.224,0.95801,0.95813,3.34,2.59
2014.06.23 01:12:57.732,0.95804,0.95813,1.00,2.59
2014.06.23 01:13:00.248,0.95801,0.95812,1.40,1.19
2014.06.23 01:13:02.044,0.95802,0.95812,1.09,1.25
2014.06.23 01:13:04.853,0.95804,0.95812,1.00,1.25
2014.06.23 01:13:09.352,0.95804,0.95812,1.00,1.19
2014.06.23 01:13:12.004,0.95804,0.95812,1.00,1.25
2014.06.23 01:13:16.169,0.95804,0.95813,1.00,1.84
2014.06.23 01:13:20.028,0.95804,0.95813,1.00,1.84
2014.06.23 01:13:24.776,0.95804,0.95813,1.00,2.67
2014.06.23 01:13:28.191,0.958,0.95812,1.27,1.08
2014.06.23 01:13:33.798,0.958,0.95812,4.69,1.19
2014.06.23 01:13:34.000,0.95801,0.95813,1.84,2.97
2014.06.23 01:13:34.153,0.95803,0.95813,1.08,1.02
2014.06.23 01:13:34.406,0.95803,0.95813,1.10,1.10
2014.06.23 01:13:35.374,0.95802,0.95813,1.92,1.10
2014.06.23 01:13:40.876,0.95802,0.95813,2.40,1.02
2014.06.23 01:13:45.934,0.95802,0.95813,1.65,1.77
2014.06.23 01:13:51.547,0.95803,0.95813,1.10,1.77
2014.06.23 01:13:57.577,0.95806,0.95813,1.00,1.29
2014.06.23 01:13:57.678,0.95803,0.95813,1.10,1.29
2014.06.23 01:13:57.780,0.95804,0.95813,1.15,1.10
2014.06.23 01:13:57.881,0.95804,0.95813,1.58,1.10
2014.06.23 01:14:00.989,0.95804,0.95814,1.29,1.10
2014.06.23 01:14:01.040,0.95805,0.95814,2.44,1.00
2014.06.23 01:14:01.294,0.95808,0.95818,2.40,1.25
2014.06.23 01:14:01.395,0.95811,0.95818,1.00,1.00
2014.06.23 01:14:01.699,0.95813,0.95819,1.00,1.02
2014.06.23 01:14:03.170,0.95813,0.9582,1.00,1.02
2014.06.23 01:14:03.676,0.95814,0.95821,1.00,1.10
2014.06.23 01:14:04.033,0.95816,0.95822,1.00,1.02
2014.06.23 01:14:04.248,0.95814,0.95822,1.00,1.77
2014.06.23 01:14:04.763,0.95815,0.95822,1.00,1.25
2014.06.23 01:14:06.009,0.95817,0.95822,1.00,1.00
2014.06.23 01:14:09.247,0.95816,0.95822,1.00,1.25
2014.06.23 01:14:09.652,0.95818,0.95823,1.00,1.10
2014.06.23 01:14:10.412,0.95815,0.95822,1.00,1.00
2014.06.23 01:14:20.883,0.95816,0.95822,1.00,1.00
2014.06.23 01:14:21.082,0.95814,0.95822,1.00,1.00
2014.06.23 01:14:21.309,0.95817,0.95822,1.00,1.00
2014.06.23 01:14:21.540,0.95815,0.95822,1.00,1.00
2014.06.23 01:14:22.068,0.95816,0.95822,1.00,1.00
2014.06.23 01:14:26.480,0.95814,0.95822,1.00,1.00
2014.06.23 01:14:27.013,0.95815,0.95822,1.00,1.00
2014.06.23 01:14:27.721,0.95814,0.95822,1.00,1.00
2014.06.23 01:14:29.056,0.95814,0.95824,1.00,1.10
2014.06.23 01:14:29.159,0.95819,0.95824,1.00,1.10
2014.06.23 01:14:29.361,0.95818,0.95826,1.10,1.50
2014.06.23 01:14:29.869,0.95817,0.95827,1.00,1.25
2014.06.23 01:14:29.970,0.95817,0.95827,1.00,1.09
2014.06.23 01:14:30.021,0.95814,0.95827,3.27,1.09
2014.06.23 01:14:33.617,0.95817,0.95827,1.00,1.09
2014.06.23 01:14:33.854,0.95815,0.95827,1.10,1.09
2014.06.23 01:14:35.388,0.95815,0.95825,1.00,1.27
2014.06.23 01:14:36.775,0.95815,0.95824,1.00,1.29
2014.06.23 01:14:38.409,0.95815,0.95824,1.00,1.10
2014.06.23 01:14:38.916,0.95814,0.95824,1.10,1.10
2014.06.23 01:14:39.575,0.95815,0.95824,1.00,1.02
2014.06.23 01:14:40.081,0.95814,0.95824,1.10,1.02
2014.06.23 01:14:40.588,0.95814,0.95824,1.10,1.77
2014.06.23 01:14:41.216,0.95814,0.95824,1.00,1.84
2014.06.23 01:14:41.445,0.95812,0.95824,2.59,1.84
2014.06.23 01:14:42.436,0.95812,0.95824,2.40,1.39
2014.06.23 01:14:44.513,0.95812,0.95823,2.40,1.19
2014.06.23 01:14:45.307,0.95813,0.95823,1.00,1.19
2014.06.23 01:14:45.797,0.95813,0.95824,1.00,1.09
2014.06.23 01:14:46.597,0.95812,0.95824,2.40,1.09
2014.06.23 01:14:46.648,0.95812,0.95822,2.40,1.19
2014.06.23 01:14:48.735,0.95812,0.95823,2.40,1.02
2014.06.23 01:14:50.410,0.95812,0.95823,2.40,1.77
2014.06.23 01:14:52.015,0.95812,0.95823,2.40,1.02
2014.06.23 01:14:53.021,0.95812,0.95823,2.59,1.19
2014.06.23 01:14:53.730,0.95813,0.95823,1.00,1.19
2014.06.23 01:14:54.239,0.95814,0.95823,1.00,1.19
2014.06.23 01:14:54.878,0.95814,0.95824,1.00,1.39
2014.06.23 01:14:55.816,0.95812,0.95824,1.20,1.39
2014.06.23 01:14:56.405,0.95812,0.95823,1.09,1.19
2014.06.23 01:14:57.240,0.95812,0.95824,1.20,1.39
2014.06.23 01:15:00.436,0.95813,0.95824,1.00,1.39
2014.06.23 01:15:06.264,0.95813,0.95824,1.08,1.39
2014.06.23 01:15:07.187,0.95813,0.95824,1.08,1.02
2014.06.23 01:15:07.975,0.95813,0.95824,1.33,1.29
2014.06.23 01:15:13.190,0.95813,0.95824,1.58,1.02
2014.06.23 01:15:23.528,0.95813,0.95824,2.40,1.18
2014.06.23 01:15:36.162,0.95817,0.95825,1.10,2.40
2014.06.23 01:15:36.314,0.95817,0.95825,1.10,2.25
2014.06.23 01:15:36.416,0.95819,0.95825,1.00,2.25
2014.06.23 01:15:36.518,0.95821,0.95829,1.10,1.58
2014.06.23 01:15:36.721,0.95823,0.95829,1.10,1.00
2014.06.23 01:15:36.924,0.95823,0.95831,1.10,1.58
2014.06.23 01:15:36.975,0.95821,0.95831,1.58,1.00
2014.06.23 01:15:37.510,0.95822,0.95831,1.10,1.50
2014.06.23 01:15:38.034,0.95822,0.95832,1.10,1.58
2014.06.23 01:15:41.330,0.95825,0.95832,1.10,1.10
2014.06.23 01:15:42.730,0.95823,0.95832,1.10,1.10
2014.06.23 01:15:43.749,0.95824,0.95832,1.10,1.10
2014.06.23 01:15:43.851,0.95824,0.95834,1.65,1.58
2014.06.23 01:15:43.902,0.95824,0.95834,3.83,1.00
2014.06.23 01:15:44.004,0.95826,0.95836,1.65,1.00
2014.06.23 01:15:44.257,0.95829,0.95837,1.00,1.00
2014.06.23 01:15:44.575,0.9583,0.95839,1.00,2.40
2014.06.23 01:15:44.676,0.95828,0.95839,2.33,2.40
2014.06.23 01:15:45.789,0.95829,0.95839,1.00,1.20
2014.06.23 01:15:46.317,0.95828,0.95839,1.77,1.39
2014.06.23 01:15:47.323,0.95829,0.95839,1.00,1.39
2014.06.23 01:15:47.882,0.95828,0.95838,1.08,2.07
2014.06.23 01:15:47.983,0.95825,0.95833,1.00,1.20
2014.06.23 01:15:48.034,0.95823,0.95832,2.25,1.19
2014.06.23 01:15:48.338,0.95826,0.95834,1.84,1.00
2014.06.23 01:15:48.389,0.95827,0.95836,1.10,1.00
2014.06.23 01:15:48.542,0.95827,0.95836,2.33,1.00
2014.06.23 01:15:50.561,0.95829,0.95837,1.15,1.25
2014.06.23 01:15:51.083,0.95829,0.95838,1.15,1.00
2014.06.23 01:15:52.594,0.95829,0.95838,1.15,2.29
2014.06.23 01:15:52.901,0.95827,0.95836,2.25,3.08
2014.06.23 01:15:53.003,0.95828,0.95836,1.00,2.33
2014.06.23 01:15:53.206,0.9583,0.95836,1.10,1.00
2014.06.23 01:15:53.725,0.9583,0.95836,1.18,1.00
2014.06.23 01:15:54.270,0.9583,0.95836,1.10,1.00
2014.06.23 01:15:57.562,0.95828,0.95836,1.15,1.38
2014.06.23 01:15:57.722,0.95827,0.95836,1.10,3.19
2014.06.23 01:15:58.078,0.95827,0.95834,1.09,1.00
2014.06.23 01:15:58.282,0.95828,0.95837,1.18,1.50
2014.06.23 01:16:01.037,0.95828,0.95837,3.08,1.50
2014.06.23 01:16:01.138,0.95828,0.95839,3.08,1.69
2014.06.23 01:16:02.707,0.95831,0.95839,1.08,1.00
2014.06.23 01:16:03.256,0.95831,0.9584,1.15,1.25
2014.06.23 01:16:04.990,0.95832,0.9584,2.33,1.00
2014.06.23 01:16:05.104,0.95833,0.95842,3.27,1.00
2014.06.23 01:16:05.307,0.95836,0.95845,1.18,1.00
2014.06.23 01:16:05.661,0.95838,0.95846,2.25,1.00
2014.06.23 01:16:06.208,0.95839,0.95847,1.15,1.00
2014.06.23 01:16:08.639,0.95839,0.95847,1.10,1.00
2014.06.23 01:16:10.428,0.95838,0.95847,1.00,1.00
2014.06.23 01:16:11.117,0.95838,0.95848,1.00,1.25
2014.06.23 01:16:11.838,0.95838,0.95849,1.25,1.02
2014.06.23 01:16:14.517,0.95838,0.95849,3.08,1.25
2014.06.23 01:16:15.037,0.95841,0.9585,1.10,1.00
2014.06.23 01:16:23.199,0.95839,0.9585,3.19,1.77
2014.06.23 01:16:26.208,0.9584,0.9585,1.19,1.10
2014.06.23 01:16:27.482,0.95839,0.9585,3.27,1.50
2014.06.23 01:16:28.372,0.95842,0.9585,1.10,1.00
2014.06.23 01:16:29.003,0.9584,0.9585,1.19,1.18
2014.06.23 01:16:29.336,0.95839,0.9585,1.10,1.09
2014.06.23 01:16:31.747,0.95838,0.95848,1.84,1.00
2014.06.23 01:16:32.812,0.95839,0.95848,1.33,1.00
2014.06.23 01:16:34.280,0.95838,0.95848,1.09,1.00
2014.06.23 01:16:34.872,0.95838,0.9585,1.09,1.25
2014.06.23 01:16:35.147,0.95838,0.9585,1.20,1.77
2014.06.23 01:16:35.558,0.95836,0.95847,2.59,1.19
2014.06.23 01:16:35.661,0.95836,0.95846,2.44,1.25
2014.06.23 01:16:35.915,0.95834,0.95845,1.20,1.25
2014.06.23 01:16:36.422,0.95833,0.95845,5.67,1.00
2014.06.23 01:16:37.354,0.95835,0.95845,1.49,1.00
2014.06.23 01:16:37.456,0.95835,0.95848,1.92,1.69
2014.06.23 01:16:38.249,0.95836,0.95847,2.22,1.00
2014.06.23 01:16:42.268,0.95836,0.95848,3.34,1.00
2014.06.23 01:16:45.161,0.95837,0.95848,1.29,1.00
2014.06.23 01:16:46.061,0.95837,0.95849,1.77,1.77
2014.06.23 01:16:46.567,0.95839,0.9585,1.33,1.10
2014.06.23 01:17:02.298,0.95839,0.9585,1.08,1.29
2014.06.23 01:17:03.989,0.95839,0.95849,1.08,1.19
2014.06.23 01:17:05.894,0.95839,0.95849,1.08,1.19
2014.06.23 01:17:11.310,0.95839,0.95851,1.08,3.27
2014.06.23 01:17:11.913,0.95839,0.95849,1.08,1.00
2014.06.23 01:17:15.386,0.95839,0.9585,1.08,1.02
2014.06.23 01:17:15.901,0.95839,0.9585,1.00,1.29
2014.06.23 01:17:16.428,0.95839,0.9585,1.00,1.02
2014.06.23 01:17:19.556,0.95839,0.9585,1.00,3.27
2014.06.23 01:17:21.416,0.95836,0.9585,3.34,4.17
2014.06.23 01:17:31.660,0.95838,0.9585,1.77,3.79
2014.06.23 01:17:33.878,0.95838,0.9585,1.84,2.14
2014.06.23 01:17:35.316,0.95839,0.95851,1.50,3.72
2014.06.23 01:17:36.017,0.9584,0.95849,1.25,1.10
2014.06.23 01:17:37.476,0.9584,0.95849,1.19,1.10
2014.06.23 01:17:38.196,0.9584,0.95849,1.25,1.10
2014.06.23 01:17:38.298,0.95838,0.95849,1.69,1.10
2014.06.23 01:17:38.451,0.95838,0.95847,1.02,1.00
2014.06.23 01:17:43.295,0.95837,0.95848,1.27,1.10
2014.06.23 01:17:46.492,0.95837,0.95848,2.52,1.10
2014.06.23 01:17:49.318,0.95837,0.95848,1.77,1.02
2014.06.23 01:17:50.307,0.95837,0.95848,1.25,1.10
2014.06.23 01:17:54.111,0.95837,0.95848,1.19,1.10
2014.06.23 01:17:55.131,0.95836,0.95848,3.34,1.29
2014.06.23 01:17:56.118,0.95837,0.95848,1.19,1.02
2014.06.23 01:18:01.631,0.95836,0.95848,3.34,1.02
2014.06.23 01:18:03.038,0.95836,0.95848,3.15,1.77
2014.06.23 01:18:06.243,0.95836,0.95849,4.09,2.67
2014.06.23 01:18:06.926,0.95836,0.95847,3.27,1.10
2014.06.23 01:18:06.977,0.95836,0.95846,3.00,2.52
2014.06.23 01:18:07.180,0.95834,0.95845,2.25,1.92
2014.06.23 01:18:07.535,0.95832,0.95842,2.44,1.00
2014.06.23 01:18:11.160,0.95832,0.95844,1.29,1.29
2014.06.23 01:18:11.477,0.95831,0.95842,3.15,1.39
2014.06.23 01:18:11.781,0.95831,0.95839,1.08,1.25
2014.06.23 01:18:12.267,0.95831,0.95841,1.10,1.09
2014.06.23 01:18:12.833,0.95832,0.95841,1.00,1.09
2014.06.23 01:18:15.104,0.95831,0.95841,1.58,1.09
2014.06.23 01:18:17.885,0.95833,0.95841,1.00,1.20
2014.06.23 01:18:23.587,0.95834,0.95843,1.00,1.29
2014.06.23 01:18:23.688,0.95834,0.95844,1.00,1.09
2014.06.23 01:18:23.891,0.95838,0.95845,1.10,1.50
2014.06.23 01:18:24.205,0.95836,0.95843,1.10,1.00
2014.06.23 01:18:34.365,0.95837,0.95843,1.10,1.20
2014.06.23 01:18:34.719,0.95837,0.95847,1.20,1.10
2014.06.23 01:18:35.253,0.95838,0.95848,1.10,1.00
2014.06.23 01:18:36.807,0.95837,0.95849,2.59,3.27
2014.06.23 01:18:37.418,0.95837,0.95849,1.84,2.33
2014.06.23 01:18:40.956,0.95838,0.95849,2.33,1.00
2014.06.23 01:18:42.138,0.95839,0.95849,1.02,1.25
2014.06.23 01:18:43.087,0.95839,0.95849,1.25,1.33
2014.06.23 01:18:43.689,0.9584,0.95849,1.00,1.18
2014.06.23 01:18:46.335,0.9584,0.95849,1.00,1.00
2014.06.23 01:18:47.039,0.95839,0.95849,1.00,1.00
2014.06.23 01:18:52.265,0.95839,0.95849,1.19,1.00
2014.06.23 01:18:57.722,0.95839,0.95849,1.10,1.00
2014.06.23 01:19:04.561,0.95837,0.95849,3.42,1.09
2014.06.23 01:19:08.089,0.95837,0.95849,2.67,1.50
2014.06.23 01:19:12.867,0.95837,0.95849,1.92,1.20
2014.06.23 01:19:14.388,0.95839,0.95849,1.10,1.00
2014.06.23 01:19:18.222,0.9584,0.95849,1.18,1.00
2014.06.23 01:19:18.425,0.9584,0.95852,1.18,1.77
2014.06.23 01:19:23.124,0.9584,0.95852,1.84,1.27
2014.06.23 01:19:24.752,0.95839,0.95852,2.52,1.84
2014.06.23 01:19:25.450,0.95839,0.95852,1.84,1.84
2014.06.23 01:19:25.958,0.9584,0.95852,1.20,1.39
2014.06.23 01:19:26.868,0.9584,0.95852,1.09,1.09
2014.06.23 01:19:33.580,0.95842,0.95852,1.00,1.09
2014.06.23 01:19:34.977,0.95842,0.95852,1.10,1.29
2014.06.23 01:19:36.030,0.95841,0.95852,1.08,1.02
2014.06.23 01:19:36.804,0.95841,0.95852,1.33,1.77
2014.06.23 01:19:39.521,0.95841,0.95853,1.08,1.77
2014.06.23 01:19:43.101,0.95841,0.95852,1.08,1.29
2014.06.23 01:19:44.242,0.95841,0.95853,1.08,1.77
2014.06.23 01:19:54.608,0.95843,0.95853,1.00,2.52
2014.06.23 01:20:07.166,0.95843,0.95853,1.00,3.27
2014.06.23 01:20:09.891,0.95843,0.95853,1.00,3.27
2014.06.23 01:20:13.983,0.95843,0.95852,1.00,1.29
2014.06.23 01:20:14.441,0.95841,0.9585,1.50,2.25
2014.06.23 01:20:14.599,0.95839,0.95849,1.00,4.02
2014.06.23 01:20:14.751,0.95838,0.95846,1.10,2.33
2014.06.23 01:20:15.291,0.95839,0.95846,1.00,2.33
2014.06.23 01:20:15.393,0.95838,0.95847,1.58,1.15
2014.06.23 01:20:18.475,0.95836,0.95845,1.58,1.10
2014.06.23 01:20:18.526,0.95836,0.95845,1.58,3.27
2014.06.23 01:20:19.083,0.95835,0.95844,1.10,1.15
2014.06.23 01:20:34.647,0.95833,0.95842,1.10,1.02
2014.06.23 01:20:36.155,0.95836,0.95843,1.10,1.18
2014.06.23 01:20:36.257,0.95834,0.95844,1.10,1.84
2014.06.23 01:20:36.804,0.95834,0.95844,1.77,1.77
2014.06.23 01:20:39.750,0.95834,0.95844,1.58,1.65
2014.06.23 01:20:45.803,0.95834,0.9584,1.00,1.08
2014.06.23 01:20:45.855,0.95832,0.95839,1.00,1.35
2014.06.23 01:20:45.906,0.95832,0.95837,1.00,1.19
2014.06.23 01:20:45.957,0.95828,0.95837,2.25,1.34
2014.06.23 01:20:46.211,0.95826,0.95836,1.50,2.97
2014.06.23 01:20:46.313,0.95824,0.95835,2.44,1.37
2014.06.23 01:20:46.515,0.95826,0.95836,1.00,3.72
2014.06.23 01:20:47.058,0.95825,0.95836,1.00,2.97
2014.06.23 01:20:49.165,0.95826,0.95836,1.00,2.14
2014.06.23 01:20:49.368,0.95826,0.95837,1.10,3.27
2014.06.23 01:20:51.335,0.95826,0.95836,1.00,1.47
2014.06.23 01:20:51.436,0.95824,0.95835,1.10,1.69
2014.06.23 01:20:52.851,0.95822,0.95835,3.15,1.84
2014.06.23 01:20:53.533,0.95822,0.95835,3.23,1.77
2014.06.23 01:20:57.526,0.95823,0.95834,1.08,1.19
2014.06.23 01:20:59.586,0.95825,0.95836,1.10,3.27
2014.06.23 01:20:59.839,0.95828,0.95836,1.10,1.69
2014.06.23 01:21:00.144,0.95832,0.95837,1.10,1.00
2014.06.23 01:21:00.296,0.95832,0.95842,1.20,1.19
2014.06.23 01:21:01.257,0.95832,0.95842,1.20,1.02
2014.06.23 01:21:12.247,0.95832,0.95843,1.28,1.69
2014.06.23 01:21:16.416,0.95832,0.95842,1.73,1.19
2014.06.23 01:21:17.918,0.95832,0.95843,1.28,1.19
2014.06.23 01:21:21.545,0.95832,0.95843,4.09,1.00
2014.06.23 01:21:22.159,0.95832,0.95844,4.09,1.69
2014.06.23 01:21:26.221,0.95832,0.95845,1.65,4.47
2014.06.23 01:21:26.728,0.95833,0.95843,1.00,1.25
2014.06.23 01:21:27.280,0.95833,0.95843,1.15,1.25
2014.06.23 01:21:28.179,0.95833,0.95844,1.15,1.25
2014.06.23 01:21:29.416,0.95833,0.95844,1.15,1.25
2014.06.23 01:21:31.175,0.95833,0.95844,1.40,1.19
2014.06.23 01:21:34.431,0.95833,0.95845,1.65,1.19
2014.06.23 01:21:41.683,0.95834,0.95846,1.18,3.19
2014.06.23 01:21:48.087,0.95834,0.95845,1.18,1.19
2014.06.23 01:21:48.983,0.95834,0.95846,1.18,1.69
2014.06.23 01:21:51.769,0.95834,0.95845,1.18,1.19
2014.06.23 01:21:52.867,0.95833,0.95845,1.92,1.19
2014.06.23 01:21:54.745,0.95833,0.95843,1.09,1.25
2014.06.23 01:21:55.610,0.95833,0.95843,1.28,1.25
2014.06.23 01:22:05.502,0.95832,0.95843,2.29,1.00
2014.06.23 01:22:06.074,0.95832,0.95843,1.92,1.69
2014.06.23 01:22:10.421,0.95834,0.95843,1.10,1.19
2014.06.23 01:22:10.990,0.95834,0.95843,1.10,1.00
2014.06.23 01:22:16.203,0.95834,0.95844,1.10,1.50
2014.06.23 01:22:16.861,0.95834,0.95845,1.10,1.84
2014.06.23 01:22:21.842,0.95834,0.95845,1.02,2.59
2014.06.23 01:22:25.051,0.95834,0.95845,1.58,1.84
2014.06.23 01:22:29.659,0.95834,0.95845,1.58,1.84
2014.06.23 01:22:35.551,0.95833,0.95845,1.65,1.84
2014.06.23 01:22:37.382,0.95833,0.95844,1.20,1.69
2014.06.23 01:22:39.432,0.95832,0.95842,2.40,1.25
2014.06.23 01:22:43.331,0.95832,0.95842,2.67,1.25
2014.06.23 01:22:49.113,0.95832,0.95842,2.48,1.69
2014.06.23 01:22:51.919,0.95832,0.95842,2.48,1.25
2014.06.23 01:23:01.272,0.95832,0.95843,1.65,1.25
2014.06.23 01:23:05.073,0.95832,0.95843,1.65,1.69
2014.06.23 01:23:05.871,0.95832,0.95843,1.58,1.84
2014.06.23 01:23:07.172,0.95832,0.95843,1.58,1.09
2014.06.23 01:23:10.567,0.95832,0.95841,1.77,1.00
2014.06.23 01:23:10.872,0.9583,0.95839,1.10,1.77
2014.06.23 01:23:10.924,0.95827,0.95838,1.00,1.77
2014.06.23 01:23:11.177,0.95827,0.95837,1.00,1.39
2014.06.23 01:23:11.556,0.95825,0.95837,2.67,1.84
2014.06.23 01:23:11.983,0.95825,0.95837,2.67,1.09
2014.06.23 01:23:16.537,0.95827,0.95837,1.10,1.09
2014.06.23 01:23:18.281,0.95827,0.95838,1.39,1.84
2014.06.23 01:23:20.009,0.95827,0.95838,1.20,1.84
2014.06.23 01:23:20.473,0.95825,0.95836,1.20,1.09
2014.06.23 01:23:20.992,0.95825,0.95835,1.00,1.19
2014.06.23 01:23:21.498,0.95824,0.95836,1.10,1.29
2014.06.23 01:23:22.529,0.95824,0.95835,1.18,1.19
2014.06.23 01:23:23.096,0.95824,0.95836,1.18,1.19
2014.06.23 01:23:26.559,0.95824,0.95837,1.65,2.59
2014.06.23 01:23:32.019,0.95824,0.95836,1.73,1.19
2014.06.23 01:23:34.224,0.95824,0.95837,1.73,2.59
2014.06.23 01:23:44.017,0.95824,0.95837,1.73,2.59
2014.06.23 01:23:45.022,0.95825,0.95837,1.20,1.65
2014.06.23 01:23:45.124,0.95829,0.95838,1.10,1.65
2014.06.23 01:23:45.327,0.95831,0.9584,1.65,1.00
2014.06.23 01:23:45.849,0.95831,0.95841,3.15,1.00
2014.06.23 01:23:47.383,0.95831,0.95842,2.40,1.25
2014.06.23 01:23:48.583,0.95831,0.95843,3.15,1.77
2014.06.23 01:23:49.478,0.95831,0.95843,3.15,1.77
2014.06.23 01:23:51.631,0.95831,0.95843,2.48,1.29
2014.06.23 01:23:55.261,0.95831,0.95843,3.98,1.25
2014.06.23 01:23:58.084,0.95833,0.95843,1.00,1.00
2014.06.23 01:23:58.135,0.95835,0.95843,1.10,1.00
2014.06.23 01:23:58.678,0.95835,0.95846,2.25,1.29
2014.06.23 01:23:59.229,0.95836,0.95846,1.00,1.19
2014.06.23 01:24:00.013,0.95836,0.95847,1.00,2.52
2014.06.23 01:24:00.558,0.95836,0.95847,1.00,1.29
2014.06.23 01:24:01.163,0.95838,0.95847,1.00,1.29
2014.06.23 01:24:01.693,0.95838,0.95848,1.00,3.79
2014.06.23 01:24:02.377,0.95838,0.95848,1.00,4.54
2014.06.23 01:24:04.522,0.95838,0.95845,1.00,1.29
2014.06.23 01:24:04.573,0.95836,0.95843,1.00,1.00
2014.06.23 01:24:05.193,0.95835,0.95843,1.00,1.25
2014.06.23 01:24:06.438,0.95835,0.95845,1.00,1.69
2014.06.23 01:24:09.701,0.95835,0.95843,1.00,1.00
2014.06.23 01:24:10.728,0.95833,0.95843,1.15,1.00
2014.06.23 01:24:11.236,0.95833,0.95845,1.15,2.52
2014.06.23 01:24:11.768,0.95833,0.95843,1.15,1.25
2014.06.23 01:24:12.823,0.95835,0.95845,1.00,1.69
2014.06.23 01:24:13.330,0.95834,0.95845,1.20,1.19
2014.06.23 01:24:13.850,0.95835,0.95845,1.00,1.69
2014.06.23 01:24:16.766,0.95835,0.95845,1.00,1.69
2014.06.23 01:24:17.881,0.95835,0.95845,1.00,1.69
2014.06.23 01:24:24.544,0.95835,0.95845,1.25,1.69
2014.06.23 01:24:34.464,0.95835,0.95845,1.00,1.69
2014.06.23 01:24:35.006,0.95835,0.95844,1.00,1.19
2014.06.23 01:24:35.667,0.95835,0.95844,1.00,1.00
2014.06.23 01:24:35.770,0.95835,0.95842,1.00,1.00
2014.06.23 01:24:36.300,0.95835,0.95843,1.00,1.25
2014.06.23 01:24:39.488,0.95835,0.95845,1.00,1.37
2014.06.23 01:24:47.408,0.95835,0.95845,1.00,2.59
2014.06.23 01:24:48.924,0.95835,0.95845,1.00,1.65
2014.06.23 01:24:50.429,0.95836,0.95845,1.00,1.18
2014.06.23 01:24:50.530,0.95837,0.95847,1.00,1.29
2014.06.23 01:24:51.100,0.95837,0.95846,1.00,1.77
2014.06.23 01:24:51.622,0.95837,0.95847,1.58,2.52
2014.06.23 01:24:51.878,0.95838,0.95847,1.33,1.50
2014.06.23 01:24:52.032,0.9584,0.95851,2.52,2.22
2014.06.23 01:24:52.235,0.95844,0.95852,1.00,2.14
2014.06.23 01:24:54.221,0.95844,0.95852,1.00,2.07
2014.06.23 01:24:55.626,0.95844,0.95852,1.00,2.07
2014.06.23 01:24:59.969,0.95844,0.95852,1.00,1.69
2014.06.23 01:25:02.201,0.95844,0.95851,1.00,1.00
2014.06.23 01:25:02.724,0.95844,0.95852,1.00,1.77
2014.06.23 01:25:05.356,0.95844,0.95852,1.00,1.77
2014.06.23 01:25:07.078,0.95844,0.95852,1.00,1.77
2014.06.23 01:25:09.606,0.95844,0.95852,1.00,1.77
2014.06.23 01:25:10.294,0.95844,0.95852,1.00,2.89
2014.06.23 01:25:22.098,0.95844,0.95852,1.00,2.14
2014.06.23 01:25:23.101,0.95844,0.95852,1.00,1.39
2014.06.23 01:25:31.520,0.95844,0.95852,1.00,1.10
2014.06.23 01:25:41.847,0.95844,0.95852,1.00,1.29
2014.06.23 01:25:42.455,0.95844,0.95852,1.00,1.10
2014.06.23 01:25:46.848,0.95844,0.95853,1.00,2.97
2014.06.23 01:25:52.262,0.95842,0.95852,1.25,1.47
2014.06.23 01:25:52.769,0.95842,0.95852,1.02,1.02
2014.06.23 01:25:53.093,0.95844,0.95852,1.00,1.02
2014.06.23 01:25:55.408,0.95842,0.95853,1.02,2.59
2014.06.23 01:25:57.713,0.95843,0.95853,1.00,2.59
2014.06.23 01:25:58.222,0.95842,0.95853,1.02,2.59
2014.06.23 01:26:02.933,0.95841,0.95853,3.42,2.82
2014.06.23 01:26:05.144,0.95845,0.95853,1.00,1.00
2014.06.23 01:26:11.147,0.95845,0.95853,1.00,1.19
2014.06.23 01:26:12.273,0.95845,0.95853,1.00,1.00
2014.06.23 01:26:21.071,0.95849,0.95854,1.00,1.02
2014.06.23 01:26:21.658,0.9585,0.95854,1.00,1.02
2014.06.23 01:26:26.813,0.95847,0.95854,1.00,1.00
2014.06.23 01:26:26.864,0.95851,0.95855,1.00,1.00
2014.06.23 01:26:26.966,0.95849,0.95855,1.00,1.00
2014.06.23 01:26:27.017,0.95854,0.95858,1.10,1.00
2014.06.23 01:26:27.068,0.95854,0.9586,1.10,2.18
2014.06.23 01:26:27.271,0.95856,0.9586,1.00,2.18
2014.06.23 01:26:27.373,0.95854,0.95862,1.10,2.25
2014.06.23 01:26:27.475,0.95858,0.95863,1.00,1.00
2014.06.23 01:26:27.577,0.9586,0.95865,1.10,1.00
2014.06.23 01:26:27.628,0.9586,0.95866,1.10,1.00
2014.06.23 01:26:27.680,0.95864,0.95868,1.20,1.00
2014.06.23 01:26:27.731,0.95864,0.9587,1.20,1.00
2014.06.23 01:26:27.782,0.95866,0.9587,1.00,1.00
2014.06.23 01:26:27.833,0.95866,0.95872,1.00,1.50
2014.06.23 01:26:28.088,0.95866,0.95874,1.00,1.02
2014.06.23 01:26:28.240,0.95869,0.95874,1.58,1.50
2014.06.23 01:26:28.646,0.95872,0.95877,1.10,1.37
2014.06.23 01:26:28.748,0.95869,0.95876,1.10,1.10
2014.06.23 01:26:28.951,0.95873,0.95879,1.10,1.00
2014.06.23 01:26:29.054,0.95872,0.95877,1.10,1.65
2014.06.23 01:26:29.560,0.95871,0.95877,1.10,1.65
2014.06.23 01:26:31.810,0.95868,0.95877,1.10,1.84
2014.06.23 01:26:31.963,0.95867,0.95874,1.10,1.00
2014.06.23 01:26:32.218,0.95865,0.95873,1.10,1.58
2014.06.23 01:26:33.062,0.95864,0.95874,1.10,1.58
2014.06.23 01:26:35.000,0.95864,0.95872,1.10,1.00
2014.06.23 01:26:35.552,0.95864,0.95873,1.10,1.02
2014.06.23 01:26:46.703,0.95864,0.95875,1.20,1.69
2014.06.23 01:26:47.007,0.95864,0.95875,1.09,1.50
2014.06.23 01:26:47.522,0.95865,0.95876,1.58,1.10
2014.06.23 01:26:48.539,0.95865,0.95876,2.40,1.00
2014.06.23 01:26:49.091,0.95865,0.95875,2.40,1.00
2014.06.23 01:26:49.841,0.95865,0.95874,2.59,1.00
2014.06.23 01:26:50.044,0.95865,0.95874,2.33,1.25
2014.06.23 01:26:51.763,0.95865,0.95873,1.10,1.00
2014.06.23 01:26:54.806,0.95864,0.95874,1.08,1.25
2014.06.23 01:26:55.539,0.95864,0.95875,1.10,1.39
2014.06.23 01:26:56.046,0.95864,0.95873,1.25,1.00
2014.06.23 01:26:56.689,0.95864,0.95874,1.00,1.02
2014.06.23 01:26:58.305,0.95864,0.95874,1.69,1.10
2014.06.23 01:26:58.864,0.95864,0.95873,1.69,1.00
2014.06.23 01:26:59.898,0.95864,0.95873,1.69,1.50
2014.06.23 01:27:00.151,0.95864,0.95868,1.25,1.00
2014.06.23 01:27:00.253,0.95864,0.9587,1.25,1.00
2014.06.23 01:27:01.080,0.95863,0.9587,1.25,1.00
2014.06.23 01:27:02.761,0.95863,0.95871,1.17,1.00
2014.06.23 01:27:06.493,0.95864,0.95871,1.19,1.00
2014.06.23 01:27:07.498,0.95864,0.95871,1.25,1.00
2014.06.23 01:27:08.552,0.95864,0.95869,1.25,1.00
2014.06.23 01:27:08.653,0.95861,0.95869,1.10,1.00
2014.06.23 01:27:08.856,0.9586,0.95865,1.58,1.00
2014.06.23 01:27:08.958,0.95858,0.95865,1.02,1.00
2014.06.23 01:27:09.471,0.95857,0.95863,1.25,1.00
2014.06.23 01:27:09.613,0.95857,0.95865,1.25,2.40
2014.06.23 01:27:09.714,0.95855,0.95862,1.25,1.00
2014.06.23 01:27:10.793,0.95853,0.95862,1.19,1.00
2014.06.23 01:27:13.650,0.95853,0.95864,1.19,1.58
2014.06.23 01:27:16.743,0.95852,0.95864,2.40,1.58
2014.06.23 01:27:17.425,0.95852,0.95864,3.34,1.58
2014.06.23 01:27:17.959,0.95852,0.95863,2.82,1.00
2014.06.23 01:27:20.614,0.95853,0.95863,1.19,1.00
2014.06.23 01:27:23.652,0.95854,0.95863,1.19,1.00
2014.06.23 01:27:25.130,0.95853,0.95863,1.25,1.00
2014.06.23 01:27:27.038,0.95853,0.95864,1.02,1.00
2014.06.23 01:27:27.554,0.95853,0.95864,1.29,1.00
2014.06.23 01:27:29.581,0.95854,0.95864,1.19,1.00
2014.06.23 01:27:29.733,0.95854,0.95866,3.42,2.25
2014.06.23 01:27:32.131,0.95854,0.95867,4.17,3.90
2014.06.23 01:27:32.870,0.95854,0.95867,5.59,2.33
2014.06.23 01:27:37.392,0.95855,0.95867,1.40,1.58
2014.06.23 01:27:37.710,0.95855,0.95863,1.02,1.00
2014.06.23 01:27:37.965,0.95854,0.95866,1.09,1.65
2014.06.23 01:27:38.484,0.95855,0.95866,1.09,1.00
2014.06.23 01:27:38.996,0.95854,0.95867,4.77,1.10
2014.06.23 01:27:45.335,0.95855,0.95865,1.34,1.00
2014.06.23 01:27:53.042,0.95856,0.95867,1.09,2.40
2014.06.23 01:27:53.581,0.95856,0.95866,1.09,1.00
2014.06.23 01:27:54.503,0.95854,0.95865,4.77,1.00
2014.06.23 01:27:55.035,0.95854,0.95864,4.77,1.00
2014.06.23 01:27:59.964,0.95854,0.95866,5.52,1.00
2014.06.23 01:28:00.475,0.95854,0.95867,3.34,1.84
2014.06.23 01:28:00.899,0.95854,0.95865,3.34,1.00
2014.06.23 01:28:01.527,0.95855,0.95867,1.02,2.59
2014.06.23 01:28:04.417,0.95854,0.95865,3.34,1.00
2014.06.23 01:28:04.931,0.95854,0.95866,4.09,1.00
2014.06.23 01:28:05.686,0.95855,0.95866,1.29,1.25
2014.06.23 01:28:06.272,0.95854,0.95866,2.59,1.25
2014.06.23 01:28:07.738,0.95854,0.95865,3.34,1.00
2014.06.23 01:28:18.406,0.95854,0.95865,2.59,1.25
2014.06.23 01:28:18.913,0.95857,0.95868,1.50,1.92
2014.06.23 01:28:19.678,0.95857,0.95868,1.50,1.49
2014.06.23 01:28:22.285,0.95857,0.95868,1.50,1.17
2014.06.23 01:28:24.291,0.95857,0.95868,1.50,1.49
2014.06.23 01:28:25.979,0.95856,0.95866,1.19,1.10
2014.06.23 01:28:27.302,0.95856,0.95867,1.84,1.69
2014.06.23 01:28:32.911,0.95856,0.95867,1.02,1.58
2014.06.23 01:28:33.882,0.95855,0.95867,1.77,3.27
2014.06.23 01:28:39.494,0.95855,0.95867,3.27,4.09
2014.06.23 01:28:40.496,0.95855,0.95867,2.52,4.09
2014.06.23 01:28:41.600,0.95855,0.95867,3.27,3.90
2014.06.23 01:28:42.140,0.95855,0.95867,3.27,4.50
2014.06.23 01:28:42.293,0.95855,0.95866,1.00,1.58
2014.06.23 01:28:42.446,0.95851,0.95863,2.89,1.28
2014.06.23 01:28:42.497,0.95851,0.95863,5.14,1.10
2014.06.23 01:28:43.018,0.95854,0.95865,1.10,2.52
2014.06.23 01:28:51.887,0.95853,0.95863,1.19,1.00
2014.06.23 01:28:52.409,0.95854,0.95865,2.14,1.65
2014.06.23 01:28:52.944,0.95854,0.95865,2.89,1.65
2014.06.23 01:29:02.512,0.95856,0.95864,1.00,1.10
2014.06.23 01:29:04.130,0.95856,0.95861,1.00,1.00
2014.06.23 01:29:04.333,0.95854,0.95862,1.50,1.58
2014.06.23 01:29:04.841,0.95855,0.95862,1.25,1.10
2014.06.23 01:29:10.290,0.95855,0.95862,1.19,1.00
2014.06.23 01:29:10.493,0.95854,0.95862,1.50,1.00
2014.06.23 01:29:12.901,0.95855,0.95862,1.19,1.00
2014.06.23 01:29:13.604,0.95854,0.95862,1.25,1.00
2014.06.23 01:29:14.136,0.95854,0.95863,1.25,1.10
2014.06.23 01:29:15.460,0.95854,0.9586,1.00,1.10
2014.06.23 01:29:15.562,0.9585,0.95859,1.00,2.33
2014.06.23 01:29:15.765,0.95847,0.95858,1.09,1.65
2014.06.23 01:29:15.867,0.95847,0.95856,1.00,1.58
2014.06.23 01:29:16.912,0.95847,0.95856,1.00,1.19
2014.06.23 01:29:18.867,0.95847,0.95856,1.00,2.25
2014.06.23 01:29:21.125,0.95847,0.95856,1.00,3.27
2014.06.23 01:29:23.430,0.95847,0.95856,1.00,1.77
2014.06.23 01:29:25.135,0.95847,0.95856,1.00,1.77
2014.06.23 01:29:28.044,0.95847,0.95856,1.00,3.27
2014.06.23 01:29:29.963,0.95847,0.95856,1.00,3.27
2014.06.23 01:29:37.502,0.95847,0.95854,1.00,1.19
2014.06.23 01:29:40.277,0.95847,0.95855,1.00,1.19
2014.06.23 01:29:42.175,0.95847,0.95856,1.00,3.34
2014.06.23 01:29:48.091,0.95847,0.95855,1.00,1.19
2014.06.23 01:29:49.495,0.95847,0.95856,1.00,3.34
2014.06.23 01:29:50.018,0.95847,0.95856,1.00,3.34
2014.06.23 01:29:54.510,0.95847,0.95855,1.00,1.69
2014.06.23 01:30:01.952,0.95847,0.95855,1.00,1.25
2014.06.23 01:30:05.688,0.95847,0.95855,1.00,1.69
2014.06.23 01:30:06.650,0.95847,0.95855,1.00,1.25
2014.06.23 01:30:08.150,0.95847,0.95855,1.00,1.19
2014.06.23 01:30:12.855,0.95847,0.95855,1.00,1.69
2014.06.23 01:30:12.957,0.95847,0.95854,1.00,1.77
2014.06.23 01:30:13.894,0.95847,0.95855,1.00,1.00
2014.06.23 01:30:14.401,0.95847,0.95855,1.00,1.19
2014.06.23 01:30:14.908,0.95849,0.95855,1.00,1.19
2014.06.23 01:30:15.418,0.95849,0.95855,1.00,1.00
2014.06.23 01:30:15.469,0.95847,0.95855,1.00,1.00
2014.06.23 01:30:15.763,0.95845,0.95855,1.00,1.00
2014.06.23 01:30:16.270,0.95844,0.95854,1.09,1.02
2014.06.23 01:30:16.784,0.95844,0.95855,1.09,1.19
2014.06.23 01:30:18.463,0.95844,0.95853,1.09,1.10
2014.06.23 01:30:19.009,0.95844,0.95853,1.10,1.10
2014.06.23 01:30:20.289,0.95844,0.95855,1.10,1.77
2014.06.23 01:30:20.518,0.95847,0.95855,1.00,1.77
2014.06.23 01:30:23.892,0.95847,0.95855,1.00,1.77
2014.06.23 01:30:25.391,0.95843,0.95855,2.59,2.52
2014.06.23 01:30:26.344,0.95844,0.95855,1.29,1.77
2014.06.23 01:30:27.425,0.95843,0.95855,2.59,1.77
2014.06.23 01:30:29.108,0.95843,0.95855,3.34,1.77
2014.06.23 01:30:31.612,0.95843,0.95855,2.59,1.58
2014.06.23 01:30:32.428,0.95844,0.95854,2.52,1.10
2014.06.23 01:30:32.529,0.95843,0.95854,2.59,1.10
2014.06.23 01:30:33.105,0.95843,0.95854,2.52,1.10
2014.06.23 01:30:33.926,0.95844,0.95854,1.19,1.10
2014.06.23 01:30:34.320,0.95843,0.95854,2.52,1.10
2014.06.23 01:30:37.427,0.95843,0.95854,2.52,1.10
2014.06.23 01:30:38.387,0.95846,0.95854,1.00,1.10
2014.06.23 01:30:39.123,0.95846,0.95855,1.00,1.84
2014.06.23 01:30:39.481,0.95846,0.95854,1.00,1.19
2014.06.23 01:30:40.735,0.95846,0.95854,1.00,1.00
2014.06.23 01:30:41.769,0.95844,0.95854,1.00,1.00
2014.06.23 01:30:44.269,0.95844,0.95854,1.00,1.19
2014.06.23 01:30:46.569,0.95844,0.95854,1.00,1.00
2014.06.23 01:30:47.508,0.95844,0.95854,1.00,1.69
2014.06.23 01:30:48.573,0.95844,0.95854,1.00,1.39
2014.06.23 01:30:49.577,0.95844,0.95854,1.00,1.09
2014.06.23 01:31:02.256,0.95846,0.95854,1.00,1.09
2014.06.23 01:31:28.158,0.95846,0.95856,1.25,1.77
2014.06.23 01:31:33.201,0.95846,0.95857,1.69,1.92
2014.06.23 01:31:34.405,0.95846,0.95857,1.69,1.73
2014.06.23 01:31:34.608,0.95848,0.95857,1.00,1.10
2014.06.23 01:31:35.332,0.95848,0.95858,1.00,1.02
2014.06.23 01:31:56.407,0.95848,0.95857,1.00,1.10
2014.06.23 01:31:56.956,0.95848,0.95858,1.00,2.59
2014.06.23 01:31:57.607,0.95848,0.95858,1.00,3.34
2014.06.23 01:32:08.203,0.95848,0.95855,1.00,1.00
2014.06.23 01:32:08.406,0.95848,0.95857,1.00,1.77
2014.06.23 01:32:09.386,0.95848,0.95857,1.09,1.00
2014.06.23 01:32:09.487,0.95849,0.95858,1.27,1.00
2014.06.23 01:32:09.640,0.95849,0.95862,1.84,2.44
2014.06.23 01:32:10.277,0.95851,0.95862,1.18,1.69
2014.06.23 01:32:10.784,0.95851,0.95861,1.18,1.00
2014.06.23 01:32:12.408,0.95851,0.9586,1.09,1.00
2014.06.23 01:32:12.766,0.95849,0.9586,1.02,1.37
2014.06.23 01:32:13.172,0.95848,0.95859,1.69,1.17
2014.06.23 01:32:13.763,0.95848,0.95859,1.00,1.44
2014.06.23 01:32:14.720,0.95848,0.95859,1.18,1.29
2014.06.23 01:32:15.234,0.95848,0.95859,1.18,1.02
2014.06.23 01:32:21.933,0.95848,0.95859,1.09,1.77
2014.06.23 01:32:22.542,0.95848,0.95859,1.02,1.77
2014.06.23 01:32:24.793,0.95848,0.95859,1.10,1.77
2014.06.23 01:32:27.647,0.95848,0.95852,1.10,1.10
2014.06.23 01:32:27.802,0.95847,0.95854,1.00,2.33
2014.06.23 01:32:28.314,0.95847,0.95853,1.00,1.00
2014.06.23 01:32:28.537,0.95847,0.95851,1.00,1.00
2014.06.23 01:32:28.689,0.95847,0.95856,1.00,1.20
2014.06.23 01:32:29.194,0.95848,0.95856,1.20,1.02
2014.06.23 01:32:34.379,0.95848,0.95857,1.20,1.02
2014.06.23 01:32:34.734,0.95848,0.95855,1.20,1.10
2014.06.23 01:32:46.846,0.95848,0.95855,1.18,1.10
2014.06.23 01:32:47.356,0.95848,0.95855,1.10,1.10
2014.06.23 01:32:56.798,0.95848,0.95856,1.10,1.10
2014.06.23 01:32:57.315,0.95848,0.95858,1.10,1.02
2014.06.23 01:32:57.366,0.95848,0.95858,1.08,1.02
2014.06.23 01:32:57.873,0.95848,0.95858,1.18,1.77
2014.06.23 01:32:58.814,0.95848,0.95858,1.18,1.58
2014.06.23 01:33:19.666,0.95848,0.95857,1.18,1.10
2014.06.23 01:33:19.717,0.95848,0.95857,1.10,1.10
2014.06.23 01:33:36.610,0.95847,0.95859,1.84,1.39
2014.06.23 01:33:36.712,0.95847,0.95856,1.84,1.10
2014.06.23 01:33:39.333,0.95847,0.95857,1.65,1.10
2014.06.23 01:33:41.090,0.95847,0.95859,1.65,1.39
2014.06.23 01:33:49.688,0.95847,0.95859,1.84,1.39
2014.06.23 01:33:50.592,0.95847,0.9586,2.67,2.52
2014.06.23 01:33:52.881,0.95847,0.9586,3.34,2.59
2014.06.23 01:33:52.984,0.95847,0.95857,1.50,1.10
2014.06.23 01:33:53.542,0.95844,0.95856,1.92,1.50
2014.06.23 01:33:54.337,0.95844,0.95856,2.67,1.69
2014.06.23 01:33:54.765,0.95848,0.95858,1.00,1.02
2014.06.23 01:33:59.228,0.95848,0.95856,1.00,1.10
2014.06.23 01:33:59.279,0.95844,0.95856,1.34,1.20
2014.06.23 01:34:03.863,0.95844,0.95857,1.84,1.84
2014.06.23 01:34:06.971,0.95844,0.95857,1.40,1.74
2014.06.23 01:34:08.171,0.95844,0.95855,1.40,1.00
2014.06.23 01:34:14.343,0.95848,0.95858,1.00,1.09
2014.06.23 01:34:14.395,0.95848,0.95858,1.00,1.09
2014.06.23 01:34:14.901,0.95847,0.95858,1.18,1.19
2014.06.23 01:34:15.205,0.95846,0.95857,1.65,1.77
2014.06.23 01:34:15.796,0.95844,0.95857,1.84,1.77
2014.06.23 01:34:16.299,0.95844,0.95857,1.09,1.77
2014.06.23 01:34:20.408,0.95844,0.95857,1.37,1.02
2014.06.23 01:34:20.960,0.95844,0.95857,1.34,1.25
2014.06.23 01:34:21.836,0.95844,0.95857,2.67,1.69
2014.06.23 01:34:23.953,0.95844,0.95857,1.92,1.19
2014.06.23 01:34:26.180,0.95847,0.95857,1.10,1.19
2014.06.23 01:34:26.231,0.95847,0.95858,1.10,1.02
2014.06.23 01:34:26.333,0.95846,0.95858,1.84,1.19
2014.06.23 01:34:26.434,0.95846,0.95859,2.22,1.19
2014.06.23 01:34:26.637,0.95846,0.95858,1.40,1.19
2014.06.23 01:34:26.840,0.95846,0.95858,1.02,1.29
2014.06.23 01:34:30.292,0.95846,0.95859,1.18,1.34
2014.06.23 01:34:31.269,0.95848,0.95858,1.10,2.44
2014.06.23 01:34:31.969,0.95847,0.95858,1.28,1.69
2014.06.23 01:34:33.786,0.95847,0.95858,1.00,1.84
2014.06.23 01:34:34.292,0.95847,0.95858,1.00,1.77
2014.06.23 01:34:36.957,0.95847,0.95858,1.09,1.50
2014.06.23 01:34:37.161,0.95849,0.95858,1.17,1.50
2014.06.23 01:34:37.489,0.95852,0.95858,1.08,1.50
2014.06.23 01:34:38.053,0.95852,0.95858,1.40,1.00
2014.06.23 01:34:38.104,0.95853,0.95864,1.15,2.33
2014.06.23 01:34:40.383,0.95853,0.95864,1.10,1.65
2014.06.23 01:34:41.152,0.95853,0.95864,1.08,1.58
2014.06.23 01:34:42.692,0.95853,0.95862,1.08,1.10
2014.06.23 01:34:42.793,0.95853,0.95864,1.08,1.77
2014.06.23 01:34:43.247,0.95853,0.95864,4.65,1.50
2014.06.23 01:34:43.550,0.95862,0.95869,1.10,1.00
2014.06.23 01:34:43.601,0.95862,0.95874,1.30,1.33
2014.06.23 01:34:43.703,0.95862,0.95874,1.28,1.02
2014.06.23 01:34:44.228,0.95863,0.95874,1.40,1.00
2014.06.23 01:34:48.083,0.95865,0.95874,1.17,1.00
2014.06.23 01:34:48.835,0.95866,0.95875,1.15,1.25
2014.06.23 01:34:49.400,0.95866,0.95875,1.18,1.00
2014.06.23 01:34:50.258,0.95866,0.95875,1.10,1.00
2014.06.23 01:34:50.819,0.95864,0.95875,1.37,1.00
2014.06.23 01:34:55.840,0.95866,0.95875,1.10,1.00
2014.06.23 01:34:56.436,0.95866,0.95877,1.65,1.19
2014.06.23 01:34:56.940,0.95866,0.95877,1.65,1.25
2014.06.23 01:34:59.046,0.95866,0.95876,1.10,1.10
2014.06.23 01:35:00.652,0.95864,0.95876,1.34,1.10
2014.06.23 01:35:01.210,0.95864,0.95875,1.40,1.10
2014.06.23 01:35:06.247,0.95864,0.95875,1.37,1.28
2014.06.23 01:35:06.552,0.9586,0.95868,1.10,1.10
2014.06.23 01:35:06.653,0.95857,0.95868,2.22,1.10
2014.06.23 01:35:07.201,0.95857,0.95869,1.84,1.20
2014.06.23 01:35:07.831,0.95858,0.95869,1.29,1.20
2014.06.23 01:35:12.607,0.9586,0.9587,1.19,2.48
2014.06.23 01:35:12.709,0.95861,0.95873,1.19,3.23
2014.06.23 01:35:13.227,0.95862,0.95873,1.84,1.10
2014.06.23 01:35:15.650,0.95862,0.95871,1.84,1.10
2014.06.23 01:35:15.853,0.9586,0.9587,1.00,1.92
2014.06.23 01:35:15.904,0.9586,0.95867,1.00,1.02
2014.06.23 01:35:15.956,0.95857,0.95867,1.69,1.02
2014.06.23 01:35:16.108,0.95857,0.95865,1.69,1.10
2014.06.23 01:35:17.301,0.95855,0.95865,1.84,1.10
2014.06.23 01:35:20.322,0.95856,0.95865,1.29,1.10
2014.06.23 01:35:20.626,0.95858,0.95865,1.08,1.10
2014.06.23 01:35:20.677,0.95856,0.95865,1.19,1.10
2014.06.23 01:35:25.025,0.95855,0.95865,1.77,1.10
2014.06.23 01:35:25.127,0.95857,0.95865,1.19,1.10
2014.06.23 01:35:27.022,0.95855,0.95865,1.29,1.10
2014.06.23 01:35:29.564,0.95856,0.95865,1.19,1.10
2014.06.23 01:35:30.110,0.95855,0.95865,1.29,1.10
2014.06.23 01:35:31.969,0.95857,0.95866,1.38,1.00
2014.06.23 01:35:32.274,0.95858,0.95868,1.47,1.10
2014.06.23 01:35:32.527,0.95861,0.95871,1.00,1.65
2014.06.23 01:35:33.092,0.95862,0.95871,2.52,1.10
2014.06.23 01:35:33.244,0.95865,0.95871,1.00,1.10
2014.06.23 01:35:33.789,0.95865,0.95872,1.00,1.10
2014.06.23 01:35:34.501,0.95865,0.95874,1.00,1.20
2014.06.23 01:35:36.901,0.95865,0.95871,1.00,1.10
2014.06.23 01:35:37.408,0.95863,0.95872,1.19,1.20
2014.06.23 01:35:37.865,0.95865,0.95875,1.25,2.33
2014.06.23 01:35:42.593,0.95865,0.95875,1.19,2.33
2014.06.23 01:35:44.168,0.95866,0.95875,1.19,2.33
2014.06.23 01:35:44.688,0.95868,0.95877,1.29,1.00
2014.06.23 01:35:45.053,0.95867,0.95874,1.29,1.10
2014.06.23 01:35:45.155,0.95867,0.95877,1.29,1.10
2014.06.23 01:35:45.764,0.95867,0.95874,1.19,1.10
2014.06.23 01:35:46.874,0.95868,0.95875,1.02,1.58
2014.06.23 01:35:47.027,0.95868,0.95877,1.19,1.00
2014.06.23 01:35:48.118,0.95868,0.95878,1.69,1.20
2014.06.23 01:35:48.654,0.95868,0.95875,1.69,1.10
2014.06.23 01:35:48.706,0.95866,0.95875,1.47,1.10
2014.06.23 01:36:08.041,0.95866,0.95875,2.07,1.30
2014.06.23 01:36:09.344,0.95866,0.95875,1.13,1.30
2014.06.23 01:36:10.062,0.95866,0.95875,1.38,1.30
2014.06.23 01:36:12.548,0.95866,0.95875,1.13,1.30
2014.06.23 01:36:14.343,0.95866,0.95875,1.69,1.20
2014.06.23 01:36:14.497,0.95866,0.95876,5.22,1.50
2014.06.23 01:36:14.548,0.95866,0.95878,5.22,1.00
2014.06.23 01:36:17.996,0.95869,0.95878,1.39,1.00
2014.06.23 01:36:18.150,0.95871,0.95882,1.00,2.10
2014.06.23 01:36:18.201,0.95873,0.95882,1.19,1.20
2014.06.23 01:36:18.557,0.95874,0.95885,1.29,1.65
2014.06.23 01:36:19.709,0.95874,0.95885,1.19,2.40
2014.06.23 01:36:22.850,0.95874,0.95885,1.19,2.48
2014.06.23 01:36:24.536,0.95874,0.95885,1.69,2.40
2014.06.23 01:36:25.074,0.95874,0.95885,1.69,1.65
2014.06.23 01:36:26.731,0.95874,0.95885,1.69,1.65
2014.06.23 01:36:27.252,0.95874,0.95885,1.69,1.58
2014.06.23 01:36:27.775,0.95874,0.95884,1.69,1.10
2014.06.23 01:36:30.099,0.95874,0.95884,1.69,1.10
2014.06.23 01:36:30.606,0.95874,0.95884,1.19,1.20
2014.06.23 01:36:31.259,0.95876,0.95884,1.19,1.10
2014.06.23 01:36:32.709,0.95875,0.95884,1.29,1.10
2014.06.23 01:36:33.363,0.95875,0.95885,1.29,1.58
2014.06.23 01:36:33.864,0.95876,0.95885,1.19,1.58
2014.06.23 01:36:36.352,0.95874,0.95885,1.27,1.58
2014.06.23 01:36:39.928,0.95874,0.95885,1.27,1.58
2014.06.23 01:36:42.465,0.95874,0.95885,1.27,1.10
2014.06.23 01:36:42.986,0.95874,0.95886,1.37,2.33
2014.06.23 01:36:46.167,0.95875,0.95886,1.29,2.33
2014.06.23 01:36:48.943,0.95874,0.95886,1.37,2.33
2014.06.23 01:36:49.716,0.95876,0.95886,1.00,2.33
2014.06.23 01:36:49.768,0.95878,0.95886,1.25,2.33
2014.06.23 01:36:51.049,0.95878,0.95886,1.19,2.33
2014.06.23 01:36:52.899,0.95876,0.95886,1.00,2.33
2014.06.23 01:36:57.565,0.95876,0.95886,1.69,2.33
2014.06.23 01:36:59.975,0.95876,0.95886,1.69,2.33
2014.06.23 01:37:00.541,0.95876,0.95886,2.07,2.33
2014.06.23 01:37:00.846,0.95879,0.95888,1.32,1.00
2014.06.23 01:37:01.377,0.95881,0.95888,1.19,1.00
2014.06.23 01:37:01.799,0.95883,0.95892,1.19,1.00
2014.06.23 01:37:01.952,0.95883,0.95894,1.37,1.10
2014.06.23 01:37:02.004,0.95885,0.95895,1.19,2.25
2014.06.23 01:37:02.511,0.95886,0.95896,1.19,1.18
2014.06.23 01:37:03.211,0.95886,0.95896,1.25,1.20
2014.06.23 01:37:05.547,0.95885,0.95896,1.69,1.28
2014.06.23 01:37:10.296,0.95885,0.95896,1.25,1.28
2014.06.23 01:37:11.318,0.95885,0.95896,1.69,1.28
2014.06.23 01:37:12.633,0.95885,0.95896,1.37,1.65
2014.06.23 01:37:13.642,0.95887,0.95896,1.19,1.65
2014.06.23 01:37:14.149,0.95887,0.95896,1.20,1.10
2014.06.23 01:37:14.819,0.95888,0.95896,1.25,1.58
2014.06.23 01:37:16.139,0.95886,0.95896,1.77,1.00
2014.06.23 01:37:17.905,0.95887,0.95896,1.25,1.18
2014.06.23 01:37:18.763,0.95885,0.95896,1.77,1.65
2014.06.23 01:37:19.454,0.95886,0.95896,1.19,2.40
2014.06.23 01:37:21.467,0.95885,0.95896,1.39,2.40
2014.06.23 01:37:23.073,0.95885,0.95896,1.84,1.65
2014.06.23 01:37:23.640,0.95885,0.95896,1.77,1.65
2014.06.23 01:37:25.050,0.95885,0.95896,2.52,1.65
2014.06.23 01:37:26.102,0.95885,0.95893,2.52,1.00
2014.06.23 01:37:26.678,0.95884,0.95892,1.69,1.00
2014.06.23 01:37:29.192,0.95884,0.95892,1.10,1.00
2014.06.23 01:37:29.713,0.95883,0.95892,1.25,1.10
2014.06.23 01:37:30.675,0.95881,0.95892,1.84,1.10
2014.06.23 01:37:32.174,0.95882,0.95892,1.29,1.10
2014.06.23 01:37:34.991,0.95881,0.95892,1.84,1.10
2014.06.23 01:37:36.022,0.9588,0.95892,1.84,1.58
2014.06.23 01:37:39.003,0.9588,0.95892,1.84,1.58
2014.06.23 01:37:39.156,0.95884,0.95892,1.27,1.00
2014.06.23 01:37:39.461,0.95888,0.95892,1.02,1.00
2014.06.23 01:37:39.715,0.95887,0.95894,2.59,1.00
2014.06.23 01:37:40.222,0.95887,0.95895,1.29,1.00
2014.06.23 01:37:42.615,0.95888,0.95898,1.25,2.40
2014.06.23 01:37:43.129,0.95888,0.95898,1.25,2.25
2014.06.23 01:37:44.983,0.95889,0.95898,1.00,1.00
2014.06.23 01:37:45.135,0.95892,0.95898,1.00,1.00
2014.06.23 01:37:45.545,0.9589,0.95898,1.00,1.00
2014.06.23 01:37:45.853,0.9589,0.95898,1.69,1.00
2014.06.23 01:37:46.005,0.95894,0.95902,1.18,1.00
2014.06.23 01:37:46.157,0.95896,0.95902,1.77,1.00
2014.06.23 01:37:46.728,0.95896,0.95903,2.52,1.00
2014.06.23 01:37:47.237,0.95896,0.95903,2.52,1.00
2014.06.23 01:37:47.885,0.95896,0.95903,1.25,1.00
2014.06.23 01:37:48.038,0.95894,0.95903,1.00,1.65
2014.06.23 01:37:48.089,0.95892,0.95902,1.25,1.10
2014.06.23 01:37:51.924,0.95891,0.95902,1.19,1.18
2014.06.23 01:37:52.860,0.95891,0.959,1.19,1.18
2014.06.23 01:37:52.962,0.95889,0.959,1.19,1.15
2014.06.23 01:37:53.474,0.95889,0.95896,1.00,2.25
2014.06.23 01:37:53.525,0.95886,0.95896,1.58,3.00
2014.06.23 01:37:53.627,0.95884,0.95892,1.00,1.00
2014.06.23 01:37:54.164,0.95882,0.95892,1.19,1.00
2014.06.23 01:37:54.666,0.95882,0.95892,1.25,1.00
2014.06.23 01:37:55.424,0.95882,0.95892,1.25,1.18
2014.06.23 01:37:55.992,0.95881,0.95891,2.44,1.10
2014.06.23 01:37:56.991,0.95881,0.95891,2.44,1.10
2014.06.23 01:38:00.571,0.95882,0.9589,1.25,1.00
2014.06.23 01:38:01.314,0.95882,0.95889,1.25,1.00
2014.06.23 01:38:01.937,0.95882,0.95889,1.69,1.00
2014.06.23 01:38:03.431,0.95882,0.95891,1.69,1.10
2014.06.23 01:38:03.953,0.95882,0.9589,1.69,1.00
2014.06.23 01:38:04.523,0.95882,0.9589,1.00,1.00
2014.06.23 01:38:05.852,0.95882,0.95889,1.00,1.00
2014.06.23 01:38:06.645,0.95882,0.95888,1.00,1.00
2014.06.23 01:38:07.254,0.95882,0.95889,1.00,1.00
2014.06.23 01:38:15.671,0.95882,0.9589,1.25,1.00
2014.06.23 01:38:16.497,0.95882,0.95891,1.25,2.25
2014.06.23 01:38:24.291,0.95879,0.9589,2.52,1.50
2014.06.23 01:38:25.142,0.95881,0.9589,1.19,1.50
2014.06.23 01:38:27.322,0.9588,0.9589,1.19,1.58
2014.06.23 01:38:27.655,0.95879,0.9589,2.52,1.58
2014.06.23 01:38:28.655,0.95879,0.9589,2.52,1.58
2014.06.23 01:38:31.461,0.95879,0.9589,1.77,3.08
2014.06.23 01:38:35.362,0.95879,0.95889,1.29,1.10
2014.06.23 01:38:37.127,0.95878,0.95889,2.44,1.65
2014.06.23 01:38:41.862,0.95878,0.95886,1.69,1.00
2014.06.23 01:38:42.173,0.95875,0.9588,1.00,1.10
2014.06.23 01:38:42.478,0.9587,0.95881,1.25,3.08
2014.06.23 01:38:42.731,0.95872,0.95879,1.00,1.08
2014.06.23 01:38:42.946,0.95871,0.95881,1.00,1.18
2014.06.23 01:38:43.565,0.95871,0.95881,1.00,1.10
2014.06.23 01:38:49.593,0.95871,0.95881,1.39,1.58
2014.06.23 01:38:49.694,0.95873,0.95882,2.97,1.00
2014.06.23 01:38:49.796,0.95875,0.95884,1.77,1.00
2014.06.23 01:38:50.321,0.95877,0.95885,1.32,1.00
2014.06.23 01:38:50.825,0.95878,0.95886,1.00,1.50
2014.06.23 01:38:52.071,0.95878,0.95887,1.25,1.50
2014.06.23 01:38:53.079,0.95878,0.95887,2.07,1.50
2014.06.23 01:38:54.119,0.9588,0.95887,1.19,1.50
2014.06.23 01:38:54.272,0.95881,0.9589,1.25,1.50
2014.06.23 01:38:54.792,0.95881,0.95891,1.25,1.17
2014.06.23 01:38:55.309,0.95882,0.95891,1.00,1.30
2014.06.23 01:38:55.461,0.95884,0.95894,1.00,1.77
2014.06.23 01:38:55.766,0.95887,0.95897,1.08,1.10
2014.06.23 01:38:56.269,0.95889,0.95898,1.00,1.18
2014.06.23 01:38:57.984,0.95889,0.95898,1.00,1.10
2014.06.23 01:38:58.755,0.95889,0.95899,1.00,1.00
2014.06.23 01:38:59.417,0.95889,0.95899,1.69,1.00
2014.06.23 01:38:59.999,0.9589,0.959,1.25,1.20
2014.06.23 01:39:01.066,0.9589,0.959,1.25,1.65
2014.06.23 01:39:01.502,0.9589,0.95897,1.00,1.58
2014.06.23 01:39:01.603,0.95886,0.95896,1.50,1.25
2014.06.23 01:39:01.654,0.95886,0.95893,1.00,1.10
2014.06.23 01:39:01.756,0.95883,0.95892,2.25,1.20
2014.06.23 01:39:02.061,0.95884,0.95892,1.00,1.58
2014.06.23 01:39:02.163,0.95881,0.95892,1.25,1.15
2014.06.23 01:39:02.293,0.95881,0.95888,1.25,1.00
2014.06.23 01:39:02.515,0.95881,0.95892,1.25,1.15
2014.06.23 01:39:03.047,0.95881,0.95891,1.19,1.18
2014.06.23 01:39:04.350,0.95881,0.95892,1.27,1.33
2014.06.23 01:39:04.452,0.95883,0.95893,1.09,1.00
2014.06.23 01:39:05.086,0.95883,0.95891,1.09,1.00
2014.06.23 01:39:05.632,0.95883,0.95891,1.84,1.00
2014.06.23 01:39:07.674,0.95883,0.95891,1.20,1.00
2014.06.23 01:39:07.826,0.95882,0.95889,1.00,1.00
2014.06.23 01:39:09.440,0.95882,0.95891,1.00,1.18
2014.06.23 01:39:10.838,0.95881,0.95891,1.50,1.18
2014.06.23 01:39:12.651,0.95881,0.95892,1.77,3.75
2014.06.23 01:39:12.860,0.95881,0.9589,1.77,1.00
2014.06.23 01:39:13.553,0.95882,0.9589,1.19,1.00
2014.06.23 01:39:14.390,0.95882,0.95892,1.19,3.00
2014.06.23 01:39:14.928,0.95882,0.95891,1.19,1.00
2014.06.23 01:39:15.467,0.95882,0.95892,1.19,1.50
2014.06.23 01:39:15.758,0.95881,0.95892,1.77,1.50
2014.06.23 01:39:16.420,0.95881,0.95889,1.77,1.00
2014.06.23 01:39:16.976,0.95881,0.95889,2.44,1.00
2014.06.23 01:39:17.388,0.95881,0.95892,3.27,1.58
2014.06.23 01:39:17.641,0.95883,0.95893,1.19,1.20
2014.06.23 01:39:18.149,0.95885,0.95894,1.00,1.00
2014.06.23 01:39:18.736,0.95885,0.95893,1.00,1.00
2014.06.23 01:39:21.819,0.95884,0.95893,1.19,1.08
2014.06.23 01:39:21.971,0.95883,0.95892,1.50,1.10
2014.06.23 01:39:22.510,0.95882,0.95891,1.25,1.10
2014.06.23 01:39:23.089,0.95882,0.9589,1.25,1.00
2014.06.23 01:39:23.610,0.95882,0.9589,1.19,1.00
2014.06.23 01:39:23.661,0.95882,0.95892,1.19,1.58
2014.06.23 01:39:24.196,0.95882,0.95891,1.19,1.58
2014.06.23 01:39:25.401,0.95882,0.95892,1.25,1.73
2014.06.23 01:39:26.804,0.95882,0.95892,1.69,1.73
2014.06.23 01:39:31.422,0.95882,0.95892,1.00,2.10
2014.06.23 01:39:31.576,0.95881,0.95888,1.25,2.33
2014.06.23 01:39:31.780,0.95877,0.95883,1.00,1.10
2014.06.23 01:39:31.831,0.95875,0.95883,1.25,1.10
2014.06.23 01:39:32.034,0.95875,0.95885,1.25,1.10
2014.06.23 01:39:32.873,0.95875,0.95885,1.19,1.10
2014.06.23 01:39:33.411,0.95876,0.95885,1.19,1.10
2014.06.23 01:39:35.635,0.95876,0.95884,1.19,1.00
2014.06.23 01:39:36.137,0.95875,0.95885,1.69,1.58
2014.06.23 01:39:37.949,0.95875,0.95885,1.69,1.58
2014.06.23 01:39:40.150,0.95875,0.95886,1.69,1.10
2014.06.23 01:39:40.201,0.95875,0.95886,1.32,1.10
2014.06.23 01:39:40.303,0.95878,0.95886,1.19,1.10
2014.06.23 01:39:40.682,0.95876,0.95885,1.37,1.10
2014.06.23 01:39:41.333,0.95875,0.95886,3.94,1.30
2014.06.23 01:39:41.859,0.95875,0.95886,3.94,1.30
2014.06.23 01:39:42.591,0.95876,0.95886,1.19,1.10
2014.06.23 01:39:43.348,0.95876,0.95886,1.19,1.18
2014.06.23 01:39:47.476,0.95875,0.95886,2.52,1.18
2014.06.23 01:39:48.361,0.95875,0.95885,1.69,2.33
2014.06.23 01:39:48.716,0.95875,0.95886,1.29,3.98
2014.06.23 01:39:52.938,0.95876,0.95886,2.97,1.00
2014.06.23 01:39:53.243,0.9588,0.95887,1.69,1.00
2014.06.23 01:39:53.555,0.9588,0.95891,1.34,1.50
2014.06.23 01:39:54.093,0.95881,0.95891,1.34,1.50
2014.06.23 01:39:55.267,0.95881,0.9589,1.84,1.00
2014.06.23 01:39:55.807,0.95881,0.9589,1.84,1.00
2014.06.23 01:39:56.588,0.95881,0.95891,1.19,1.00
2014.06.23 01:39:57.178,0.9588,0.95891,1.29,1.00
2014.06.23 01:39:59.099,0.9588,0.95892,1.29,1.58
2014.06.23 01:40:00.012,0.95881,0.95892,1.69,1.58
2014.06.23 01:40:01.320,0.95881,0.95892,1.25,1.58
2014.06.23 01:40:02.321,0.95881,0.95892,1.69,1.58
2014.06.23 01:40:06.471,0.95882,0.95892,1.19,1.58
2014.06.23 01:40:06.604,0.95882,0.95892,1.57,1.58
2014.06.23 01:40:06.909,0.95886,0.95894,1.19,1.20
2014.06.23 01:40:07.163,0.95883,0.95894,2.97,1.00
2014.06.23 01:40:07.264,0.95883,0.95893,1.77,1.08
2014.06.23 01:40:08.347,0.95883,0.95892,1.19,1.65
2014.06.23 01:40:09.506,0.95883,0.95891,1.19,1.00
2014.06.23 01:40:10.028,0.95881,0.95891,1.19,1.08
2014.06.23 01:40:10.842,0.95881,0.95891,1.19,1.08
2014.06.23 01:40:14.296,0.9588,0.95891,1.69,1.15
2014.06.23 01:40:14.398,0.9588,0.95891,1.25,2.03
2014.06.23 01:40:14.449,0.95879,0.95887,1.77,1.10
2014.06.23 01:40:14.754,0.95876,0.95883,2.52,1.10
2014.06.23 01:40:15.632,0.95876,0.95884,1.77,1.10
2014.06.23 01:40:17.309,0.95876,0.95885,2.14,1.10
2014.06.23 01:40:17.410,0.95878,0.95888,1.84,1.00
2014.06.23 01:40:17.816,0.9588,0.95889,1.32,1.58
2014.06.23 01:40:21.689,0.95882,0.95889,1.29,1.10
2014.06.23 01:40:25.433,0.95882,0.95892,1.47,1.50
2014.06.23 01:40:25.585,0.95884,0.95893,1.40,1.10
2014.06.23 01:40:26.043,0.95885,0.95893,3.83,1.10
2014.06.23 01:40:26.710,0.95884,0.95893,4.39,1.10
2014.06.23 01:40:26.761,0.95884,0.95893,1.84,1.10
2014.06.23 01:40:27.301,0.95885,0.95893,1.00,1.10
2014.06.23 01:40:30.652,0.95884,0.95893,1.20,1.10
2014.06.23 01:40:32.431,0.95885,0.95893,1.00,1.10
2014.06.23 01:40:35.852,0.95883,0.95893,1.84,1.10
2014.06.23 01:40:36.382,0.95883,0.95893,1.25,1.10
2014.06.23 01:40:38.129,0.95883,0.95891,1.25,1.10
2014.06.23 01:40:45.590,0.95883,0.95891,1.25,1.08
2014.06.23 01:40:48.746,0.95883,0.95891,1.25,1.00
2014.06.23 01:40:49.572,0.95883,0.95891,1.19,1.00
2014.06.23 01:40:50.774,0.95883,0.95891,1.25,1.00
2014.06.23 01:40:51.787,0.95883,0.95893,1.25,1.20
2014.06.23 01:40:52.891,0.95883,0.95894,2.44,2.40
2014.06.23 01:40:53.665,0.95883,0.95893,2.44,1.10
2014.06.23 01:40:54.230,0.95883,0.95893,2.44,1.10
2014.06.23 01:41:09.414,0.95883,0.95893,3.27,1.10
2014.06.23 01:41:11.613,0.95883,0.95893,2.44,1.10
2014.06.23 01:41:17.150,0.95883,0.95893,1.00,1.10
2014.06.23 01:41:17.202,0.95883,0.9589,1.00,1.10
2014.06.23 01:41:30.620,0.95883,0.95889,1.00,1.10
2014.06.23 01:41:34.141,0.95883,0.9589,1.00,1.00
2014.06.23 01:41:35.986,0.95882,0.9589,1.25,1.00
2014.06.23 01:41:36.575,0.95882,0.9589,1.69,1.00
2014.06.23 01:41:40.332,0.95882,0.9589,1.25,1.10
2014.06.23 01:41:42.436,0.95882,0.9589,1.00,2.48
2014.06.23 01:41:42.740,0.95878,0.95886,1.69,1.10
2014.06.23 01:41:43.197,0.95875,0.95884,1.33,1.10
2014.06.23 01:41:43.652,0.95877,0.95885,1.69,1.20
2014.06.23 01:41:43.855,0.95877,0.95888,1.69,1.73
2014.06.23 01:41:44.358,0.95877,0.95886,1.69,1.10
2014.06.23 01:41:45.690,0.95877,0.95885,1.69,1.10
2014.06.23 01:41:45.742,0.95877,0.95885,1.00,1.10
2014.06.23 01:41:46.239,0.95877,0.95888,1.00,3.04
2014.06.23 01:41:46.814,0.95877,0.95888,1.00,2.97
2014.06.23 01:41:48.295,0.95877,0.95887,1.00,1.00
2014.06.23 01:41:48.704,0.95879,0.95887,1.00,1.00
2014.06.23 01:41:49.411,0.95879,0.95886,1.00,1.20
2014.06.23 01:41:49.665,0.95877,0.95886,1.50,1.20
2014.06.23 01:41:53.828,0.95878,0.95885,1.00,1.73
2014.06.23 01:41:53.879,0.95876,0.95885,1.50,3.23
2014.06.23 01:41:54.407,0.95876,0.95883,1.00,1.00
2014.06.23 01:41:55.680,0.95876,0.95885,1.00,2.52
2014.06.23 01:41:57.081,0.95875,0.95885,1.00,3.27
2014.06.23 01:41:58.329,0.95875,0.95886,1.10,1.77
2014.06.23 01:41:58.431,0.95873,0.95884,4.09,1.00
2014.06.23 01:41:58.938,0.95874,0.95885,1.18,1.25
2014.06.23 01:42:00.355,0.95874,0.95886,1.09,1.02
2014.06.23 01:42:02.379,0.95877,0.95887,1.00,1.39
2014.06.23 01:42:02.685,0.95879,0.95887,1.00,1.10
2014.06.23 01:42:03.231,0.95878,0.95888,1.50,1.84
2014.06.23 01:42:03.892,0.95877,0.95888,1.69,1.84
2014.06.23 01:42:08.236,0.95877,0.95888,4.02,1.25
2014.06.23 01:42:09.184,0.95877,0.95888,2.52,1.19
2014.06.23 01:42:09.722,0.95878,0.95889,1.00,1.29
2014.06.23 01:42:10.225,0.95877,0.95889,1.69,2.67
2014.06.23 01:42:11.083,0.95877,0.95888,1.00,1.47
2014.06.23 01:42:12.190,0.95877,0.95889,1.10,1.84
2014.06.23 01:42:16.805,0.95877,0.95889,1.02,3.34
2014.06.23 01:42:18.831,0.95877,0.95887,1.50,1.77
2014.06.23 01:42:19.136,0.95876,0.95885,1.00,1.19
2014.06.23 01:42:20.312,0.95875,0.95885,1.50,1.19
2014.06.23 01:42:20.823,0.95875,0.95885,1.58,1.19
2014.06.23 01:42:22.470,0.95875,0.95886,1.65,3.19
2014.06.23 01:42:23.132,0.95875,0.95886,1.50,1.84
2014.06.23 01:42:23.685,0.95876,0.95886,1.00,1.84
2014.06.23 01:42:24.040,0.95873,0.95881,1.00,2.52
2014.06.23 01:42:24.193,0.95871,0.95882,1.50,2.59
2014.06.23 01:42:24.244,0.95873,0.95882,1.00,1.84
2014.06.23 01:42:24.599,0.95874,0.95884,1.58,1.29
2014.06.23 01:42:25.143,0.95875,0.95884,1.00,1.29
2014.06.23 01:42:25.773,0.95875,0.95885,1.00,1.27
2014.06.23 01:42:26.693,0.95875,0.95886,1.10,3.34
2014.06.23 01:42:27.782,0.95876,0.95886,1.58,1.77
2014.06.23 01:42:28.086,0.95877,0.95887,1.18,1.00
2014.06.23 01:42:29.141,0.95878,0.95887,1.10,1.19
2014.06.23 01:42:30.244,0.95878,0.95887,1.00,1.00
2014.06.23 01:42:31.086,0.95878,0.95889,3.34,1.00
2014.06.23 01:42:31.390,0.95884,0.95893,1.58,1.33
2014.06.23 01:42:31.644,0.9589,0.959,1.09,1.20
2014.06.23 01:42:31.746,0.95892,0.95902,1.18,1.10
2014.06.23 01:42:31.898,0.95895,0.95906,1.10,1.95
2014.06.23 01:42:31.951,0.95898,0.95906,1.00,1.53
2014.06.23 01:42:32.053,0.95899,0.95907,1.00,1.00
2014.06.23 01:42:32.559,0.95899,0.95908,2.33,1.10
2014.06.23 01:42:32.712,0.95899,0.9591,2.33,1.10
2014.06.23 01:42:32.813,0.959,0.95911,1.08,1.10
2014.06.23 01:42:33.320,0.95899,0.95909,2.48,1.00
2014.06.23 01:42:33.525,0.95899,0.95909,2.33,1.18
2014.06.23 01:42:34.052,0.95899,0.95909,1.77,1.18
2014.06.23 01:42:35.990,0.95898,0.95909,1.19,1.18
2014.06.23 01:42:36.878,0.95902,0.95909,1.10,1.18
2014.06.23 01:42:36.979,0.959,0.95909,2.52,1.18
2014.06.23 01:42:37.481,0.959,0.95909,1.02,1.10
2014.06.23 01:42:38.191,0.95897,0.95909,2.33,1.58
2014.06.23 01:42:38.243,0.95897,0.95906,1.50,2.33
2014.06.23 01:42:38.830,0.95898,0.95904,1.00,1.10
2014.06.23 01:42:40.356,0.95898,0.95906,1.25,1.00
2014.06.23 01:42:40.681,0.959,0.95906,1.00,1.00
2014.06.23 01:42:40.784,0.959,0.95908,1.77,1.00
2014.06.23 01:42:40.988,0.95902,0.95906,1.00,1.00
2014.06.23 01:42:43.903,0.95902,0.95911,2.44,1.18
2014.06.23 01:42:43.954,0.95902,0.9591,2.44,1.10
2014.06.23 01:42:45.001,0.95902,0.9591,2.44,1.10
2014.06.23 01:42:54.535,0.95902,0.95912,2.52,1.10
2014.06.23 01:42:54.738,0.95906,0.95912,1.00,1.10
2014.06.23 01:42:55.257,0.95906,0.95912,1.00,1.15
2014.06.23 01:42:57.375,0.95905,0.95912,1.00,1.15
2014.06.23 01:42:59.703,0.95906,0.95912,1.00,1.15
2014.06.23 01:43:00.227,0.95905,0.95912,1.00,1.15
2014.06.23 01:43:01.785,0.95905,0.9591,1.00,1.10
2014.06.23 01:43:02.090,0.95885,0.95898,2.52,2.67
2014.06.23 01:43:02.141,0.95887,0.95895,1.00,1.30
2014.06.23 01:43:02.192,0.95887,0.95892,1.00,1.00
2014.06.23 01:43:02.243,0.95885,0.95892,1.00,1.58
2014.06.23 01:43:02.345,0.95882,0.95892,1.00,1.65
2014.06.23 01:43:02.548,0.95885,0.95892,1.50,1.00
2014.06.23 01:43:02.700,0.95886,0.95894,1.00,1.20
2014.06.23 01:43:03.105,0.95883,0.95894,1.00,1.65
2014.06.23 01:43:05.134,0.95883,0.95894,1.10,1.25
2014.06.23 01:43:05.736,0.95884,0.95895,1.10,1.25
2014.06.23 01:43:05.990,0.95884,0.95894,1.10,1.32
2014.06.23 01:43:06.537,0.95881,0.95892,1.18,1.19
2014.06.23 01:43:07.113,0.95881,0.95892,1.10,1.19
2014.06.23 01:43:07.440,0.95885,0.95892,1.00,1.00
2014.06.23 01:43:07.492,0.95885,0.95895,1.10,1.58
2014.06.23 01:43:07.594,0.95885,0.95897,1.65,1.77
2014.06.23 01:43:07.646,0.95892,0.95897,1.00,1.10
2014.06.23 01:43:07.900,0.95892,0.95901,4.58,1.50
2014.06.23 01:43:08.425,0.95893,0.95902,1.15,1.00
2014.06.23 01:43:08.579,0.95893,0.95904,1.15,1.25
2014.06.23 01:43:08.935,0.95896,0.95905,2.44,1.10
2014.06.23 01:43:09.137,0.959,0.95909,1.37,1.00
2014.06.23 01:43:09.239,0.959,0.95911,1.37,1.10
2014.06.23 01:43:09.702,0.959,0.95913,1.84,1.50
2014.06.23 01:43:10.758,0.959,0.95913,1.37,1.58
2014.06.23 01:43:11.261,0.959,0.95913,1.39,1.65
2014.06.23 01:43:11.773,0.959,0.95913,1.84,1.40
2014.06.23 01:43:12.191,0.959,0.95913,1.77,3.27
2014.06.23 01:43:12.549,0.959,0.95914,2.59,3.34
2014.06.23 01:43:12.651,0.95904,0.95914,1.19,1.65
2014.06.23 01:43:13.158,0.95903,0.95913,2.22,1.00
2014.06.23 01:43:13.209,0.95903,0.95915,2.22,1.50
2014.06.23 01:43:13.564,0.95903,0.95913,1.77,1.00
2014.06.23 01:43:14.231,0.95903,0.95913,1.19,1.20
2014.06.23 01:43:15.626,0.95903,0.9591,1.69,1.00
2014.06.23 01:43:15.931,0.95903,0.95911,1.25,1.08
2014.06.23 01:43:16.186,0.95899,0.95909,1.02,1.08
2014.06.23 01:43:16.439,0.95897,0.95907,2.44,1.10
2014.06.23 01:43:16.693,0.95897,0.95907,1.69,1.18
2014.06.23 01:43:17.250,0.95897,0.95907,1.19,1.15
2014.06.23 01:43:17.875,0.95897,0.95907,1.00,1.15
2014.06.23 01:43:18.181,0.95897,0.95904,1.00,1.10
2014.06.23 01:43:19.116,0.95897,0.95904,1.00,1.18
2014.06.23 01:43:20.277,0.95895,0.95903,1.69,1.08
2014.06.23 01:43:20.750,0.95895,0.95904,1.69,1.00
2014.06.23 01:43:22.164,0.95895,0.95904,1.69,1.00
2014.06.23 01:43:23.571,0.95895,0.95904,1.00,1.10
2014.06.23 01:43:23.622,0.95895,0.95904,1.00,1.18
2014.06.23 01:43:23.825,0.95895,0.95907,1.15,1.00
2014.06.23 01:43:23.926,0.95895,0.95907,1.10,1.15
2014.06.23 01:43:24.231,0.95897,0.95903,1.00,1.50
2014.06.23 01:43:24.538,0.95891,0.95899,1.19,1.00
2014.06.23 01:43:24.589,0.95894,0.95899,1.00,1.00
2014.06.23 01:43:24.691,0.9589,0.95899,1.69,1.00
2014.06.23 01:43:25.376,0.95889,0.95899,1.02,1.00
2014.06.23 01:43:25.427,0.95889,0.95897,1.00,1.00
2014.06.23 01:43:25.953,0.95887,0.95897,2.52,1.00
2014.06.23 01:43:28.910,0.95887,0.95897,1.40,1.00
2014.06.23 01:43:29.062,0.95888,0.959,3.64,1.00
2014.06.23 01:43:29.164,0.9589,0.95902,2.52,1.00
2014.06.23 01:43:29.266,0.95891,0.95905,3.45,2.52
2014.06.23 01:43:29.723,0.95889,0.95903,4.39,1.25
2014.06.23 01:43:30.078,0.95889,0.959,1.47,1.00
2014.06.23 01:43:30.180,0.95888,0.95902,4.39,1.00
2014.06.23 01:43:30.485,0.95891,0.95902,3.08,1.00
2014.06.23 01:43:30.587,0.95892,0.95905,2.33,1.25
2014.06.23 01:43:30.891,0.95895,0.95905,4.88,1.00
2014.06.23 01:43:31.043,0.95896,0.95907,1.47,1.25
2014.06.23 01:43:31.550,0.95894,0.95907,2.33,1.84
2014.06.23 01:43:31.652,0.95893,0.95906,3.08,1.33
2014.06.23 01:43:33.049,0.95893,0.95903,3.08,1.10
2014.06.23 01:43:33.101,0.95893,0.95903,1.08,1.20
2014.06.23 01:43:33.153,0.95892,0.95904,1.00,1.18
2014.06.23 01:43:33.710,0.95892,0.95901,1.10,1.00
2014.06.23 01:43:34.030,0.95892,0.95903,1.18,1.10
2014.06.23 01:43:34.081,0.95892,0.95903,3.08,1.00
2014.06.23 01:43:36.657,0.95892,0.95902,3.27,1.00
2014.06.23 01:43:37.182,0.95892,0.95902,1.47,1.00
2014.06.23 01:43:39.987,0.95892,0.95902,1.18,1.02
2014.06.23 01:43:40.190,0.95888,0.95901,2.97,1.00
2014.06.23 01:43:40.739,0.95888,0.959,2.59,1.00
2014.06.23 01:43:41.169,0.95888,0.95898,1.37,1.00
2014.06.23 01:43:45.130,0.95888,0.959,2.59,1.10
2014.06.23 01:43:46.038,0.95889,0.959,1.39,1.10
2014.06.23 01:43:47.837,0.95889,0.959,1.27,1.10
2014.06.23 01:43:48.846,0.95889,0.959,1.34,1.10
2014.06.23 01:43:49.703,0.95887,0.959,1.84,1.00
2014.06.23 01:43:50.059,0.95887,0.95898,1.34,1.00
2014.06.23 01:43:50.566,0.95885,0.95897,6.19,1.00
2014.06.23 01:43:51.085,0.95885,0.95898,5.44,1.50
2014.06.23 01:43:54.194,0.95887,0.95898,1.37,1.50
2014.06.23 01:43:54.704,0.95886,0.95898,1.37,1.50
2014.06.23 01:43:57.358,0.95886,0.95898,1.29,1.77
2014.06.23 01:43:58.369,0.95885,0.95898,1.47,1.58
2014.06.23 01:43:59.470,0.95886,0.95898,1.29,1.58
2014.06.23 01:43:59.611,0.95885,0.95898,1.09,1.77
2014.06.23 01:43:59.664,0.95885,0.95896,1.09,1.00
2014.06.23 01:44:00.659,0.95884,0.95896,1.58,1.08
2014.06.23 01:44:00.811,0.95881,0.95893,1.58,1.58
2014.06.23 01:44:00.970,0.95881,0.95893,1.00,1.08
2014.06.23 01:44:01.072,0.95879,0.95891,1.65,1.20
2014.06.23 01:44:05.968,0.95879,0.95891,1.18,1.10
2014.06.23 01:44:06.070,0.95879,0.95893,1.15,1.10
2014.06.23 01:44:06.798,0.95881,0.95894,1.18,1.58
2014.06.23 01:44:06.849,0.95881,0.95894,3.08,1.58
2014.06.23 01:44:07.153,0.95882,0.95895,1.15,1.50
2014.06.23 01:44:08.179,0.95882,0.95895,1.08,1.18
2014.06.23 01:44:08.748,0.95882,0.95892,1.08,1.00
2014.06.23 01:44:08.799,0.9588,0.95892,1.18,1.00
2014.06.23 01:44:09.720,0.9588,0.95893,1.18,1.58
2014.06.23 01:44:11.281,0.95882,0.95893,1.00,1.10
2014.06.23 01:44:12.269,0.95882,0.95894,1.20,1.20
2014.06.23 01:44:12.528,0.95882,0.95894,5.25,1.00
2014.06.23 01:44:12.579,0.95882,0.95896,6.00,1.00
2014.06.23 01:44:12.833,0.95887,0.95899,2.33,1.50
2014.06.23 01:44:13.138,0.95888,0.95897,1.18,1.00
2014.06.23 01:44:13.290,0.95884,0.95897,3.08,2.25
2014.06.23 01:44:13.609,0.95884,0.95895,3.08,1.00
2014.06.23 01:44:16.912,0.95885,0.95895,2.70,1.00
2014.06.23 01:44:17.226,0.95884,0.95895,1.58,1.00
2014.06.23 01:44:17.379,0.95884,0.95892,1.58,1.00
2014.06.23 01:44:17.889,0.95884,0.95889,1.08,1.00
2014.06.23 01:44:18.002,0.95884,0.95892,1.08,1.00
2014.06.23 01:44:18.624,0.95883,0.95893,3.83,1.00
2014.06.23 01:44:19.384,0.95886,0.95893,2.33,1.00
2014.06.23 01:44:19.436,0.95886,0.95896,2.33,1.00
2014.06.23 01:44:19.537,0.95887,0.95896,1.90,1.00
2014.06.23 01:44:20.125,0.95887,0.95897,1.90,1.00
2014.06.23 01:44:20.226,0.95888,0.95899,3.08,1.00
2014.06.23 01:44:20.771,0.95889,0.959,3.08,1.00
2014.06.23 01:44:21.533,0.95889,0.95901,3.08,1.00
2014.06.23 01:44:22.045,0.95894,0.95901,1.00,1.00
2014.06.23 01:44:22.146,0.95894,0.95903,1.10,1.00
2014.06.23 01:44:22.248,0.95894,0.95903,1.08,1.00
2014.06.23 01:44:22.401,0.95895,0.95907,3.08,1.00
2014.06.23 01:44:23.735,0.95895,0.95905,4.58,1.00
2014.06.23 01:44:25.043,0.95895,0.95907,2.40,1.50
2014.06.23 01:44:25.835,0.95895,0.95907,2.40,1.88
2014.06.23 01:44:26.040,0.95895,0.95904,1.50,1.00
2014.06.23 01:44:26.415,0.95893,0.95904,1.00,1.10
2014.06.23 01:44:26.567,0.9589,0.95901,1.15,1.00
2014.06.23 01:44:26.771,0.9589,0.95904,1.28,2.03
2014.06.23 01:44:30.127,0.9589,0.95904,1.15,1.58
2014.06.23 01:44:30.240,0.95893,0.95904,1.15,1.00
2014.06.23 01:44:30.848,0.95895,0.95902,1.10,1.00
2014.06.23 01:44:31.314,0.95895,0.95906,1.15,1.50
2014.06.23 01:44:31.670,0.95905,0.9591,2.25,1.00
2014.06.23 01:44:31.721,0.95905,0.95912,2.33,1.00
2014.06.23 01:44:31.772,0.95906,0.95914,2.33,1.00
2014.06.23 01:44:31.927,0.95907,0.95914,1.00,1.00
2014.06.23 01:44:31.978,0.95903,0.95916,4.50,1.00
2014.06.23 01:44:32.030,0.95898,0.95909,2.07,4.50
2014.06.23 01:44:32.141,0.95898,0.95912,1.95,1.00
2014.06.23 01:44:32.193,0.95901,0.95912,1.00,1.00
2014.06.23 01:44:32.244,0.95901,0.95912,1.00,3.08
2014.06.23 01:44:32.700,0.95901,0.95908,1.88,2.25
2014.06.23 01:44:32.802,0.95901,0.95915,1.13,1.15
2014.06.23 01:44:33.209,0.95898,0.9591,3.83,1.00
2014.06.23 01:44:33.565,0.95897,0.95911,1.08,3.08
2014.06.23 01:44:33.768,0.95896,0.9591,1.08,1.00
2014.06.23 01:44:33.970,0.95895,0.95909,1.10,1.00
2014.06.23 01:44:34.605,0.95897,0.95911,1.00,1.00
2014.06.23 01:44:34.960,0.95896,0.95909,1.50,1.00
2014.06.23 01:44:35.061,0.95897,0.95911,1.88,1.00
2014.06.23 01:44:35.163,0.95901,0.95915,1.00,1.00
2014.06.23 01:44:35.498,0.95917,0.95922,2.63,1.00
2014.06.23 01:44:35.549,0.95914,0.95921,1.53,1.00
2014.06.23 01:44:35.956,0.95919,0.95927,1.00,1.00
2014.06.23 01:44:36.364,0.95918,0.95924,1.00,1.00
2014.06.23 01:44:36.845,0.9592,0.95926,1.00,1.00
2014.06.23 01:44:36.947,0.9592,0.95931,1.00,1.50
2014.06.23 01:44:38.566,0.95918,0.95931,1.00,1.50
2014.06.23 01:44:38.921,0.9593,0.95936,1.38,1.00
2014.06.23 01:44:39.074,0.95932,0.95944,2.89,1.00
2014.06.23 01:44:39.226,0.95931,0.95942,4.69,1.00
2014.06.23 01:44:39.536,0.95933,0.95942,2.33,1.00
2014.06.23 01:44:39.806,0.95929,0.95941,2.33,1.00
2014.06.23 01:44:39.908,0.95929,0.95939,2.52,1.00
2014.06.23 01:44:40.212,0.95933,0.95939,1.15,1.00
2014.06.23 01:44:40.314,0.95936,0.95946,1.00,1.75
2014.06.23 01:44:40.365,0.95928,0.95939,1.00,1.00
2014.06.23 01:44:40.467,0.95925,0.95938,1.25,1.00
2014.06.23 01:44:40.518,0.95925,0.95941,1.25,1.00
2014.06.23 01:44:40.569,0.95933,0.95941,1.07,1.13
2014.06.23 01:44:40.977,0.95932,0.95944,2.33,1.13
2014.06.23 01:44:41.131,0.95929,0.95945,2.33,1.00
2014.06.23 01:44:41.233,0.95928,0.95943,2.33,1.00
2014.06.23 01:44:41.436,0.95924,0.9594,2.70,1.00
2014.06.23 01:44:41.487,0.95922,0.9594,3.45,1.00
2014.06.23 01:44:41.639,0.95918,0.95938,3.83,1.50
2014.06.23 01:44:41.741,0.95918,0.95936,3.08,1.00
2014.06.23 01:44:42.883,0.95918,0.95936,1.18,1.50
2014.06.23 01:44:44.414,0.95916,0.95936,1.73,1.50
2014.06.23 01:44:44.916,0.95916,0.95936,1.80,1.50
2014.06.23 01:44:45.169,0.95921,0.95936,1.08,1.00
2014.06.23 01:44:45.220,0.95921,0.95939,1.08,1.00
2014.06.23 01:44:45.731,0.9592,0.9594,2.70,1.00
2014.06.23 01:44:45.905,0.9592,0.95942,2.85,1.00
2014.06.23 01:44:46.058,0.95922,0.95942,2.85,1.00
2014.06.23 01:44:46.362,0.95925,0.95939,1.30,1.00
2014.06.23 01:44:46.899,0.95923,0.95939,1.30,1.00
2014.06.23 01:44:47.336,0.95918,0.95933,2.08,1.00
2014.06.23 01:44:47.488,0.95914,0.9593,1.00,1.00
2014.06.23 01:44:47.589,0.95914,0.9593,1.00,1.38
2014.06.23 01:44:47.843,0.95903,0.95924,1.00,3.27
2014.06.23 01:44:47.894,0.95887,0.9592,4.77,1.00
2014.06.23 01:44:47.945,0.95888,0.95916,2.52,1.75
2014.06.23 01:44:48.350,0.9589,0.95923,2.33,1.63
2014.06.23 01:44:48.553,0.95891,0.95915,2.33,1.00
2014.06.23 01:44:48.899,0.95891,0.95917,3.27,1.00
2014.06.23 01:44:48.950,0.95895,0.95917,2.25,1.00
2014.06.23 01:44:49.500,0.95896,0.95918,1.08,1.00
2014.06.23 01:44:49.804,0.95893,0.95914,3.00,1.00
2014.06.23 01:44:50.108,0.95893,0.95909,3.75,1.00
2014.06.23 01:44:51.507,0.95896,0.9591,1.45,1.00
2014.06.23 01:44:51.762,0.95909,0.95933,2.70,2.10
2014.06.23 01:44:51.813,0.95909,0.95933,2.70,1.50
2014.06.23 01:44:51.864,0.95915,0.95931,1.00,1.00
2014.06.23 01:44:51.966,0.95916,0.95947,2.70,2.10
2014.06.23 01:44:52.068,0.95918,0.95947,3.27,1.60
2014.06.23 01:44:52.373,0.95927,0.95959,2.33,1.00
2014.06.23 01:44:52.424,0.95927,0.95964,2.70,1.15
2014.06.23 01:44:52.475,0.9593,0.95964,2.25,1.15
2014.06.23 01:44:52.830,0.95927,0.95964,4.50,1.15
2014.06.23 01:44:52.932,0.95933,0.95949,1.10,1.00
2014.06.23 01:44:54.368,0.95934,0.9595,1.18,1.00
2014.06.23 01:44:54.698,0.95933,0.95949,3.08,1.38
2014.06.23 01:44:54.749,0.95933,0.95949,1.18,1.38
2014.06.23 01:44:54.960,0.95934,0.9595,1.15,1.00
2014.06.23 01:44:55.172,0.95932,0.95948,5.63,1.00
2014.06.23 01:44:55.274,0.95934,0.9595,1.20,1.00
2014.06.23 01:44:55.705,0.9593,0.95944,1.38,1.00
2014.06.23 01:44:55.806,0.95932,0.95948,1.10,1.00
2014.06.23 01:44:55.908,0.9593,0.95944,1.08,1.00
2014.06.23 01:44:58.695,0.95928,0.95944,1.38,1.00
2014.06.23 01:44:58.797,0.95936,0.9595,1.00,1.50
2014.06.23 01:44:58.899,0.95929,0.95943,1.00,1.00
2014.06.23 01:44:59.530,0.95927,0.95943,1.00,1.00
2014.06.23 01:45:00.005,0.95921,0.95942,1.00,1.00
2014.06.23 01:45:00.056,0.95927,0.95942,1.00,1.00
2014.06.23 01:45:00.159,0.9592,0.95942,1.00,1.00
2014.06.23 01:45:00.210,0.95918,0.95953,2.25,1.13
2014.06.23 01:45:00.313,0.95918,0.95953,1.80,1.13
2014.06.23 01:45:00.516,0.95928,0.9611,1.00,1.58
2014.06.23 01:45:00.568,0.96073,0.96222,4.17,1.25
2014.06.23 01:45:00.903,0.96216,0.96231,7.20,1.43
2014.06.23 01:45:00.954,0.96216,0.96229,2.70,1.71
2014.06.23 01:45:01.016,0.96216,0.96229,2.70,1.71
2014.06.23 01:45:01.067,0.96213,0.96237,2.63,1.50
2014.06.23 01:45:01.318,0.96205,0.96238,1.38,1.50
2014.06.23 01:45:01.373,0.96206,0.96256,1.38,1.58
2014.06.23 01:45:01.432,0.96237,0.96256,0.38,1.58
2014.06.23 01:45:01.718,0.96234,0.96249,0.38,2.33
2014.06.23 01:45:01.820,0.96237,0.96256,0.38,3.83
2014.06.23 01:45:02.031,0.96218,0.96239,1.00,4.60
2014.06.23 01:45:02.082,0.96218,0.96227,1.00,1.00
2014.06.23 01:45:02.185,0.96218,0.96242,1.30,1.00
2014.06.23 01:45:02.288,0.96202,0.96242,1.38,1.00
2014.06.23 01:45:02.390,0.96202,0.96238,1.38,1.25
2014.06.23 01:45:02.696,0.96197,0.96236,1.30,1.19
2014.06.23 01:45:02.748,0.96197,0.96236,1.50,1.19
2014.06.23 01:45:02.799,0.96197,0.96243,1.50,1.00
2014.06.23 01:45:02.952,0.96197,0.96242,1.50,2.44
2014.06.23 01:45:03.256,0.96183,0.9623,1.38,2.44
2014.06.23 01:45:03.562,0.96188,0.9622,1.05,1.38
2014.06.23 01:45:03.867,0.96184,0.96215,1.00,2.07
2014.06.23 01:45:03.969,0.96171,0.9621,1.57,1.57
2014.06.23 01:45:04.071,0.96167,0.96205,1.57,1.50
2014.06.23 01:45:04.173,0.96182,0.96205,1.00,1.00
2014.06.23 01:45:04.327,0.96177,0.96205,1.00,1.38
2014.06.23 01:45:04.378,0.96177,0.96205,1.00,1.38
2014.06.23 01:45:04.551,0.96182,0.96197,1.00,1.25
2014.06.23 01:45:04.602,0.9617,0.96197,1.00,1.25
2014.06.23 01:45:04.755,0.9617,0.96193,1.00,1.25
2014.06.23 01:45:04.857,0.96167,0.96193,1.00,1.32
2014.06.23 01:45:04.960,0.96167,0.96191,1.00,1.19
2014.06.23 01:45:05.163,0.96144,0.96185,3.38,1.32
2014.06.23 01:45:05.367,0.96134,0.96164,1.00,1.00
2014.06.23 01:45:05.418,0.96132,0.96164,1.00,1.00
2014.06.23 01:45:05.469,0.96132,0.96182,1.00,2.70
2014.06.23 01:45:05.520,0.96123,0.9617,1.00,1.19
2014.06.23 01:45:05.571,0.96116,0.9617,1.88,1.19
2014.06.23 01:45:05.876,0.96105,0.96144,1.75,1.00
2014.06.23 01:45:06.029,0.96085,0.96128,1.88,1.19
2014.06.23 01:45:06.080,0.96097,0.96128,1.00,1.19
2014.06.23 01:45:06.182,0.96099,0.96145,1.38,2.25
2014.06.23 01:45:06.233,0.96093,0.96126,1.75,1.19
2014.06.23 01:45:06.284,0.96093,0.96131,1.75,1.19
2014.06.23 01:45:06.335,0.961,0.96144,1.88,1.00
2014.06.23 01:45:06.386,0.961,0.96172,1.88,1.45
2014.06.23 01:45:06.437,0.96113,0.96172,1.00,1.27
2014.06.23 01:45:06.742,0.96146,0.96167,2.22,1.13
2014.06.23 01:45:06.793,0.96146,0.96173,2.22,1.38
2014.06.23 01:45:06.996,0.96144,0.96167,1.60,2.25
2014.06.23 01:45:07.047,0.96125,0.96166,1.19,2.25
2014.06.23 01:45:07.098,0.96125,0.9614,1.19,1.00
2014.06.23 01:45:07.149,0.96125,0.96142,1.24,1.00
2014.06.23 01:45:07.200,0.96144,0.96173,1.62,1.65
2014.06.23 01:45:07.251,0.96144,0.96174,1.62,5.25
2014.06.23 01:45:07.353,0.96144,0.96176,1.62,2.63
2014.06.23 01:45:07.404,0.9614,0.96176,1.00,2.63
2014.06.23 01:45:07.506,0.96136,0.96176,1.19,1.88
2014.06.23 01:45:07.608,0.96136,0.96149,1.19,0.38
2014.06.23 01:45:07.660,0.9613,0.96148,1.19,0.38
2014.06.23 01:45:07.762,0.96127,0.96166,1.19,1.13
2014.06.23 01:45:07.864,0.96123,0.96165,2.08,1.94
2014.06.23 01:45:07.923,0.96123,0.96166,1.49,2.07
2014.06.23 01:45:08.127,0.96122,0.96153,1.40,1.63
2014.06.23 01:45:08.178,0.96116,0.96147,1.05,1.38
2014.06.23 01:45:08.280,0.96116,0.96143,1.43,1.63
2014.06.23 01:45:08.331,0.96116,0.96143,1.05,1.63
2014.06.23 01:45:08.637,0.96116,0.96142,1.44,1.57
2014.06.23 01:45:08.688,0.96116,0.96149,1.44,1.00
2014.06.23 01:45:08.891,0.96116,0.96149,2.00,2.07
2014.06.23 01:45:08.993,0.96116,0.96149,2.07,1.57
2014.06.23 01:45:09.095,0.96114,0.96155,1.32,1.57
2014.06.23 01:45:09.402,0.96121,0.96146,1.19,1.38
2014.06.23 01:45:09.453,0.96113,0.96146,1.49,1.38
2014.06.23 01:45:09.555,0.96114,0.96143,1.19,1.57
2014.06.23 01:45:09.657,0.96111,0.9614,1.27,1.57
2014.06.23 01:45:09.860,0.96116,0.96142,1.19,2.63
2014.06.23 01:45:09.912,0.96116,0.96142,1.19,2.63
2014.06.23 01:45:09.963,0.96107,0.96142,1.39,2.82
2014.06.23 01:45:10.014,0.96113,0.96142,1.85,2.82
2014.06.23 01:45:10.369,0.96113,0.96139,1.75,1.94
2014.06.23 01:45:10.471,0.96116,0.96146,1.32,1.94
2014.06.23 01:45:10.574,0.96116,0.96128,1.32,2.25
2014.06.23 01:45:10.726,0.96115,0.96137,1.94,3.00
2014.06.23 01:45:10.778,0.96113,0.96141,1.27,1.28
2014.06.23 01:45:10.880,0.9611,0.96131,1.00,1.10
2014.06.23 01:45:10.981,0.96112,0.96131,1.19,1.10
2014.06.23 01:45:11.032,0.96112,0.96135,3.19,1.13
2014.06.23 01:45:11.083,0.96112,0.96134,2.25,1.57
2014.06.23 01:45:11.236,0.96106,0.96128,2.48,2.63
2014.06.23 01:45:11.338,0.96097,0.96127,3.14,5.14
2014.06.23 01:45:11.490,0.96089,0.9611,2.44,2.25
2014.06.23 01:45:11.592,0.96095,0.96109,1.50,2.18
2014.06.23 01:45:11.694,0.96094,0.96119,1.58,2.33
2014.06.23 01:45:11.948,0.96092,0.96119,2.14,2.63
2014.06.23 01:45:12.000,0.9609,0.96116,1.96,2.33
2014.06.23 01:45:12.051,0.9609,0.96116,1.34,2.33
2014.06.23 01:45:12.102,0.96088,0.96112,1.34,2.25
2014.06.23 01:45:12.407,0.96106,0.96113,2.25,2.18
2014.06.23 01:45:12.560,0.96105,0.96113,1.08,2.18
2014.06.23 01:45:12.611,0.96105,0.96117,1.08,2.25
2014.06.23 01:45:12.662,0.96109,0.96117,2.25,2.18
2014.06.23 01:45:12.713,0.96109,0.96117,2.25,1.25
2014.06.23 01:45:12.764,0.96104,0.96116,2.25,2.25
2014.06.23 01:45:12.840,0.96087,0.96116,1.69,2.25
2014.06.23 01:45:12.993,0.96087,0.9611,1.19,2.25
2014.06.23 01:45:13.095,0.96087,0.96111,1.00,2.44
2014.06.23 01:45:13.247,0.96098,0.9611,2.25,1.25
2014.06.23 01:45:13.298,0.96098,0.96117,2.25,1.32
2014.06.23 01:45:13.349,0.96105,0.96118,2.25,2.82
2014.06.23 01:45:13.654,0.96101,0.9611,2.18,1.63
2014.06.23 01:45:13.857,0.96097,0.96109,2.33,1.63
2014.06.23 01:45:13.908,0.96097,0.96107,2.25,2.44
2014.06.23 01:45:14.010,0.96097,0.96113,2.25,1.19
2014.06.23 01:45:14.112,0.9609,0.961,2.25,1.25
2014.06.23 01:45:14.213,0.96088,0.96105,2.33,1.19
2014.06.23 01:45:14.315,0.96088,0.96101,2.25,2.44
2014.06.23 01:45:14.518,0.96085,0.96101,2.25,2.44
2014.06.23 01:45:14.722,0.96083,0.96104,1.09,1.25
2014.06.23 01:45:14.823,0.96083,0.96101,1.17,1.25
2014.06.23 01:45:15.128,0.96083,0.96106,1.84,1.19
2014.06.23 01:45:15.331,0.96087,0.96106,1.19,2.44
2014.06.23 01:45:15.483,0.9609,0.96112,2.44,1.77
2014.06.23 01:45:15.585,0.96094,0.96111,2.44,2.44
2014.06.23 01:45:15.889,0.96112,0.96119,2.25,1.00
2014.06.23 01:45:15.941,0.96112,0.9612,4.50,1.25
2014.06.23 01:45:15.992,0.96114,0.96122,2.33,1.50
2014.06.23 01:45:16.296,0.96116,0.96123,2.33,1.50
2014.06.23 01:45:16.809,0.96115,0.96122,1.28,2.75
2014.06.23 01:45:16.865,0.96115,0.96125,1.28,1.19
2014.06.23 01:45:17.120,0.96113,0.9612,2.55,2.44
2014.06.23 01:45:17.221,0.9611,0.96122,2.25,1.19
2014.06.23 01:45:17.323,0.96103,0.96119,1.09,1.25
2014.06.23 01:45:17.688,0.96106,0.96125,1.29,3.27
2014.06.23 01:45:17.994,0.96112,0.96125,2.52,1.02
2014.06.23 01:45:18.299,0.96112,0.96123,2.33,1.25
2014.06.23 01:45:18.619,0.96112,0.96121,2.33,1.25
2014.06.23 01:45:18.875,0.96112,0.96123,2.33,1.25
2014.06.23 01:45:18.978,0.96115,0.96123,2.33,1.25
2014.06.23 01:45:19.140,0.96115,0.96125,2.33,1.25
2014.06.23 01:45:19.192,0.96113,0.96125,2.52,1.25
2014.06.23 01:45:19.243,0.96113,0.96123,2.33,1.19
2014.06.23 01:45:19.295,0.96111,0.96123,1.50,1.29
2014.06.23 01:45:19.499,0.96109,0.96127,1.75,1.37
2014.06.23 01:45:19.550,0.9611,0.96123,1.94,1.25
2014.06.23 01:45:19.855,0.96108,0.96121,1.94,2.33
2014.06.23 01:45:19.906,0.96105,0.96121,1.57,2.33
2014.06.23 01:45:19.957,0.96103,0.96116,1.69,2.33
2014.06.23 01:45:20.261,0.9611,0.96122,2.33,1.25
2014.06.23 01:45:20.413,0.96108,0.96122,1.00,1.25
2014.06.23 01:45:20.464,0.96105,0.96122,2.87,1.25
2014.06.23 01:45:20.769,0.96104,0.96122,5.97,1.02
2014.06.23 01:45:20.877,0.9611,0.96128,1.19,3.27
2014.06.23 01:45:21.350,0.96108,0.96125,1.19,1.27
2014.06.23 01:45:21.503,0.96109,0.96128,1.19,2.33
2014.06.23 01:45:21.859,0.9611,0.96124,1.17,1.69
2014.06.23 01:45:22.188,0.96112,0.96124,1.19,3.00
2014.06.23 01:45:22.239,0.96112,0.96124,1.19,1.00
2014.06.23 01:45:22.748,0.96114,0.96124,1.00,1.10
2014.06.23 01:45:22.799,0.96113,0.96124,1.34,1.10
2014.06.23 01:45:23.130,0.96113,0.96124,1.34,3.08
2014.06.23 01:45:23.232,0.96113,0.96124,1.19,1.18
2014.06.23 01:45:23.537,0.96119,0.96124,2.18,1.00
2014.06.23 01:45:23.994,0.96117,0.96124,2.33,3.19
2014.06.23 01:45:24.502,0.96116,0.96124,2.33,3.19
2014.06.23 01:45:24.605,0.96113,0.96124,2.89,1.00
2014.06.23 01:45:24.707,0.96116,0.96131,2.33,1.25
2014.06.23 01:45:24.809,0.96119,0.96128,2.33,1.25
2014.06.23 01:45:25.113,0.96117,0.96128,2.48,2.44
2014.06.23 01:45:25.215,0.96115,0.96128,2.48,2.44
2014.06.23 01:45:25.428,0.96116,0.96127,2.78,2.44
2014.06.23 01:45:25.582,0.96114,0.96128,5.44,2.44
2014.06.23 01:45:26.092,0.96113,0.96129,5.59,1.25
2014.06.23 01:45:26.194,0.96113,0.96129,6.04,1.25
2014.06.23 01:45:26.498,0.96113,0.96129,4.24,1.25
2014.06.23 01:45:26.600,0.96117,0.96131,1.27,1.02
2014.06.23 01:45:26.904,0.96117,0.96131,1.64,1.40
2014.06.23 01:45:27.209,0.96118,0.96131,1.32,1.25
2014.06.23 01:45:27.311,0.9612,0.96133,2.33,1.25
2014.06.23 01:45:27.831,0.96119,0.96133,2.33,1.25
2014.06.23 01:45:27.882,0.96118,0.96133,1.25,1.25
2014.06.23 01:45:27.984,0.96116,0.96132,1.24,2.44
2014.06.23 01:45:28.289,0.96124,0.96129,2.18,1.19
2014.06.23 01:45:28.700,0.96125,0.9613,4.35,1.25
2014.06.23 01:45:28.801,0.96123,0.96129,4.50,1.19
2014.06.23 01:45:28.955,0.96124,0.96132,4.50,1.19
2014.06.23 01:45:29.006,0.96124,0.96133,5.25,1.25
2014.06.23 01:45:29.058,0.96126,0.96133,2.33,1.25
2014.06.23 01:45:29.312,0.96121,0.96133,4.65,1.25
2014.06.23 01:45:29.516,0.96117,0.96133,1.72,1.25
2014.06.23 01:45:30.022,0.96118,0.96137,2.25,3.27
