2014.04.28 03:00:00.460,0.94787,0.94798,1.92,1.05
2014.04.28 03:00:00.612,0.94787,0.94799,1.10,2.07
2014.04.28 03:00:01.744,0.94787,0.94798,1.10,1.69
2014.04.28 03:00:02.261,0.94787,0.94799,1.65,3.19
2014.04.28 03:00:02.788,0.94787,0.94799,1.73,3.12
2014.04.28 03:00:05.459,0.94789,0.94799,1.10,3.12
2014.04.28 03:00:05.662,0.94789,0.94799,3.04,1.00
2014.04.28 03:00:05.915,0.94794,0.94803,1.10,1.54
2014.04.28 03:00:07.617,0.94794,0.94805,2.59,1.09
2014.04.28 03:00:07.718,0.94795,0.94805,1.18,1.33
2014.04.28 03:00:08.261,0.94797,0.94806,1.00,1.84
2014.04.28 03:00:08.875,0.94797,0.94805,1.00,1.29
2014.04.28 03:00:09.581,0.94797,0.94806,1.00,1.84
2014.04.28 03:00:21.687,0.94797,0.94806,1.00,1.00
2014.04.28 03:00:22.287,0.94798,0.94806,1.10,1.00
2014.04.28 03:00:36.714,0.94798,0.94807,1.10,1.10
2014.04.28 03:00:38.805,0.94798,0.94804,1.10,1.00
2014.04.28 03:00:41.193,0.94796,0.94804,1.47,1.00
2014.04.28 03:00:41.963,0.94796,0.94804,1.02,1.00
2014.04.28 03:00:44.753,0.94796,0.94804,1.10,1.18
2014.04.28 03:00:45.091,0.94796,0.94801,1.10,1.00
2014.04.28 03:00:56.663,0.94796,0.94801,1.10,1.19
2014.04.28 03:00:56.714,0.94792,0.94801,1.20,1.19
2014.04.28 03:00:56.920,0.94796,0.94801,1.10,1.00
2014.04.28 03:00:57.382,0.94796,0.94804,1.10,1.19
2014.04.28 03:00:57.994,0.94796,0.94804,1.10,1.00
2014.04.28 03:01:10.715,0.94796,0.94806,1.10,1.62
2014.04.28 03:01:11.293,0.94795,0.94806,1.84,1.62
2014.04.28 03:01:11.445,0.948,0.94807,1.10,1.37
2014.04.28 03:01:12.968,0.94798,0.94807,1.58,1.09
2014.04.28 03:01:17.881,0.94798,0.94807,1.58,1.09
2014.04.28 03:01:29.544,0.94798,0.94807,1.58,1.40
2014.04.28 03:01:55.356,0.94798,0.94805,1.10,1.29
2014.04.28 03:01:55.661,0.94794,0.948,1.18,1.20
2014.04.28 03:01:55.712,0.9479,0.948,1.33,1.20
2014.04.28 03:01:55.813,0.94789,0.94798,1.47,1.00
2014.04.28 03:01:55.965,0.94793,0.94798,1.10,1.09
2014.04.28 03:01:56.274,0.94789,0.94798,1.30,1.02
2014.04.28 03:01:57.761,0.94789,0.94798,1.30,1.33
2014.04.28 03:01:58.077,0.94788,0.94795,1.25,1.00
2014.04.28 03:02:00.313,0.94788,0.94796,1.25,1.00
2014.04.28 03:02:00.866,0.9479,0.94796,1.10,1.00
2014.04.28 03:02:02.805,0.9479,0.94797,1.10,1.02
2014.04.28 03:02:13.405,0.94791,0.94797,1.10,1.02
2014.04.28 03:02:14.615,0.9479,0.94797,1.10,1.02
2014.04.28 03:02:14.930,0.9479,0.94797,1.10,1.40
2014.04.28 03:02:28.368,0.94791,0.94797,1.10,1.40
2014.04.28 03:02:32.778,0.94791,0.94797,1.10,1.00
2014.04.28 03:02:33.293,0.94791,0.94799,1.10,1.47
2014.04.28 03:02:35.405,0.94795,0.94801,1.10,3.19
2014.04.28 03:02:35.507,0.94795,0.94802,1.10,2.22
2014.04.28 03:02:36.107,0.94795,0.94802,1.10,2.14
2014.04.28 03:02:36.615,0.94795,0.94802,1.10,2.14
2014.04.28 03:02:41.127,0.94795,0.94802,1.10,2.14
2014.04.28 03:02:42.090,0.94795,0.94802,1.10,1.39
2014.04.28 03:02:44.932,0.94795,0.94801,1.10,1.19
2014.04.28 03:02:56.985,0.94795,0.94801,1.10,1.47
2014.04.28 03:02:57.972,0.94795,0.94801,1.10,1.47
2014.04.28 03:03:04.445,0.94794,0.94802,1.10,2.97
2014.04.28 03:03:05.106,0.94792,0.94802,1.10,2.97
2014.04.28 03:03:10.385,0.9479,0.94801,1.35,1.47
2014.04.28 03:03:13.754,0.94793,0.94802,1.19,1.53
2014.04.28 03:03:13.855,0.94794,0.94803,1.37,1.00
2014.04.28 03:03:13.957,0.94794,0.94805,1.84,1.20
2014.04.28 03:03:15.007,0.94792,0.94805,4.02,2.14
2014.04.28 03:03:17.066,0.94792,0.94805,4.39,2.89
2014.04.28 03:03:17.588,0.94794,0.94806,1.47,1.02
2014.04.28 03:03:18.162,0.94794,0.94807,2.22,1.92
2014.04.28 03:03:18.263,0.94795,0.94807,2.52,1.77
2014.04.28 03:03:19.767,0.94796,0.94808,4.09,2.14
2014.04.28 03:03:20.332,0.94797,0.94808,4.02,1.25
2014.04.28 03:03:20.888,0.94797,0.94809,4.02,1.02
2014.04.28 03:03:21.268,0.948,0.94809,1.85,1.20
2014.04.28 03:03:21.471,0.94801,0.94813,1.39,1.84
2014.04.28 03:03:21.572,0.94802,0.94813,1.55,1.25
2014.04.28 03:03:21.928,0.94803,0.94811,2.33,1.10
2014.04.28 03:03:21.979,0.94802,0.94811,1.47,1.10
2014.04.28 03:03:22.131,0.94801,0.94813,2.59,1.02
2014.04.28 03:03:22.637,0.94803,0.94812,1.28,1.25
2014.04.28 03:03:23.157,0.94804,0.94814,1.20,1.19
2014.04.28 03:03:23.771,0.94804,0.94814,1.20,1.13
2014.04.28 03:03:25.816,0.94803,0.94814,1.28,1.32
2014.04.28 03:03:26.777,0.94803,0.94814,1.28,1.32
2014.04.28 03:03:30.774,0.94803,0.94814,1.28,1.32
2014.04.28 03:03:31.605,0.94803,0.94814,3.49,1.13
2014.04.28 03:03:31.808,0.94804,0.94817,3.72,2.14
2014.04.28 03:03:32.313,0.94804,0.94816,2.78,1.57
2014.04.28 03:03:35.336,0.94804,0.94815,2.40,2.07
2014.04.28 03:03:36.951,0.94803,0.94815,5.33,2.82
2014.04.28 03:03:37.205,0.94804,0.94815,1.40,1.32
2014.04.28 03:03:37.306,0.94806,0.94815,2.33,1.32
2014.04.28 03:03:38.205,0.94806,0.94817,2.33,1.29
2014.04.28 03:03:38.533,0.94805,0.94817,1.09,1.47
2014.04.28 03:03:40.219,0.94805,0.94817,1.18,1.92
2014.04.28 03:03:41.212,0.94805,0.94817,1.09,1.92
2014.04.28 03:03:55.340,0.94804,0.94817,2.14,2.22
2014.04.28 03:03:56.344,0.94804,0.94817,2.14,2.22
2014.04.28 03:03:58.910,0.94804,0.94817,2.14,2.22
2014.04.28 03:03:59.165,0.94804,0.94815,1.28,1.27
2014.04.28 03:03:59.450,0.94801,0.94815,2.67,3.04
2014.04.28 03:04:00.043,0.94801,0.94814,2.48,1.84
2014.04.28 03:04:04.105,0.94801,0.94814,1.92,1.09
2014.04.28 03:04:04.155,0.94804,0.94814,1.10,1.09
2014.04.28 03:04:04.652,0.94804,0.94815,1.28,1.02
2014.04.28 03:04:08.341,0.94804,0.94817,2.67,1.27
2014.04.28 03:04:08.956,0.94804,0.94817,5.22,1.29
2014.04.28 03:04:09.616,0.94804,0.94817,5.22,1.02
2014.04.28 03:04:16.366,0.94804,0.94818,4.47,3.42
2014.04.28 03:04:16.759,0.94804,0.94818,1.92,5.97
2014.04.28 03:04:16.911,0.94804,0.94814,1.09,1.08
2014.04.28 03:04:31.212,0.94803,0.94814,1.10,1.09
2014.04.28 03:04:48.041,0.94803,0.94814,1.10,1.84
2014.04.28 03:04:49.031,0.94803,0.94814,1.10,1.37
2014.04.28 03:04:57.961,0.94803,0.94814,1.10,1.47
2014.04.28 03:04:58.484,0.94803,0.94814,1.10,3.64
2014.04.28 03:05:09.443,0.948,0.94813,1.84,1.34
2014.04.28 03:05:09.664,0.948,0.94812,2.07,2.52
2014.04.28 03:05:09.967,0.94799,0.9481,1.25,2.89
2014.04.28 03:05:10.372,0.94798,0.94808,1.00,3.27
2014.04.28 03:05:10.525,0.94797,0.94808,1.17,1.09
2014.04.28 03:05:17.024,0.94796,0.94808,1.92,1.18
2014.04.28 03:05:20.021,0.94796,0.94808,1.92,1.18
2014.04.28 03:05:30.584,0.94798,0.94808,1.19,1.18
2014.04.28 03:05:31.086,0.94797,0.94808,1.39,1.18
2014.04.28 03:05:35.669,0.94796,0.94808,1.44,1.09
2014.04.28 03:05:37.276,0.94797,0.94808,1.39,1.18
2014.04.28 03:05:38.278,0.94798,0.94809,1.29,1.15
2014.04.28 03:05:38.939,0.94797,0.94809,1.09,1.92
2014.04.28 03:05:40.993,0.948,0.94809,1.00,1.92
2014.04.28 03:05:41.095,0.948,0.94809,1.18,1.77
2014.04.28 03:05:41.660,0.948,0.94809,1.00,1.02
2014.04.28 03:05:42.326,0.94799,0.94809,1.25,1.10
2014.04.28 03:05:43.282,0.94799,0.94809,1.63,1.10
2014.04.28 03:05:43.434,0.948,0.94812,2.14,1.25
2014.04.28 03:05:43.939,0.94801,0.94812,1.19,1.25
2014.04.28 03:05:44.506,0.94801,0.94812,1.25,1.17
2014.04.28 03:05:47.803,0.94802,0.94812,1.75,1.17
2014.04.28 03:05:47.956,0.94803,0.94812,1.02,1.10
2014.04.28 03:05:48.554,0.94803,0.94812,1.02,1.18
2014.04.28 03:05:49.105,0.94802,0.94812,2.44,1.25
2014.04.28 03:05:49.257,0.94803,0.94812,1.67,1.10
2014.04.28 03:05:49.771,0.94803,0.94812,1.84,1.10
2014.04.28 03:05:51.463,0.94803,0.94811,1.09,1.10
2014.04.28 03:05:51.565,0.94802,0.94811,2.97,1.10
2014.04.28 03:05:52.112,0.94802,0.94812,2.97,1.58
2014.04.28 03:05:55.282,0.94803,0.94812,1.28,1.58
2014.04.28 03:06:01.524,0.94802,0.94812,1.84,1.10
2014.04.28 03:06:02.131,0.94802,0.94813,1.84,1.65
2014.04.28 03:06:03.712,0.94801,0.94813,1.84,1.84
2014.04.28 03:06:03.763,0.94801,0.94813,1.69,4.09
2014.04.28 03:06:04.685,0.94801,0.94813,1.19,4.09
2014.04.28 03:06:08.885,0.94801,0.94813,1.34,1.84
2014.04.28 03:06:12.199,0.94803,0.94813,1.29,1.20
2014.04.28 03:06:12.301,0.94805,0.94813,1.19,1.20
2014.04.28 03:06:21.953,0.94805,0.94813,2.33,1.10
2014.04.28 03:06:22.258,0.94808,0.94818,2.33,1.19
2014.04.28 03:06:30.266,0.94807,0.9482,2.52,2.89
2014.04.28 03:06:30.722,0.94806,0.94813,1.84,1.10
2014.04.28 03:06:34.250,0.94805,0.94812,4.43,1.10
2014.04.28 03:06:34.301,0.94805,0.94812,2.44,1.10
2014.04.28 03:06:41.300,0.94805,0.94812,2.82,1.10
2014.04.28 03:06:41.821,0.94806,0.94817,1.84,1.00
2014.04.28 03:06:52.051,0.94806,0.94815,1.34,1.10
2014.04.28 03:06:52.581,0.94807,0.94815,1.15,1.10
2014.04.28 03:06:55.252,0.94807,0.94816,2.97,1.10
2014.04.28 03:06:55.758,0.9481,0.94815,1.50,1.10
2014.04.28 03:06:56.601,0.9481,0.94814,1.00,1.10
2014.04.28 03:06:57.142,0.94808,0.94814,1.84,1.10
2014.04.28 03:07:02.099,0.94808,0.9482,1.84,1.29
2014.04.28 03:07:04.846,0.94808,0.9482,1.18,1.29
2014.04.28 03:07:10.863,0.94808,0.9482,1.09,1.77
2014.04.28 03:07:14.921,0.94808,0.9482,1.18,1.84
2014.04.28 03:07:17.390,0.94808,0.94821,1.37,3.42
2014.04.28 03:07:28.761,0.94808,0.94819,1.73,1.29
2014.04.28 03:07:29.015,0.94808,0.94819,1.10,4.77
2014.04.28 03:07:29.516,0.94808,0.94817,1.10,1.40
2014.04.28 03:07:29.849,0.94805,0.94814,1.10,1.34
2014.04.28 03:07:31.196,0.94803,0.94814,1.10,1.34
2014.04.28 03:07:31.706,0.94801,0.94813,1.18,1.37
2014.04.28 03:07:32.263,0.94803,0.94813,1.10,1.37
2014.04.28 03:07:33.338,0.94803,0.94813,1.10,1.37
2014.04.28 03:07:34.342,0.94803,0.94813,1.10,1.37
2014.04.28 03:07:34.693,0.94803,0.94811,1.10,2.52
2014.04.28 03:07:37.188,0.94803,0.94812,1.10,3.27
2014.04.28 03:07:37.983,0.94803,0.94812,1.10,1.34
2014.04.28 03:07:38.524,0.94804,0.94813,1.20,1.34
2014.04.28 03:07:38.829,0.94807,0.94813,1.10,1.34
2014.04.28 03:07:39.404,0.94806,0.94814,1.10,5.14
2014.04.28 03:07:44.487,0.94806,0.94813,1.10,1.29
2014.04.28 03:07:48.291,0.94806,0.94813,1.10,1.29
2014.04.28 03:07:50.398,0.94806,0.94813,1.10,1.29
2014.04.28 03:07:50.570,0.94804,0.94813,1.10,1.29
2014.04.28 03:07:53.210,0.94805,0.94814,1.10,1.84
2014.04.28 03:07:53.828,0.94804,0.94814,1.10,1.84
2014.04.28 03:07:57.319,0.94804,0.94813,1.10,1.29
2014.04.28 03:07:58.320,0.94804,0.94813,1.10,1.29
2014.04.28 03:08:00.327,0.94804,0.94813,1.10,1.29
2014.04.28 03:08:00.864,0.94804,0.94814,1.10,1.37
2014.04.28 03:08:01.168,0.94804,0.94813,1.10,1.29
2014.04.28 03:08:01.492,0.94809,0.94814,1.10,1.29
2014.04.28 03:08:01.745,0.94804,0.94814,1.95,1.19
2014.04.28 03:08:02.631,0.94804,0.94814,1.10,1.27
2014.04.28 03:08:03.282,0.94803,0.94814,1.20,1.37
2014.04.28 03:08:04.063,0.94803,0.94814,1.20,1.84
2014.04.28 03:08:06.380,0.94803,0.94812,1.20,1.19
2014.04.28 03:08:06.532,0.94801,0.94812,1.65,1.84
2014.04.28 03:08:07.071,0.94801,0.94811,1.20,1.29
2014.04.28 03:08:09.688,0.94801,0.94811,1.20,1.29
2014.04.28 03:08:10.494,0.94798,0.94809,3.08,1.19
2014.04.28 03:08:14.502,0.94798,0.94809,3.27,1.25
2014.04.28 03:08:15.592,0.94798,0.94809,3.27,1.63
2014.04.28 03:08:17.429,0.94798,0.94809,2.52,1.25
2014.04.28 03:08:24.548,0.94798,0.94809,2.52,1.63
2014.04.28 03:08:26.313,0.94798,0.94809,2.52,1.25
2014.04.28 03:08:31.101,0.94798,0.94809,2.52,1.63
2014.04.28 03:08:32.836,0.94798,0.94809,2.33,2.07
2014.04.28 03:08:33.446,0.94798,0.94809,2.33,1.57
2014.04.28 03:08:43.389,0.94798,0.94809,2.89,1.25
2014.04.28 03:08:43.592,0.94799,0.94812,2.29,2.59
2014.04.28 03:08:44.580,0.94801,0.94812,1.20,2.22
2014.04.28 03:08:46.952,0.94801,0.94812,1.28,2.14
2014.04.28 03:08:52.079,0.94801,0.94811,1.28,1.57
2014.04.28 03:08:53.626,0.94801,0.94811,1.28,1.57
2014.04.28 03:08:56.606,0.94804,0.94812,1.10,2.14
2014.04.28 03:08:57.596,0.94802,0.94812,1.20,1.67
2014.04.28 03:09:00.341,0.94803,0.94813,1.10,2.97
2014.04.28 03:09:05.695,0.94803,0.94813,1.10,2.03
2014.04.28 03:09:06.974,0.948,0.94813,1.17,2.97
2014.04.28 03:09:07.476,0.948,0.94812,1.25,1.67
2014.04.28 03:09:14.446,0.948,0.94812,1.17,1.67
2014.04.28 03:09:19.779,0.948,0.94812,1.25,1.67
2014.04.28 03:09:23.776,0.948,0.94812,1.17,1.39
2014.04.28 03:09:34.801,0.94799,0.94812,3.49,2.22
2014.04.28 03:09:35.804,0.94799,0.94812,3.49,2.22
2014.04.28 03:09:37.795,0.94801,0.94813,1.28,2.22
2014.04.28 03:09:38.425,0.94803,0.94813,1.10,2.22
2014.04.28 03:09:38.977,0.94801,0.94813,1.54,2.22
2014.04.28 03:09:39.239,0.94803,0.94813,1.19,2.03
2014.04.28 03:09:39.544,0.94804,0.94815,2.29,1.20
2014.04.28 03:09:40.129,0.94805,0.94817,1.84,1.78
2014.04.28 03:09:42.545,0.94805,0.94815,1.20,1.67
2014.04.28 03:09:42.697,0.94802,0.94812,1.02,1.20
2014.04.28 03:09:43.260,0.948,0.94812,1.17,1.39
2014.04.28 03:09:54.378,0.94799,0.94811,1.28,1.39
2014.04.28 03:09:54.479,0.94799,0.94811,1.20,1.47
2014.04.28 03:09:56.052,0.948,0.94811,1.10,1.47
2014.04.28 03:09:56.643,0.94798,0.94809,1.18,1.19
2014.04.28 03:09:57.664,0.94798,0.94809,1.09,1.00
2014.04.28 03:09:58.205,0.94798,0.94809,1.25,1.15
2014.04.28 03:10:02.364,0.94796,0.94809,3.19,1.34
2014.04.28 03:10:11.140,0.94796,0.94809,2.74,2.97
2014.04.28 03:10:12.880,0.94796,0.94809,3.49,1.58
2014.04.28 03:10:14.974,0.94797,0.94809,1.40,1.48
2014.04.28 03:10:18.975,0.94797,0.94809,1.40,1.10
2014.04.28 03:10:19.978,0.94797,0.94809,1.40,1.39
2014.04.28 03:10:22.138,0.94797,0.94809,1.40,1.10
2014.04.28 03:10:22.239,0.94798,0.94809,2.33,1.00
2014.04.28 03:10:22.839,0.94798,0.9481,2.52,2.07
2014.04.28 03:10:52.487,0.94798,0.9481,3.27,2.07
2014.04.28 03:10:57.983,0.94798,0.9481,4.02,1.32
2014.04.28 03:11:01.992,0.94798,0.9481,3.27,1.32
2014.04.28 03:11:07.455,0.94798,0.9481,4.84,1.25
2014.04.28 03:11:08.412,0.94798,0.94812,4.84,2.97
2014.04.28 03:11:10.159,0.94798,0.94811,3.64,1.29
2014.04.28 03:11:15.176,0.94798,0.94811,3.27,1.39
2014.04.28 03:11:22.374,0.94797,0.94811,2.44,2.07
2014.04.28 03:11:23.087,0.94797,0.94808,2.44,1.00
2014.04.28 03:11:23.812,0.94797,0.94808,1.69,1.00
2014.04.28 03:11:24.472,0.94797,0.94808,1.69,1.00
2014.04.28 03:11:28.918,0.94797,0.9481,1.69,1.32
2014.04.28 03:11:29.424,0.94797,0.94811,2.44,2.07
2014.04.28 03:11:32.547,0.94797,0.9481,1.69,1.19
2014.04.28 03:11:32.967,0.94797,0.9481,1.84,1.47
2014.04.28 03:11:33.970,0.94796,0.94809,2.59,1.37
2014.04.28 03:11:37.585,0.94796,0.94809,2.59,1.09
2014.04.28 03:11:42.779,0.94796,0.94809,5.14,1.02
2014.04.28 03:11:45.070,0.94799,0.9481,1.39,1.18
2014.04.28 03:11:45.224,0.948,0.94812,1.84,1.47
2014.04.28 03:11:46.199,0.948,0.94813,3.42,1.47
2014.04.28 03:11:47.156,0.948,0.94813,3.42,1.47
2014.04.28 03:11:49.161,0.948,0.94813,3.42,1.47
2014.04.28 03:11:51.507,0.94803,0.94814,1.00,4.39
2014.04.28 03:11:56.542,0.94802,0.94814,1.00,4.39
2014.04.28 03:12:02.019,0.94802,0.94813,1.15,1.19
2014.04.28 03:12:02.300,0.94802,0.94815,2.07,2.14
2014.04.28 03:12:04.331,0.94802,0.94815,2.07,2.14
2014.04.28 03:12:13.223,0.94802,0.94814,1.88,1.32
2014.04.28 03:12:17.236,0.94802,0.94814,2.07,1.32
2014.04.28 03:12:18.383,0.94802,0.94813,1.88,1.19
2014.04.28 03:12:21.485,0.94802,0.94815,2.07,2.14
2014.04.28 03:12:21.734,0.94803,0.94815,2.52,2.07
2014.04.28 03:12:21.943,0.94802,0.94815,2.07,2.22
2014.04.28 03:12:23.466,0.94802,0.94815,2.07,2.22
2014.04.28 03:12:25.266,0.94802,0.94815,2.82,1.47
2014.04.28 03:12:27.511,0.94802,0.94815,2.07,2.22
2014.04.28 03:12:31.737,0.94802,0.94815,1.99,2.22
2014.04.28 03:12:33.117,0.94802,0.94814,1.88,1.27
2014.04.28 03:12:33.801,0.94802,0.94815,1.88,2.22
2014.04.28 03:12:36.493,0.94802,0.94814,1.45,1.29
2014.04.28 03:12:40.744,0.94802,0.94815,1.64,1.47
2014.04.28 03:12:40.795,0.94809,0.94816,2.25,1.50
2014.04.28 03:12:40.998,0.94809,0.94822,3.27,2.89
2014.04.28 03:12:41.049,0.94809,0.94822,1.37,2.97
2014.04.28 03:12:41.504,0.94808,0.9482,1.58,1.74
2014.04.28 03:12:41.813,0.94808,0.94819,1.00,3.64
2014.04.28 03:12:41.915,0.94808,0.94819,1.00,1.47
2014.04.28 03:12:42.117,0.94808,0.94819,1.00,3.64
2014.04.28 03:12:42.715,0.94807,0.94819,1.25,3.64
2014.04.28 03:12:46.878,0.94807,0.94819,1.33,1.84
2014.04.28 03:12:47.029,0.94807,0.94819,1.02,1.84
2014.04.28 03:12:58.644,0.94807,0.94819,1.29,1.47
2014.04.28 03:13:00.650,0.94807,0.94819,1.02,1.28
2014.04.28 03:13:02.054,0.94807,0.94817,1.00,2.63
2014.04.28 03:13:02.459,0.94806,0.94819,1.32,1.28
2014.04.28 03:13:04.360,0.94807,0.94819,1.25,3.64
2014.04.28 03:13:21.107,0.94806,0.94818,1.99,1.72
2014.04.28 03:13:25.458,0.94804,0.94813,1.88,1.19
2014.04.28 03:13:25.661,0.94802,0.94812,1.65,1.77
2014.04.28 03:13:25.764,0.94801,0.94812,1.10,2.97
2014.04.28 03:13:26.126,0.94801,0.94812,1.09,1.02
2014.04.28 03:13:26.580,0.94802,0.94812,1.00,2.14
2014.04.28 03:13:26.948,0.948,0.94811,1.02,3.64
2014.04.28 03:13:34.074,0.948,0.94808,1.10,1.29
2014.04.28 03:13:34.226,0.94797,0.94805,1.10,1.00
2014.04.28 03:13:34.378,0.94797,0.94803,1.00,1.10
2014.04.28 03:13:34.479,0.94795,0.94803,1.00,1.17
2014.04.28 03:13:34.581,0.94793,0.94803,1.00,1.17
2014.04.28 03:13:35.082,0.94793,0.94801,1.00,1.10
2014.04.28 03:13:35.600,0.94792,0.94801,1.10,1.10
2014.04.28 03:13:42.629,0.94792,0.94801,1.00,1.09
2014.04.28 03:13:43.171,0.94791,0.94801,1.00,1.35
2014.04.28 03:13:48.501,0.94791,0.94799,1.00,2.25
2014.04.28 03:13:48.755,0.94787,0.94797,1.25,2.33
2014.04.28 03:13:48.856,0.9479,0.94796,1.00,1.25
2014.04.28 03:13:49.008,0.94788,0.94796,1.00,1.35
2014.04.28 03:13:49.160,0.94791,0.94796,1.19,1.20
2014.04.28 03:13:49.312,0.94792,0.94801,1.19,2.33
2014.04.28 03:13:49.414,0.94791,0.94801,1.27,1.20
2014.04.28 03:13:49.967,0.94791,0.94803,1.37,1.28
2014.04.28 03:13:50.068,0.9479,0.94803,1.27,4.39
2014.04.28 03:13:50.170,0.94789,0.94801,1.77,1.17
2014.04.28 03:13:52.153,0.94789,0.94801,1.02,1.54
2014.04.28 03:13:54.151,0.94791,0.94801,1.19,1.53
2014.04.28 03:13:54.304,0.94791,0.94803,1.29,1.15
2014.04.28 03:13:54.866,0.94793,0.94804,1.19,2.33
2014.04.28 03:13:58.538,0.94795,0.94804,1.00,2.33
2014.04.28 03:14:03.259,0.94795,0.94802,1.00,2.33
2014.04.28 03:14:03.411,0.94792,0.94802,1.25,2.70
2014.04.28 03:14:42.484,0.94792,0.94801,1.69,1.25
2014.04.28 03:14:42.586,0.94793,0.94801,1.19,1.20
2014.04.28 03:14:43.126,0.94795,0.94804,1.00,2.33
2014.04.28 03:14:55.650,0.94794,0.94804,1.13,2.89
2014.04.28 03:14:57.036,0.94796,0.94804,1.10,2.70
2014.04.28 03:15:02.401,0.94795,0.94804,1.20,2.70
2014.04.28 03:15:02.920,0.94795,0.94805,1.20,5.82
2014.04.28 03:15:08.689,0.94794,0.94803,1.00,1.47
2014.04.28 03:15:08.841,0.94791,0.94801,1.18,1.00
2014.04.28 03:15:09.246,0.94791,0.94801,1.00,3.27
2014.04.28 03:15:22.664,0.94791,0.94801,1.69,3.08
2014.04.28 03:15:22.816,0.94794,0.94803,1.38,1.02
2014.04.28 03:15:29.974,0.94795,0.94803,1.48,1.10
2014.04.28 03:15:42.785,0.94794,0.94803,3.12,1.10
2014.04.28 03:15:42.989,0.94794,0.94803,1.54,1.18
2014.04.28 03:15:43.616,0.94794,0.94803,1.13,1.18
2014.04.28 03:15:58.846,0.94794,0.94803,1.48,1.18
2014.04.28 03:15:59.915,0.94796,0.94803,1.20,1.18
2014.04.28 03:16:00.395,0.94796,0.94803,1.39,1.18
2014.04.28 03:16:00.751,0.94796,0.94805,1.39,1.10
2014.04.28 03:16:01.256,0.94797,0.94807,1.48,1.84
2014.04.28 03:16:05.633,0.94797,0.94807,1.02,1.65
2014.04.28 03:16:05.838,0.94794,0.94803,2.29,1.00
2014.04.28 03:16:12.392,0.94798,0.94803,1.48,1.00
2014.04.28 03:16:12.545,0.94798,0.94807,1.48,2.44
2014.04.28 03:16:13.216,0.94798,0.94808,1.48,4.77
2014.04.28 03:16:18.088,0.94796,0.94805,2.14,1.10
2014.04.28 03:16:18.291,0.94795,0.94805,2.00,1.18
2014.04.28 03:16:18.832,0.94796,0.94805,2.18,1.10
2014.04.28 03:16:43.215,0.94796,0.94807,5.44,1.00
2014.04.28 03:16:51.073,0.94796,0.94807,4.32,1.00
2014.04.28 03:16:51.276,0.94795,0.94803,3.30,1.00
2014.04.28 03:16:51.793,0.94795,0.94803,1.45,1.00
2014.04.28 03:17:16.085,0.94795,0.94803,1.13,1.00
2014.04.28 03:17:16.612,0.94794,0.94803,1.50,1.00
2014.04.28 03:17:25.567,0.94795,0.94805,1.24,1.00
2014.04.28 03:17:25.618,0.94795,0.94805,1.62,1.00
2014.04.28 03:17:25.820,0.94797,0.94808,1.55,1.77
2014.04.28 03:17:26.506,0.94797,0.94806,1.55,1.10
2014.04.28 03:17:27.910,0.94797,0.94806,1.55,1.77
2014.04.28 03:17:37.042,0.94794,0.94805,1.69,1.25
2014.04.28 03:17:37.580,0.94794,0.94805,1.78,1.19
2014.04.28 03:17:39.130,0.94794,0.94805,1.69,1.25
2014.04.28 03:17:40.153,0.94794,0.94805,2.44,1.00
2014.04.28 03:17:50.683,0.94796,0.94804,1.00,1.02
2014.04.28 03:17:50.886,0.94793,0.94802,1.32,1.00
2014.04.28 03:17:59.709,0.94793,0.94802,1.23,1.77
2014.04.28 03:18:00.698,0.94793,0.94802,1.23,1.77
2014.04.28 03:18:04.025,0.94793,0.94802,1.23,2.52
2014.04.28 03:18:04.076,0.94793,0.94802,1.00,2.52
2014.04.28 03:18:04.382,0.94792,0.94798,1.10,1.00
2014.04.28 03:18:04.433,0.94789,0.94798,1.35,1.00
2014.04.28 03:18:04.739,0.94788,0.94798,1.02,1.58
2014.04.28 03:18:05.259,0.94789,0.94798,1.10,1.58
2014.04.28 03:18:14.587,0.94789,0.94798,1.29,1.10
2014.04.28 03:18:14.689,0.94792,0.94798,1.10,1.10
2014.04.28 03:18:14.740,0.94792,0.948,1.10,1.10
2014.04.28 03:18:14.892,0.94794,0.94803,1.00,1.84
2014.04.28 03:18:26.730,0.94793,0.94803,1.10,1.18
2014.04.28 03:18:27.288,0.94793,0.94803,1.10,1.40
2014.04.28 03:18:33.992,0.94793,0.94801,1.10,1.77
2014.04.28 03:18:42.959,0.94793,0.94801,1.10,1.02
2014.04.28 03:18:43.947,0.94793,0.94801,1.10,1.29
2014.04.28 03:18:45.331,0.94794,0.94801,1.10,1.29
2014.04.28 03:18:46.441,0.94795,0.94801,1.10,1.29
2014.04.28 03:18:47.053,0.94795,0.94802,1.10,1.29
2014.04.28 03:18:47.591,0.94795,0.94802,1.10,1.02
2014.04.28 03:18:50.548,0.94795,0.94802,1.10,1.29
2014.04.28 03:18:51.537,0.94795,0.94802,1.10,1.02
2014.04.28 03:18:52.640,0.94796,0.94802,1.10,1.10
2014.04.28 03:18:58.649,0.94796,0.94802,1.10,1.19
2014.04.28 03:18:59.712,0.94797,0.94802,1.10,1.19
2014.04.28 03:19:00.652,0.94797,0.94802,1.10,1.25
2014.04.28 03:19:07.685,0.94797,0.94802,1.10,1.19
2014.04.28 03:19:09.124,0.94797,0.94802,1.10,1.00
2014.04.28 03:19:09.326,0.94797,0.94805,1.10,2.22
2014.04.28 03:19:15.540,0.94796,0.94805,1.10,1.09
2014.04.28 03:19:16.276,0.94797,0.94805,1.00,1.37
2014.04.28 03:19:19.627,0.94797,0.94805,1.00,1.37
2014.04.28 03:19:20.643,0.94797,0.94805,1.00,1.37
2014.04.28 03:19:21.635,0.94797,0.94805,1.00,1.37
2014.04.28 03:19:22.627,0.94797,0.94805,1.00,1.37
2014.04.28 03:19:23.655,0.94797,0.94805,1.00,1.37
2014.04.28 03:19:24.738,0.94796,0.94806,1.58,1.84
2014.04.28 03:19:31.160,0.94796,0.94804,1.58,1.29
2014.04.28 03:19:31.413,0.94793,0.94803,1.10,2.22
2014.04.28 03:19:31.464,0.94793,0.94803,1.10,4.39
2014.04.28 03:19:31.969,0.94791,0.948,1.58,1.10
2014.04.28 03:19:32.150,0.94793,0.948,1.10,1.10
2014.04.28 03:19:44.192,0.94793,0.948,1.18,1.00
2014.04.28 03:19:44.294,0.94794,0.94803,1.18,1.00
2014.04.28 03:19:44.970,0.94796,0.94805,1.10,1.29
2014.04.28 03:19:45.632,0.94796,0.94805,1.10,1.02
2014.04.28 03:19:46.177,0.94796,0.94805,1.10,1.29
2014.04.28 03:19:48.090,0.94796,0.94805,1.10,1.02
2014.04.28 03:19:51.412,0.94796,0.94805,1.10,1.29
2014.04.28 03:19:54.512,0.94797,0.94805,1.00,1.29
2014.04.28 03:19:55.457,0.94797,0.94806,1.00,1.84
2014.04.28 03:20:00.424,0.94797,0.94806,1.00,1.84
2014.04.28 03:20:01.431,0.94797,0.94806,1.00,1.84
2014.04.28 03:20:07.468,0.94797,0.94806,1.00,1.84
2014.04.28 03:20:14.270,0.94797,0.94806,1.00,1.84
2014.04.28 03:20:22.495,0.94797,0.94806,1.00,1.84
2014.04.28 03:20:24.503,0.94797,0.94806,1.00,1.84
2014.04.28 03:20:31.571,0.94797,0.94806,1.00,1.84
2014.04.28 03:20:34.631,0.94797,0.94806,1.00,1.09
2014.04.28 03:20:42.798,0.94797,0.94806,1.00,1.84
2014.04.28 03:20:44.799,0.94797,0.94806,1.00,1.69
2014.04.28 03:20:46.566,0.94797,0.94806,1.00,1.25
2014.04.28 03:20:47.568,0.94797,0.94806,1.00,1.19
2014.04.28 03:20:48.008,0.94797,0.94806,1.00,3.27
2014.04.28 03:21:05.621,0.94797,0.94806,1.00,1.29
2014.04.28 03:21:05.672,0.94797,0.94806,1.38,1.29
2014.04.28 03:21:05.875,0.94796,0.94806,1.10,1.29
2014.04.28 03:21:07.544,0.94796,0.94806,1.10,1.77
2014.04.28 03:21:07.952,0.94796,0.94806,1.10,1.02
2014.04.28 03:21:08.764,0.94794,0.94803,1.84,1.00
2014.04.28 03:21:09.725,0.94796,0.94803,1.10,1.00
2014.04.28 03:21:11.389,0.94798,0.94803,1.20,1.00
2014.04.28 03:21:11.541,0.94798,0.94806,1.20,1.10
2014.04.28 03:21:11.693,0.94796,0.94806,1.10,1.15
2014.04.28 03:21:12.789,0.94795,0.94806,1.10,1.40
2014.04.28 03:21:15.151,0.94795,0.94806,1.10,4.02
2014.04.28 03:21:15.743,0.94795,0.94802,1.10,1.10
2014.04.28 03:21:23.520,0.94796,0.94805,1.00,1.84
2014.04.28 03:21:27.180,0.94796,0.94805,1.00,1.84
2014.04.28 03:21:29.227,0.94796,0.94805,1.00,1.84
2014.04.28 03:21:30.027,0.94795,0.94805,1.58,1.84
2014.04.28 03:21:33.060,0.94795,0.94803,1.58,1.09
2014.04.28 03:21:34.048,0.94793,0.94803,1.58,1.09
2014.04.28 03:21:37.259,0.94793,0.94803,1.58,1.84
2014.04.28 03:21:37.933,0.94793,0.94803,1.58,1.37
2014.04.28 03:21:38.717,0.94793,0.94803,1.77,3.83
2014.04.28 03:21:52.268,0.94793,0.94803,1.58,1.84
2014.04.28 03:22:23.982,0.94793,0.94804,1.65,1.37
2014.04.28 03:22:24.490,0.94793,0.94804,1.73,1.29
2014.04.28 03:22:27.087,0.94793,0.94805,1.73,1.37
2014.04.28 03:22:30.083,0.94793,0.94804,1.73,1.29
2014.04.28 03:22:31.097,0.94793,0.94803,1.73,1.19
2014.04.28 03:22:32.083,0.94793,0.94803,1.73,1.25
2014.04.28 03:22:33.077,0.94793,0.94803,1.73,1.19
2014.04.28 03:22:35.107,0.94793,0.94803,1.73,1.25
2014.04.28 03:22:39.088,0.94793,0.94803,1.73,1.19
2014.04.28 03:22:40.090,0.94793,0.94803,1.73,1.25
2014.04.28 03:22:41.710,0.94791,0.94798,1.13,2.44
2014.04.28 03:22:41.871,0.94793,0.94799,1.10,1.69
2014.04.28 03:22:41.922,0.94787,0.94795,3.08,1.25
2014.04.28 03:22:42.225,0.94784,0.94791,1.58,2.52
2014.04.28 03:22:42.731,0.94784,0.94792,1.10,2.33
2014.04.28 03:22:44.543,0.94784,0.94793,1.10,1.40
2014.04.28 03:22:49.767,0.94785,0.94793,1.10,1.40
2014.04.28 03:22:50.340,0.94785,0.94793,1.10,1.10
2014.04.28 03:22:51.668,0.94785,0.94793,1.77,1.10
2014.04.28 03:22:51.821,0.94787,0.94798,1.38,1.37
2014.04.28 03:22:52.277,0.9479,0.948,2.22,1.08
2014.04.28 03:22:52.387,0.9479,0.94797,1.20,3.00
2014.04.28 03:22:52.488,0.94785,0.94797,2.40,4.77
2014.04.28 03:22:52.938,0.94785,0.94793,1.58,3.19
2014.04.28 03:22:53.242,0.94785,0.94795,1.58,4.02
2014.04.28 03:22:55.296,0.94786,0.94795,1.10,3.27
2014.04.28 03:22:58.459,0.94783,0.94795,1.95,4.62
2014.04.28 03:23:12.707,0.94783,0.94792,1.65,1.29
2014.04.28 03:23:13.738,0.94783,0.94792,1.58,1.02
2014.04.28 03:23:14.727,0.94783,0.94792,1.58,1.29
2014.04.28 03:23:16.047,0.94784,0.94792,1.10,1.29
2014.04.28 03:23:17.146,0.94785,0.94792,1.10,1.29
2014.04.28 03:23:17.697,0.94784,0.94792,1.10,1.34
2014.04.28 03:23:20.492,0.94787,0.94793,1.10,3.19
2014.04.28 03:23:23.506,0.94787,0.94793,1.10,1.19
2014.04.28 03:23:23.632,0.94787,0.94794,1.10,1.29
2014.04.28 03:23:24.628,0.94785,0.94794,1.00,1.62
2014.04.28 03:23:24.780,0.94785,0.94794,1.00,4.62
2014.04.28 03:23:25.302,0.94784,0.94794,1.10,5.37
2014.04.28 03:23:26.730,0.94784,0.94793,1.10,1.29
2014.04.28 03:23:27.643,0.94784,0.94793,1.10,1.29
2014.04.28 03:23:28.646,0.94784,0.94793,1.10,1.29
2014.04.28 03:23:29.682,0.94784,0.94793,1.10,1.29
2014.04.28 03:23:32.466,0.94784,0.94792,1.10,1.69
2014.04.28 03:23:36.616,0.94783,0.94791,1.10,1.09
2014.04.28 03:23:36.993,0.94781,0.9479,1.00,1.15
2014.04.28 03:23:37.892,0.94781,0.9479,1.00,1.62
2014.04.28 03:23:41.926,0.94781,0.9479,1.00,1.62
2014.04.28 03:23:42.079,0.94781,0.94788,1.00,2.29
2014.04.28 03:23:42.231,0.94777,0.94787,1.58,1.62
2014.04.28 03:23:45.641,0.94777,0.94784,1.00,1.29
2014.04.28 03:23:45.743,0.94774,0.94782,1.00,1.84
2014.04.28 03:23:45.794,0.94772,0.94777,1.20,2.10
2014.04.28 03:23:45.895,0.94771,0.94777,1.10,2.10
2014.04.28 03:23:46.413,0.9477,0.94777,1.00,2.10
2014.04.28 03:24:20.116,0.9477,0.94779,1.00,3.04
2014.04.28 03:24:22.665,0.94768,0.94773,1.00,1.19
2014.04.28 03:24:22.716,0.94768,0.94773,1.50,1.19
2014.04.28 03:24:23.192,0.94764,0.94773,1.13,1.89
2014.04.28 03:24:23.953,0.94764,0.94772,1.00,1.05
2014.04.28 03:24:24.512,0.94763,0.94772,1.95,1.05
2014.04.28 03:24:28.773,0.94765,0.94774,2.25,2.18
2014.04.28 03:24:28.824,0.94765,0.94776,2.33,1.19
2014.04.28 03:24:28.925,0.94764,0.94777,2.78,2.44
2014.04.28 03:24:28.976,0.94768,0.94778,1.65,2.44
2014.04.28 03:24:29.967,0.94768,0.94777,1.65,1.05
2014.04.28 03:24:31.195,0.94768,0.94778,1.65,2.37
2014.04.28 03:24:32.157,0.94767,0.94777,1.18,1.54
2014.04.28 03:24:33.988,0.94767,0.94775,1.00,2.52
2014.04.28 03:24:34.039,0.94765,0.94774,1.00,1.15
2014.04.28 03:24:34.569,0.94765,0.94774,1.00,1.29
2014.04.28 03:24:35.109,0.9477,0.94774,1.10,1.10
2014.04.28 03:24:35.463,0.94765,0.94774,1.00,1.10
2014.04.28 03:24:36.017,0.94765,0.94774,1.00,1.18
2014.04.28 03:24:38.580,0.94765,0.94774,1.88,1.18
2014.04.28 03:24:38.783,0.9477,0.94775,1.10,1.00
2014.04.28 03:24:38.985,0.94768,0.94777,1.58,1.10
2014.04.28 03:24:57.732,0.94768,0.94778,1.84,1.43
2014.04.28 03:25:13.366,0.94769,0.9478,1.18,1.62
2014.04.28 03:25:13.897,0.94771,0.9478,1.10,1.54
2014.04.28 03:25:17.124,0.94771,0.9478,1.10,1.54
2014.04.28 03:25:21.103,0.94771,0.9478,1.10,1.05
2014.04.28 03:25:33.922,0.94771,0.9478,1.15,1.05
2014.04.28 03:25:34.751,0.94774,0.94781,1.00,2.29
2014.04.28 03:25:44.313,0.94774,0.94783,1.00,3.87
2014.04.28 03:25:58.470,0.94772,0.94783,1.15,5.74
2014.04.28 03:26:02.422,0.94772,0.9478,1.00,1.25
2014.04.28 03:26:10.351,0.94772,0.9478,1.00,1.19
2014.04.28 03:26:10.884,0.94772,0.9478,1.10,1.00
2014.04.28 03:26:11.393,0.94772,0.94782,1.10,1.19
2014.04.28 03:26:16.708,0.94772,0.94782,1.18,2.07
2014.04.28 03:26:23.090,0.94772,0.94782,1.18,2.07
2014.04.28 03:26:24.399,0.94772,0.94782,1.18,1.69
2014.04.28 03:26:29.414,0.94772,0.94782,1.18,1.69
2014.04.28 03:26:30.608,0.94772,0.94782,1.10,1.77
2014.04.28 03:26:33.457,0.94772,0.94781,1.00,1.29
2014.04.28 03:26:33.885,0.9477,0.94779,1.00,2.29
2014.04.28 03:26:33.936,0.94768,0.94778,1.13,1.34
2014.04.28 03:26:34.471,0.94767,0.94776,1.00,1.18
2014.04.28 03:26:37.606,0.94766,0.94776,1.00,1.09
2014.04.28 03:26:41.682,0.94766,0.94776,3.64,1.18
2014.04.28 03:26:41.784,0.94769,0.94778,1.00,1.02
2014.04.28 03:26:42.219,0.94772,0.9478,1.00,1.77
2014.04.28 03:26:42.741,0.94772,0.9478,1.00,1.29
2014.04.28 03:26:44.646,0.94772,0.9478,1.00,1.02
2014.04.28 03:26:45.369,0.94772,0.9478,1.00,1.33
2014.04.28 03:26:45.521,0.94767,0.94777,1.10,1.34
2014.04.28 03:26:46.028,0.94767,0.94777,1.00,1.84
2014.04.28 03:26:46.639,0.94767,0.94775,1.00,1.10
2014.04.28 03:26:49.762,0.94767,0.94775,3.94,1.10
2014.04.28 03:26:50.271,0.94769,0.94775,1.00,1.10
2014.04.28 03:26:52.312,0.94769,0.94774,1.00,1.10
2014.04.28 03:26:53.776,0.94768,0.94774,1.00,1.10
2014.04.28 03:26:55.517,0.94766,0.94774,1.77,1.10
2014.04.28 03:26:58.379,0.94766,0.94774,1.65,1.10
2014.04.28 03:27:00.454,0.94766,0.94775,1.65,1.10
2014.04.28 03:27:01.324,0.94766,0.94774,1.84,1.10
2014.04.28 03:27:01.903,0.94766,0.94776,2.97,1.10
2014.04.28 03:27:01.954,0.94766,0.94776,5.14,1.10
2014.04.28 03:27:02.257,0.94766,0.94774,4.02,1.10
2014.04.28 03:27:06.644,0.94767,0.94778,1.49,1.10
2014.04.28 03:27:06.746,0.94772,0.94778,1.00,1.10
2014.04.28 03:27:06.847,0.94769,0.94778,1.10,1.10
2014.04.28 03:27:08.402,0.94769,0.94777,1.10,1.10
2014.04.28 03:27:08.503,0.94769,0.94775,1.10,1.10
2014.04.28 03:27:16.998,0.94767,0.94775,1.17,1.10
2014.04.28 03:27:22.332,0.94766,0.94775,1.15,2.59
2014.04.28 03:27:22.383,0.94763,0.94772,1.65,1.00
2014.04.28 03:27:22.484,0.94763,0.94769,1.58,1.00
2014.04.28 03:27:22.535,0.94763,0.94769,1.50,1.00
2014.04.28 03:27:22.885,0.94763,0.94767,1.13,1.10
2014.04.28 03:27:23.431,0.94763,0.94768,1.13,1.10
2014.04.28 03:27:26.005,0.94764,0.94768,1.13,1.10
2014.04.28 03:27:26.732,0.94764,0.94769,1.13,1.02
2014.04.28 03:27:29.123,0.94764,0.94769,1.00,1.10
2014.04.28 03:27:29.174,0.94767,0.94772,1.02,1.28
2014.04.28 03:27:29.225,0.94767,0.94774,1.77,2.70
2014.04.28 03:27:29.483,0.94767,0.94777,1.92,1.38
2014.04.28 03:27:30.068,0.94767,0.94777,1.58,1.09
2014.04.28 03:27:32.362,0.94767,0.94774,1.10,1.00
2014.04.28 03:27:33.266,0.94768,0.94774,1.10,1.00
2014.04.28 03:27:36.383,0.94768,0.94778,1.48,1.47
2014.04.28 03:27:36.535,0.94772,0.94777,1.20,1.18
2014.04.28 03:27:37.170,0.94773,0.94777,1.10,1.10
2014.04.28 03:27:37.841,0.94773,0.94777,1.10,1.00
2014.04.28 03:27:38.755,0.94773,0.94781,1.10,1.02
2014.04.28 03:27:38.982,0.94775,0.94783,1.57,1.18
2014.04.28 03:27:39.084,0.94776,0.94787,2.07,3.45
2014.04.28 03:27:39.136,0.94782,0.94788,1.20,2.33
2014.04.28 03:27:39.441,0.94783,0.94789,1.38,2.18
2014.04.28 03:27:39.520,0.94785,0.94792,1.20,1.40
2014.04.28 03:27:40.347,0.94783,0.94792,1.58,1.37
2014.04.28 03:27:44.874,0.94782,0.94792,1.10,1.47
2014.04.28 03:27:45.026,0.94782,0.94789,1.10,1.00
2014.04.28 03:27:45.281,0.9478,0.94789,1.58,1.02
2014.04.28 03:27:46.283,0.9478,0.94789,1.58,1.29
2014.04.28 03:27:49.607,0.9478,0.94789,1.00,1.47
2014.04.28 03:27:49.658,0.94778,0.94789,1.58,1.47
2014.04.28 03:27:53.713,0.94778,0.94786,1.58,1.00
2014.04.28 03:27:57.731,0.94777,0.94786,1.20,1.25
2014.04.28 03:27:57.884,0.94777,0.94786,1.10,1.40
2014.04.28 03:28:05.645,0.94779,0.94786,1.10,1.15
2014.04.28 03:28:05.747,0.94779,0.94786,1.10,1.10
2014.04.28 03:28:15.092,0.94781,0.94786,1.10,1.10
2014.04.28 03:28:15.840,0.94781,0.94788,1.10,1.47
2014.04.28 03:28:16.161,0.94781,0.94788,1.10,3.64
2014.04.28 03:28:27.094,0.94782,0.94788,1.48,3.12
2014.04.28 03:28:27.145,0.94782,0.94788,1.48,1.00
2014.04.28 03:28:27.196,0.94784,0.94788,1.10,1.00
2014.04.28 03:28:27.722,0.94784,0.94789,1.10,1.10
2014.04.28 03:28:38.329,0.94783,0.94791,1.10,1.40
2014.04.28 03:28:40.244,0.94783,0.9479,1.10,2.70
2014.04.28 03:28:41.403,0.9478,0.9479,1.48,3.64
2014.04.28 03:28:47.970,0.9478,0.9479,2.07,1.18
2014.04.28 03:28:48.496,0.94785,0.94791,1.10,1.15
2014.04.28 03:28:53.193,0.94786,0.94791,1.10,1.27
2014.04.28 03:28:59.494,0.94786,0.94791,1.10,1.29
2014.04.28 03:29:00.069,0.94786,0.94791,1.10,1.02
2014.04.28 03:29:00.640,0.94785,0.94791,1.10,1.02
2014.04.28 03:29:02.650,0.94783,0.94792,1.10,1.37
2014.04.28 03:29:02.853,0.94785,0.94792,1.10,1.18
2014.04.28 03:29:03.106,0.94787,0.94795,1.10,2.22
2014.04.28 03:29:05.078,0.94787,0.94796,1.69,1.15
2014.04.28 03:29:05.330,0.94792,0.94801,1.10,2.22
2014.04.28 03:29:07.065,0.94792,0.948,1.10,1.37
2014.04.28 03:29:09.243,0.94793,0.948,1.10,1.37
2014.04.28 03:29:09.932,0.94792,0.948,1.10,1.84
2014.04.28 03:29:10.471,0.94792,0.948,1.10,1.84
2014.04.28 03:29:10.783,0.9479,0.948,1.10,2.22
2014.04.28 03:29:11.302,0.9479,0.94799,1.10,1.29
2014.04.28 03:29:12.541,0.94791,0.94799,1.10,1.29
2014.04.28 03:29:12.913,0.94786,0.94799,4.77,1.84
2014.04.28 03:29:12.964,0.94786,0.94798,2.40,1.47
2014.04.28 03:29:13.382,0.94785,0.94795,1.20,1.10
2014.04.28 03:29:17.492,0.94787,0.94795,1.10,1.10
2014.04.28 03:29:19.490,0.94786,0.94796,1.10,1.09
2014.04.28 03:29:31.571,0.94784,0.94796,3.42,1.09
2014.04.28 03:29:34.592,0.94784,0.94796,1.62,1.84
2014.04.28 03:29:34.895,0.94785,0.94798,4.47,2.97
2014.04.28 03:29:36.107,0.94786,0.94796,1.85,1.10
2014.04.28 03:29:44.725,0.94785,0.94796,2.10,1.39
2014.04.28 03:29:48.740,0.94785,0.94796,1.92,1.09
2014.04.28 03:29:49.742,0.94785,0.94796,2.10,1.39
2014.04.28 03:29:50.519,0.94785,0.94796,2.10,1.39
2014.04.28 03:29:51.039,0.94785,0.94796,2.29,1.09
2014.04.28 03:29:56.162,0.94786,0.94799,2.59,3.27
2014.04.28 03:29:56.263,0.94787,0.948,1.84,1.84
2014.04.28 03:29:56.364,0.94787,0.948,1.84,2.59
2014.04.28 03:29:56.466,0.94786,0.94799,2.52,4.09
2014.04.28 03:30:01.872,0.94786,0.94798,1.77,2.33
2014.04.28 03:30:02.386,0.94786,0.94797,1.67,2.33
2014.04.28 03:30:07.468,0.94786,0.94797,1.69,2.33
2014.04.28 03:30:07.620,0.94788,0.94799,2.07,2.03
2014.04.28 03:30:10.026,0.94792,0.948,1.57,1.00
2014.04.28 03:30:10.127,0.94792,0.94802,1.74,1.50
2014.04.28 03:30:10.229,0.94792,0.94804,1.84,1.09
2014.04.28 03:30:10.381,0.94794,0.94806,1.72,2.89
2014.04.28 03:30:10.887,0.94794,0.94806,2.22,2.14
2014.04.28 03:30:13.639,0.94795,0.94807,1.69,1.15
2014.04.28 03:30:13.741,0.94796,0.94808,1.74,1.84
2014.04.28 03:30:14.874,0.94797,0.94808,1.10,1.37
2014.04.28 03:30:15.186,0.94796,0.94808,2.22,1.92
2014.04.28 03:30:15.491,0.94797,0.94809,2.59,1.25
2014.04.28 03:30:16.207,0.94797,0.94807,1.84,1.10
2014.04.28 03:30:16.709,0.94797,0.94808,1.09,1.10
2014.04.28 03:30:18.061,0.94797,0.94807,1.78,1.10
2014.04.28 03:30:21.682,0.94797,0.94807,1.02,1.20
2014.04.28 03:30:21.834,0.94797,0.94805,1.10,1.10
2014.04.28 03:30:22.349,0.94797,0.94806,1.10,1.10
2014.04.28 03:30:29.399,0.94795,0.94805,1.09,1.10
2014.04.28 03:30:29.954,0.94795,0.94806,1.09,1.02
2014.04.28 03:30:30.156,0.94794,0.94805,1.09,1.09
2014.04.28 03:30:30.669,0.94794,0.94804,1.09,1.10
2014.04.28 03:30:32.131,0.94795,0.94804,1.09,1.10
2014.04.28 03:30:32.182,0.94796,0.94806,1.28,1.25
2014.04.28 03:30:33.867,0.94797,0.94807,1.02,1.65
2014.04.28 03:30:41.088,0.948,0.94809,1.00,1.34
2014.04.28 03:30:41.139,0.948,0.94809,1.38,1.15
2014.04.28 03:30:41.240,0.948,0.94809,1.48,1.00
2014.04.28 03:30:41.824,0.948,0.94809,1.48,1.00
2014.04.28 03:30:43.856,0.948,0.9481,1.48,1.02
2014.04.28 03:30:45.530,0.948,0.9481,1.53,1.25
2014.04.28 03:30:46.496,0.948,0.9481,3.45,1.25
2014.04.28 03:30:47.012,0.94802,0.94811,1.55,1.00
2014.04.28 03:30:48.857,0.94802,0.94811,1.20,1.25
2014.04.28 03:30:51.942,0.948,0.94811,1.53,1.19
2014.04.28 03:30:52.870,0.948,0.94811,2.97,1.00
2014.04.28 03:30:58.075,0.948,0.94811,1.39,1.09
2014.04.28 03:30:59.002,0.948,0.94811,1.20,1.84
2014.04.28 03:30:59.580,0.94799,0.9481,2.10,1.29
2014.04.28 03:30:59.783,0.94797,0.9481,3.34,1.37
2014.04.28 03:31:01.557,0.94797,0.94809,1.77,1.34
2014.04.28 03:31:04.563,0.94797,0.94809,1.02,1.84
2014.04.28 03:31:05.096,0.94796,0.94804,2.85,1.19
2014.04.28 03:31:05.350,0.94795,0.94802,1.00,1.00
2014.04.28 03:31:05.603,0.94791,0.94802,1.84,1.02
2014.04.28 03:31:06.432,0.94791,0.94802,1.65,1.29
2014.04.28 03:31:07.126,0.94791,0.94802,1.65,1.19
2014.04.28 03:31:08.406,0.94791,0.94802,1.28,1.25
2014.04.28 03:31:10.050,0.94792,0.94802,1.00,1.84
2014.04.28 03:31:11.167,0.94792,0.94802,1.38,1.84
2014.04.28 03:31:11.810,0.94793,0.94802,1.20,1.25
2014.04.28 03:31:14.173,0.94794,0.94802,1.00,1.25
2014.04.28 03:31:15.408,0.94792,0.94802,1.18,1.25
2014.04.28 03:31:19.057,0.94793,0.94802,1.10,1.19
2014.04.28 03:31:21.590,0.94792,0.94802,1.13,1.34
2014.04.28 03:31:26.911,0.9479,0.94801,1.47,1.09
2014.04.28 03:31:27.429,0.9479,0.94799,1.47,1.00
2014.04.28 03:31:30.776,0.9479,0.94799,2.10,1.00
2014.04.28 03:31:31.279,0.9479,0.94799,2.10,1.00
2014.04.28 03:31:32.599,0.94789,0.94799,2.33,1.69
2014.04.28 03:31:32.701,0.94786,0.94799,1.47,1.84
2014.04.28 03:31:33.225,0.94785,0.94797,5.14,1.00
2014.04.28 03:31:39.743,0.94788,0.94798,2.33,1.25
2014.04.28 03:31:41.071,0.94787,0.94798,2.33,1.02
2014.04.28 03:31:41.122,0.94785,0.94798,4.39,1.29
2014.04.28 03:31:41.274,0.94784,0.94797,3.27,1.77
2014.04.28 03:31:41.325,0.94784,0.94797,1.02,2.22
2014.04.28 03:31:41.528,0.94783,0.94796,1.02,5.59
2014.04.28 03:31:42.147,0.94782,0.94793,1.73,1.29
2014.04.28 03:31:42.299,0.9478,0.94792,1.25,1.47
2014.04.28 03:31:42.350,0.94782,0.94792,1.00,1.47
2014.04.28 03:31:42.871,0.94783,0.9479,1.10,1.00
2014.04.28 03:31:54.202,0.94782,0.9479,1.00,1.00
2014.04.28 03:31:56.079,0.94781,0.9479,1.20,1.00
2014.04.28 03:32:02.096,0.94781,0.9479,1.10,1.19
2014.04.28 03:32:02.962,0.94781,0.9479,1.18,1.19
2014.04.28 03:32:03.645,0.94781,0.9479,1.18,1.25
2014.04.28 03:32:04.189,0.94781,0.9479,1.18,1.19
2014.04.28 03:32:06.133,0.94782,0.9479,1.20,1.00
2014.04.28 03:32:15.421,0.94779,0.94789,2.52,1.10
2014.04.28 03:32:15.573,0.94777,0.94789,1.34,1.10
2014.04.28 03:32:16.106,0.94776,0.94789,5.52,1.29
2014.04.28 03:32:17.139,0.94776,0.94788,3.45,1.19
2014.04.28 03:32:17.443,0.94774,0.94784,3.64,1.10
2014.04.28 03:32:21.322,0.94773,0.94784,2.89,1.10
2014.04.28 03:32:21.853,0.94772,0.94784,5.14,1.10
2014.04.28 03:32:23.616,0.94773,0.94784,1.37,1.20
2014.04.28 03:32:23.920,0.94768,0.94777,1.93,1.02
2014.04.28 03:32:24.444,0.94766,0.94777,4.39,1.10
2014.04.28 03:32:26.282,0.94767,0.94779,1.84,1.84
2014.04.28 03:32:30.767,0.94768,0.94779,3.27,1.10
2014.04.28 03:32:35.729,0.94769,0.94777,1.15,1.10
2014.04.28 03:32:35.781,0.94769,0.94777,1.00,1.10
2014.04.28 03:32:36.335,0.94768,0.94777,1.10,1.10
2014.04.28 03:32:45.357,0.94768,0.94777,1.48,1.10
2014.04.28 03:32:45.868,0.94768,0.94777,1.20,1.10
2014.04.28 03:32:46.378,0.94768,0.94777,1.48,1.10
2014.04.28 03:32:47.115,0.94768,0.94777,1.20,1.02
2014.04.28 03:32:55.934,0.94766,0.94777,3.64,1.02
2014.04.28 03:33:01.344,0.94766,0.94777,1.39,1.18
2014.04.28 03:33:01.395,0.94766,0.94777,1.32,1.28
2014.04.28 03:33:01.909,0.94766,0.94777,1.19,1.28
2014.04.28 03:33:02.901,0.94766,0.94777,1.25,1.17
2014.04.28 03:33:03.450,0.94766,0.94777,1.09,1.09
2014.04.28 03:33:06.922,0.94765,0.94777,2.22,1.39
2014.04.28 03:33:07.914,0.94765,0.94777,2.22,1.09
2014.04.28 03:33:10.941,0.94765,0.94777,2.22,1.39
2014.04.28 03:33:16.089,0.94765,0.94774,2.22,1.10
2014.04.28 03:33:21.945,0.94764,0.94774,4.95,1.29
2014.04.28 03:33:22.048,0.94764,0.94774,1.88,3.34
2014.04.28 03:33:25.718,0.94764,0.94773,1.13,1.37
2014.04.28 03:33:26.338,0.94764,0.94774,1.13,4.09
2014.04.28 03:33:26.744,0.94764,0.9477,1.13,1.17
2014.04.28 03:33:31.104,0.94763,0.94773,1.13,2.52
2014.04.28 03:33:31.155,0.94763,0.94774,1.13,1.92
2014.04.28 03:33:32.590,0.94763,0.94774,2.52,1.18
2014.04.28 03:33:32.693,0.94766,0.94776,1.39,1.18
2014.04.28 03:33:33.229,0.94766,0.94778,2.14,2.52
2014.04.28 03:33:35.697,0.94769,0.94778,1.00,2.52
2014.04.28 03:33:36.132,0.94769,0.94779,1.00,1.34
2014.04.28 03:33:37.304,0.9477,0.9478,1.10,2.52
2014.04.28 03:33:37.455,0.9477,0.94781,1.77,1.15
2014.04.28 03:33:37.759,0.94772,0.94785,2.29,2.22
2014.04.28 03:33:38.393,0.94774,0.94785,1.00,2.22
2014.04.28 03:33:40.145,0.94774,0.94784,1.25,2.33
2014.04.28 03:33:40.448,0.94776,0.94785,1.19,2.70
2014.04.28 03:33:40.964,0.94776,0.94786,1.19,4.28
2014.04.28 03:33:41.738,0.94776,0.94786,1.25,4.28
2014.04.28 03:33:41.990,0.94776,0.94786,1.25,2.10
2014.04.28 03:33:42.748,0.94776,0.94786,1.19,2.10
2014.04.28 03:33:49.764,0.94776,0.94786,1.25,1.73
2014.04.28 03:33:53.282,0.94777,0.94787,1.25,1.35
2014.04.28 03:33:54.293,0.94777,0.94787,1.19,1.35
2014.04.28 03:33:55.234,0.94777,0.94787,1.29,1.28
2014.04.28 03:33:59.213,0.94778,0.94788,1.02,1.58
2014.04.28 03:33:59.855,0.94778,0.94788,1.29,1.58
2014.04.28 03:34:02.546,0.94778,0.94788,1.29,3.68
2014.04.28 03:34:02.801,0.94776,0.94783,1.02,1.10
2014.04.28 03:34:03.372,0.94776,0.94785,1.02,1.10
2014.04.28 03:34:04.147,0.94777,0.94785,1.25,1.10
2014.04.28 03:34:05.176,0.94777,0.94783,1.25,1.10
2014.04.28 03:34:05.795,0.94776,0.94783,1.02,1.10
2014.04.28 03:34:06.406,0.94776,0.94783,1.29,1.10
2014.04.28 03:34:08.313,0.94775,0.94783,1.09,1.10
2014.04.28 03:34:09.419,0.94776,0.94783,1.29,1.10
2014.04.28 03:34:10.327,0.94778,0.94783,1.25,1.10
2014.04.28 03:34:10.479,0.94778,0.94788,1.25,1.73
2014.04.28 03:34:11.356,0.94778,0.94788,1.19,1.35
2014.04.28 03:34:11.510,0.94778,0.94788,1.29,1.28
2014.04.28 03:34:18.392,0.94778,0.94788,1.02,1.28
2014.04.28 03:34:18.981,0.94778,0.94788,1.02,1.35
2014.04.28 03:34:19.514,0.94778,0.94788,1.25,3.53
2014.04.28 03:34:25.778,0.94779,0.94788,1.25,2.70
2014.04.28 03:34:28.807,0.94778,0.94788,1.25,3.15
2014.04.28 03:34:58.889,0.94778,0.94786,1.25,3.08
2014.04.28 03:34:59.504,0.94778,0.94785,1.25,2.33
2014.04.28 03:35:07.626,0.94777,0.94785,1.25,2.33
2014.04.28 03:35:08.616,0.94777,0.94785,1.19,2.33
2014.04.28 03:35:11.025,0.94777,0.94785,1.25,2.33
2014.04.28 03:35:14.438,0.94777,0.94785,1.19,2.33
2014.04.28 03:35:14.540,0.94775,0.94785,1.00,2.89
2014.04.28 03:35:14.592,0.94775,0.9478,1.00,1.10
2014.04.28 03:35:14.643,0.94772,0.9478,1.50,1.18
2014.04.28 03:35:14.745,0.94771,0.94778,1.00,1.18
2014.04.28 03:35:14.795,0.94768,0.94778,1.69,1.18
2014.04.28 03:35:14.847,0.94767,0.94778,2.44,3.15
2014.04.28 03:35:15.150,0.94766,0.94775,1.19,1.25
2014.04.28 03:35:15.687,0.94767,0.94775,1.19,1.25
2014.04.28 03:35:16.649,0.94768,0.94775,1.19,1.25
2014.04.28 03:35:17.671,0.94767,0.94775,1.19,1.25
2014.04.28 03:35:20.662,0.94768,0.94775,1.19,1.15
2014.04.28 03:35:22.373,0.94769,0.94775,1.19,1.08
2014.04.28 03:35:22.525,0.94769,0.94775,1.19,1.10
2014.04.28 03:35:23.356,0.94769,0.94773,1.00,1.10
2014.04.28 03:35:23.406,0.94768,0.94773,1.25,1.10
2014.04.28 03:35:23.938,0.94768,0.94775,1.25,1.20
2014.04.28 03:35:28.190,0.94768,0.94775,1.19,1.20
2014.04.28 03:35:30.196,0.94768,0.94775,1.25,1.20
2014.04.28 03:35:31.201,0.94768,0.94775,1.19,1.05
2014.04.28 03:35:35.915,0.94767,0.94775,1.19,1.05
2014.04.28 03:35:37.953,0.94767,0.94775,1.25,1.05
2014.04.28 03:35:40.449,0.94768,0.94775,1.25,1.05
2014.04.28 03:35:42.956,0.94768,0.94775,1.25,1.13
2014.04.28 03:35:46.444,0.94767,0.94775,1.25,1.13
2014.04.28 03:35:54.282,0.94768,0.94776,1.25,2.10
2014.04.28 03:35:55.069,0.94768,0.94776,1.25,2.03
2014.04.28 03:35:59.171,0.94768,0.94776,1.25,1.65
2014.04.28 03:36:00.376,0.94768,0.94776,1.25,1.48
2014.04.28 03:36:05.104,0.94768,0.94776,1.19,1.48
2014.04.28 03:36:07.103,0.94768,0.94776,1.25,1.48
2014.04.28 03:36:10.112,0.94768,0.94776,1.19,1.48
2014.04.28 03:36:12.445,0.94768,0.94776,1.19,1.10
2014.04.28 03:36:14.025,0.9477,0.94776,1.25,1.10
2014.04.28 03:36:14.227,0.94771,0.94776,1.19,1.10
2014.04.28 03:36:14.430,0.94771,0.94779,1.19,1.00
2014.04.28 03:36:15.170,0.94771,0.94781,1.19,1.18
2014.04.28 03:36:15.869,0.94772,0.94781,1.19,1.18
2014.04.28 03:36:16.386,0.94773,0.94781,1.19,1.18
2014.04.28 03:36:16.588,0.94775,0.94782,1.25,1.58
2014.04.28 03:36:17.567,0.94773,0.94782,1.19,1.10
2014.04.28 03:36:17.619,0.94773,0.94782,1.00,1.48
2014.04.28 03:36:17.669,0.94772,0.94782,1.10,2.14
2014.04.28 03:36:17.720,0.9477,0.94777,1.25,1.20
2014.04.28 03:36:18.136,0.94769,0.94775,1.25,1.10
2014.04.28 03:36:18.731,0.94767,0.94775,1.19,1.28
2014.04.28 03:36:19.251,0.94766,0.94775,1.19,1.28
2014.04.28 03:36:21.336,0.94766,0.94775,1.29,1.10
2014.04.28 03:36:26.173,0.94766,0.94775,1.02,1.10
2014.04.28 03:36:27.212,0.94767,0.94775,1.25,1.10
2014.04.28 03:36:28.226,0.94767,0.94775,1.19,1.10
2014.04.28 03:36:29.428,0.94766,0.94775,1.29,1.10
2014.04.28 03:36:29.732,0.94765,0.94773,1.37,1.10
2014.04.28 03:36:30.314,0.94765,0.94774,1.37,1.58
2014.04.28 03:36:31.025,0.94766,0.94775,1.02,1.10
2014.04.28 03:36:31.815,0.94766,0.94775,1.29,1.10
2014.04.28 03:36:34.296,0.94766,0.94774,1.29,1.10
2014.04.28 03:36:35.109,0.94765,0.94774,1.09,1.10
2014.04.28 03:36:35.418,0.94765,0.94771,1.09,1.10
2014.04.28 03:36:39.377,0.94765,0.94776,1.09,1.02
2014.04.28 03:36:39.631,0.94768,0.94776,1.19,1.00
2014.04.28 03:36:39.732,0.94768,0.94778,1.19,1.20
2014.04.28 03:36:42.677,0.94767,0.94776,1.34,1.10
2014.04.28 03:36:42.981,0.94766,0.94772,2.37,1.10
2014.04.28 03:36:43.031,0.94765,0.94771,1.37,1.10
2014.04.28 03:36:59.585,0.94767,0.94771,1.25,1.10
2014.04.28 03:36:59.636,0.94767,0.94776,1.25,1.10
2014.04.28 03:37:00.157,0.94767,0.94776,1.09,1.10
2014.04.28 03:37:02.688,0.94767,0.94778,1.37,1.13
2014.04.28 03:37:02.789,0.94769,0.94778,1.19,1.00
2014.04.28 03:37:03.093,0.94773,0.9478,1.19,1.00
2014.04.28 03:37:03.396,0.94773,0.94782,1.37,1.00
2014.04.28 03:37:03.498,0.94773,0.94784,1.37,1.20
2014.04.28 03:37:06.151,0.94774,0.94784,1.29,1.20
2014.04.28 03:37:07.105,0.94774,0.94785,1.02,1.17
2014.04.28 03:37:09.131,0.94775,0.94787,1.25,5.22
2014.04.28 03:37:09.334,0.94777,0.94787,1.19,3.15
2014.04.28 03:37:09.543,0.94777,0.94789,2.67,1.47
2014.04.28 03:37:10.318,0.94778,0.94789,1.29,1.55
2014.04.28 03:37:12.427,0.94781,0.9479,1.10,1.40
2014.04.28 03:37:15.418,0.94779,0.94791,1.25,4.84
2014.04.28 03:37:20.788,0.94779,0.94791,1.92,2.14
2014.04.28 03:37:38.616,0.94782,0.94792,1.77,1.55
2014.04.28 03:37:39.135,0.94783,0.94794,1.25,2.89
2014.04.28 03:37:39.726,0.94783,0.94794,1.19,2.70
2014.04.28 03:37:40.761,0.94784,0.94794,1.19,2.70
2014.04.28 03:37:40.963,0.94784,0.94796,1.29,2.10
2014.04.28 03:37:41.298,0.94784,0.94796,1.37,2.03
2014.04.28 03:37:43.767,0.94785,0.94796,1.29,2.03
2014.04.28 03:37:45.762,0.94785,0.94796,1.02,2.03
2014.04.28 03:37:46.277,0.94785,0.94796,1.02,2.03
2014.04.28 03:37:46.824,0.94785,0.94796,1.29,2.03
2014.04.28 03:37:50.385,0.94785,0.94796,1.29,2.03
2014.04.28 03:37:51.372,0.94785,0.94796,1.29,2.03
2014.04.28 03:37:53.888,0.94786,0.94796,1.25,2.03
2014.04.28 03:37:54.797,0.94786,0.94796,1.19,2.03
2014.04.28 03:37:56.869,0.94786,0.94796,1.25,1.65
2014.04.28 03:37:58.025,0.94786,0.94796,1.25,3.90
2014.04.28 03:38:00.895,0.94785,0.94796,1.25,4.47
2014.04.28 03:38:02.916,0.94785,0.94796,1.19,4.28
2014.04.28 03:38:06.837,0.94785,0.94796,1.19,1.28
2014.04.28 03:38:07.268,0.94785,0.94796,1.19,3.53
2014.04.28 03:38:07.572,0.94784,0.94794,1.00,3.27
2014.04.28 03:38:07.825,0.94782,0.94791,1.10,1.10
2014.04.28 03:38:08.438,0.94781,0.94791,1.02,2.03
2014.04.28 03:38:10.735,0.94779,0.94791,1.40,2.22
2014.04.28 03:38:16.567,0.94779,0.94791,1.02,3.04
2014.04.28 03:38:17.334,0.94779,0.94791,1.37,2.97
2014.04.28 03:38:18.365,0.94783,0.94791,1.25,1.95
2014.04.28 03:38:18.671,0.94787,0.94796,1.19,1.58
2014.04.28 03:38:18.874,0.94785,0.94791,1.09,1.00
2014.04.28 03:38:18.925,0.94785,0.94795,1.09,1.95
2014.04.28 03:38:19.279,0.94783,0.94794,1.34,1.68
2014.04.28 03:38:19.482,0.94782,0.94794,3.64,1.54
2014.04.28 03:38:19.988,0.94786,0.94795,1.02,1.10
2014.04.28 03:38:20.646,0.94786,0.94796,1.02,1.10
2014.04.28 03:38:20.697,0.94786,0.94796,1.40,1.10
2014.04.28 03:38:21.004,0.94787,0.94799,1.37,2.82
2014.04.28 03:38:21.156,0.94787,0.94799,3.27,1.32
2014.04.28 03:38:22.128,0.94788,0.948,1.34,2.97
2014.04.28 03:38:22.636,0.94788,0.948,1.34,2.97
2014.04.28 03:38:24.264,0.94788,0.948,1.09,2.97
2014.04.28 03:38:24.785,0.94788,0.948,1.02,3.04
2014.04.28 03:38:26.086,0.94787,0.94799,1.37,1.47
2014.04.28 03:38:29.446,0.94787,0.94799,3.27,1.67
2014.04.28 03:38:30.523,0.94787,0.94799,1.40,1.74
2014.04.28 03:38:31.032,0.94787,0.94799,1.09,1.84
2014.04.28 03:38:31.394,0.9479,0.94801,1.10,4.39
2014.04.28 03:38:31.899,0.9479,0.94801,1.20,2.22
2014.04.28 03:38:33.287,0.9479,0.94801,1.02,4.39
2014.04.28 03:38:36.560,0.9479,0.948,1.02,2.70
2014.04.28 03:38:37.103,0.9479,0.94799,1.10,2.70
2014.04.28 03:38:37.694,0.9479,0.94801,1.10,5.14
2014.04.28 03:38:38.680,0.94786,0.948,2.67,2.22
2014.04.28 03:38:38.933,0.94786,0.94797,1.15,1.19
2014.04.28 03:38:39.037,0.94785,0.94797,1.92,1.84
2014.04.28 03:38:39.938,0.94785,0.94796,1.18,1.39
2014.04.28 03:38:40.533,0.94785,0.94796,1.00,1.92
2014.04.28 03:38:41.141,0.94785,0.94796,1.00,2.67
2014.04.28 03:38:42.556,0.94785,0.94796,1.00,2.67
2014.04.28 03:38:43.120,0.94784,0.94795,1.02,1.02
2014.04.28 03:38:43.465,0.94784,0.94795,1.25,1.40
2014.04.28 03:38:43.923,0.94782,0.94794,1.18,1.74
2014.04.28 03:38:44.227,0.94778,0.94788,1.00,2.97
2014.04.28 03:38:44.327,0.94774,0.94785,1.25,1.15
2014.04.28 03:38:44.783,0.94773,0.94784,1.25,3.45
2014.04.28 03:38:51.559,0.94773,0.94784,1.19,3.08
2014.04.28 03:38:52.561,0.94773,0.94784,1.25,3.27
2014.04.28 03:38:53.747,0.94773,0.94784,1.02,1.09
2014.04.28 03:38:58.604,0.94773,0.94785,1.29,1.40
2014.04.28 03:38:59.143,0.94773,0.94784,1.10,1.47
2014.04.28 03:38:59.194,0.94773,0.94784,1.00,4.09
2014.04.28 03:38:59.405,0.94771,0.94784,1.39,4.84
2014.04.28 03:39:02.099,0.94771,0.9478,1.10,1.19
2014.04.28 03:39:02.352,0.94766,0.94776,1.58,1.39
2014.04.28 03:39:02.453,0.94766,0.94775,1.00,1.29
2014.04.28 03:39:02.504,0.94764,0.94775,1.58,1.29
2014.04.28 03:39:03.027,0.94764,0.94776,1.10,1.92
2014.04.28 03:39:05.197,0.94764,0.94776,1.02,1.92
2014.04.28 03:39:06.025,0.94764,0.94776,1.40,1.84
2014.04.28 03:39:06.464,0.94764,0.94775,1.02,1.09
2014.04.28 03:39:07.203,0.94763,0.94775,2.22,1.39
2014.04.28 03:39:08.207,0.94763,0.94775,2.03,1.84
2014.04.28 03:39:08.359,0.94766,0.94777,1.10,2.97
2014.04.28 03:39:08.562,0.94766,0.94778,1.84,1.84
2014.04.28 03:39:09.135,0.94767,0.94778,1.10,1.84
2014.04.28 03:39:09.664,0.94766,0.94778,1.84,1.84
2014.04.28 03:39:10.442,0.94766,0.94778,1.65,1.74
2014.04.28 03:39:23.297,0.94766,0.94778,1.00,4.02
2014.04.28 03:39:23.805,0.94765,0.94777,1.10,1.47
2014.04.28 03:39:31.818,0.94767,0.94777,1.10,1.47
2014.04.28 03:39:32.907,0.94767,0.94778,1.10,1.34
2014.04.28 03:39:36.402,0.94765,0.94778,1.37,1.92
2014.04.28 03:39:36.706,0.94765,0.94775,1.18,1.29
2014.04.28 03:39:37.197,0.94767,0.94776,1.10,1.02
2014.04.28 03:39:41.950,0.94767,0.94778,1.20,1.29
2014.04.28 03:39:42.465,0.94767,0.94779,1.20,1.37
2014.04.28 03:39:43.554,0.94767,0.94779,1.20,1.84
2014.04.28 03:39:44.217,0.94767,0.94778,1.10,1.34
2014.04.28 03:39:52.253,0.94765,0.94778,2.67,1.47
2014.04.28 03:40:01.035,0.94765,0.94777,2.52,2.52
2014.04.28 03:40:12.485,0.94764,0.94776,1.77,1.47
2014.04.28 03:40:41.472,0.94764,0.94777,1.77,4.47
2014.04.28 03:40:52.607,0.94765,0.94778,1.09,2.97
2014.04.28 03:41:12.252,0.94765,0.94778,2.59,1.47
2014.04.28 03:41:13.261,0.94765,0.94778,2.59,1.47
2014.04.28 03:41:20.335,0.94765,0.94776,1.65,1.29
2014.04.28 03:41:20.639,0.94764,0.94772,1.00,2.89
2014.04.28 03:41:21.274,0.94763,0.94772,1.13,3.64
2014.04.28 03:41:24.852,0.94763,0.94773,1.13,2.67
2014.04.28 03:41:29.371,0.94763,0.94771,1.13,1.34
2014.04.28 03:41:29.882,0.94764,0.94771,1.13,1.47
2014.04.28 03:41:30.705,0.94763,0.94772,1.13,2.89
2014.04.28 03:41:34.731,0.94763,0.9477,1.13,3.04
2014.04.28 03:41:35.314,0.94763,0.94768,1.13,1.54
2014.04.28 03:41:37.002,0.94764,0.9477,1.13,4.47
2014.04.28 03:41:37.104,0.94764,0.9477,1.13,1.58
2014.04.28 03:41:37.508,0.94763,0.94772,1.13,1.10
2014.04.28 03:41:38.019,0.94763,0.94773,1.28,1.02
2014.04.28 03:41:42.644,0.94763,0.94773,2.22,1.10
2014.04.28 03:41:43.390,0.94764,0.94773,1.34,1.10
2014.04.28 03:41:46.131,0.94764,0.9477,1.19,1.10
2014.04.28 03:41:46.232,0.94763,0.9477,1.00,1.10
2014.04.28 03:41:46.701,0.94763,0.94773,1.13,1.09
2014.04.28 03:41:46.752,0.94763,0.94773,4.20,1.02
2014.04.28 03:41:52.873,0.94764,0.94773,1.58,1.47
2014.04.28 03:41:53.176,0.94763,0.9477,1.32,1.10
2014.04.28 03:41:53.423,0.94763,0.94773,1.39,1.20
2014.04.28 03:41:53.525,0.94764,0.94773,1.33,1.10
2014.04.28 03:41:59.704,0.94764,0.94773,1.29,1.10
2014.04.28 03:42:00.134,0.94763,0.9477,2.22,1.10
2014.04.28 03:42:00.682,0.94763,0.9477,1.13,1.10
2014.04.28 03:42:26.539,0.94764,0.94769,1.13,1.00
2014.04.28 03:42:27.084,0.94764,0.9477,1.13,1.17
2014.04.28 03:42:27.745,0.94764,0.9477,1.13,1.17
2014.04.28 03:42:28.049,0.94763,0.9477,1.50,1.20
2014.04.28 03:42:28.252,0.94764,0.94773,1.70,1.95
2014.04.28 03:42:34.072,0.94764,0.94773,1.53,1.29
2014.04.28 03:42:34.224,0.94764,0.9477,1.00,1.10
2014.04.28 03:42:43.370,0.94764,0.94772,1.50,1.92
2014.04.28 03:42:43.472,0.94765,0.94772,1.57,1.00
2014.04.28 03:42:43.573,0.94765,0.94778,1.74,2.67
2014.04.28 03:42:43.675,0.94765,0.94778,4.02,2.59
2014.04.28 03:42:45.507,0.94766,0.94778,2.22,1.84
2014.04.28 03:42:45.813,0.94769,0.94778,2.33,1.77
2014.04.28 03:42:47.039,0.94769,0.94775,2.33,1.00
2014.04.28 03:42:47.191,0.94766,0.94772,1.10,1.10
2014.04.28 03:42:47.394,0.94764,0.94777,6.34,1.32
2014.04.28 03:42:47.495,0.94768,0.94777,2.25,1.25
2014.04.28 03:42:47.647,0.94769,0.94779,1.18,1.39
2014.04.28 03:42:47.698,0.9477,0.9478,2.25,2.14
2014.04.28 03:42:48.596,0.9477,0.9478,2.33,1.25
2014.04.28 03:42:53.609,0.9477,0.9478,2.33,1.19
2014.04.28 03:42:59.626,0.9477,0.9478,2.33,1.25
2014.04.28 03:43:02.395,0.94771,0.94782,1.15,1.19
2014.04.28 03:43:02.914,0.94771,0.94783,1.40,1.39
2014.04.28 03:43:03.482,0.94771,0.94783,1.84,1.09
2014.04.28 03:43:14.383,0.94773,0.94783,1.67,1.20
2014.04.28 03:43:14.587,0.94774,0.94787,4.47,1.10
2014.04.28 03:43:14.892,0.94776,0.94788,2.67,1.09
2014.04.28 03:43:15.403,0.94777,0.9479,1.78,1.84
2014.04.28 03:43:15.928,0.94777,0.9479,1.72,1.09
2014.04.28 03:43:17.083,0.94777,0.94786,1.53,1.25
2014.04.28 03:43:17.134,0.94777,0.94786,1.15,1.25
2014.04.28 03:43:17.185,0.94777,0.94784,1.00,1.34
2014.04.28 03:43:17.236,0.94774,0.94783,1.00,1.47
2014.04.28 03:43:17.337,0.94771,0.94783,1.09,1.47
2014.04.28 03:43:17.489,0.94769,0.94783,3.42,5.97
2014.04.28 03:43:22.388,0.9477,0.94783,1.29,5.22
2014.04.28 03:43:23.387,0.94772,0.94783,1.20,4.02
2014.04.28 03:43:23.539,0.94771,0.94784,1.74,2.29
2014.04.28 03:43:24.074,0.94773,0.94784,1.10,1.72
2014.04.28 03:43:31.103,0.94771,0.94784,2.29,2.29
2014.04.28 03:43:31.565,0.94771,0.94783,2.14,2.89
2014.04.28 03:43:36.463,0.94773,0.94782,1.10,2.22
2014.04.28 03:43:37.377,0.94773,0.94782,1.02,1.28
2014.04.28 03:43:37.530,0.94778,0.94786,1.48,1.00
2014.04.28 03:43:38.048,0.94778,0.94788,1.48,1.09
2014.04.28 03:43:41.975,0.94778,0.9479,1.39,4.39
2014.04.28 03:43:42.511,0.94777,0.94788,1.39,1.09
2014.04.28 03:43:43.379,0.94777,0.94787,1.39,1.10
2014.04.28 03:43:47.919,0.94777,0.94789,2.22,1.34
2014.04.28 03:43:48.476,0.94777,0.94789,2.29,1.29
2014.04.28 03:43:50.749,0.94777,0.9479,3.04,1.47
2014.04.28 03:43:52.484,0.94777,0.9479,3.04,1.47
2014.04.28 03:43:55.038,0.94777,0.9479,2.67,1.47
2014.04.28 03:43:55.141,0.94777,0.94789,2.48,1.77
2014.04.28 03:43:55.243,0.94777,0.94789,1.00,5.59
2014.04.28 03:44:05.216,0.94777,0.94787,1.00,1.37
2014.04.28 03:44:07.223,0.94777,0.94787,1.00,1.37
2014.04.28 03:44:08.225,0.94777,0.94787,1.00,1.37
2014.04.28 03:44:09.230,0.94777,0.94788,1.00,2.59
2014.04.28 03:44:19.595,0.94777,0.94789,1.38,5.22
2014.04.28 03:44:20.098,0.94778,0.94789,1.48,2.22
2014.04.28 03:44:20.458,0.94779,0.94787,1.10,1.33
2014.04.28 03:44:20.610,0.94777,0.94786,1.28,1.09
2014.04.28 03:45:07.879,0.94777,0.94785,1.10,1.37
2014.04.28 03:45:08.183,0.94772,0.94779,1.00,1.02
2014.04.28 03:45:08.284,0.94772,0.94778,1.00,1.19
2014.04.28 03:45:08.436,0.94769,0.94778,1.20,1.19
2014.04.28 03:45:08.938,0.94768,0.94778,1.35,1.25
2014.04.28 03:45:09.441,0.94769,0.94777,1.28,1.00
2014.04.28 03:45:11.029,0.94769,0.94776,1.28,1.00
2014.04.28 03:45:12.238,0.94769,0.94779,1.28,1.29
2014.04.28 03:45:17.290,0.94768,0.94779,1.28,1.29
2014.04.28 03:45:17.899,0.9477,0.94779,1.10,1.02
2014.04.28 03:45:18.000,0.94772,0.94779,1.10,1.02
2014.04.28 03:45:18.564,0.94771,0.94779,1.65,1.25
2014.04.28 03:45:19.521,0.94771,0.9478,1.10,1.25
2014.04.28 03:45:19.824,0.94773,0.9478,1.00,1.25
2014.04.28 03:45:21.379,0.94773,0.94782,1.00,1.84
2014.04.28 03:45:23.130,0.94773,0.9478,1.00,1.00
2014.04.28 03:45:23.651,0.94773,0.94781,1.00,1.02
2014.04.28 03:45:24.525,0.94773,0.94781,1.00,1.77
2014.04.28 03:45:25.188,0.94771,0.94781,1.10,2.14
2014.04.28 03:45:25.924,0.94771,0.9478,1.10,1.19
2014.04.28 03:45:33.524,0.94772,0.94781,1.10,2.14
2014.04.28 03:45:34.176,0.94771,0.9478,1.65,1.19
2014.04.28 03:45:34.714,0.94771,0.9478,1.65,1.25
2014.04.28 03:45:35.590,0.94771,0.94779,1.10,1.00
2014.04.28 03:45:36.095,0.9477,0.94781,1.28,2.14
2014.04.28 03:45:36.641,0.94769,0.94779,1.73,1.25
2014.04.28 03:45:37.631,0.94769,0.94779,1.73,1.19
2014.04.28 03:45:37.733,0.94771,0.9478,1.25,1.69
2014.04.28 03:45:38.465,0.94772,0.9478,1.28,1.19
2014.04.28 03:45:42.226,0.94771,0.9478,1.25,1.25
2014.04.28 03:45:42.982,0.94771,0.9478,1.25,1.19
2014.04.28 03:45:44.155,0.94771,0.94778,1.25,1.00
2014.04.28 03:45:45.808,0.94771,0.94781,1.25,1.69
2014.04.28 03:45:46.998,0.9477,0.94781,3.15,1.69
2014.04.28 03:45:47.999,0.9477,0.94781,3.15,1.69
2014.04.28 03:45:50.543,0.9477,0.94779,2.33,1.19
2014.04.28 03:45:51.466,0.9477,0.9478,1.18,1.77
2014.04.28 03:45:51.517,0.9477,0.94779,1.10,1.29
2014.04.28 03:45:51.821,0.94768,0.94777,1.28,1.19
2014.04.28 03:45:52.125,0.94767,0.94775,1.10,1.69
2014.04.28 03:45:52.632,0.94764,0.94774,1.40,1.19
2014.04.28 03:45:52.935,0.94763,0.94771,1.28,1.25
2014.04.28 03:45:53.450,0.94764,0.94771,1.28,1.69
2014.04.28 03:45:54.005,0.94763,0.94772,1.43,1.77
2014.04.28 03:45:58.849,0.94763,0.9477,1.43,1.19
2014.04.28 03:45:59.051,0.94763,0.94769,1.13,1.19
2014.04.28 03:45:59.620,0.94764,0.94769,1.13,1.19
2014.04.28 03:46:00.150,0.94762,0.94769,1.48,1.00
2014.04.28 03:46:00.712,0.94763,0.94769,1.13,1.19
2014.04.28 03:46:02.971,0.94763,0.94769,1.13,1.19
2014.04.28 03:46:03.580,0.94762,0.94769,1.48,1.19
2014.04.28 03:46:06.031,0.94762,0.94768,1.10,1.25
2014.04.28 03:46:06.931,0.94763,0.94769,1.13,1.69
2014.04.28 03:46:12.051,0.94763,0.94768,1.13,1.19
2014.04.28 03:46:18.075,0.94763,0.9477,1.13,1.19
2014.04.28 03:46:20.054,0.94762,0.9477,1.38,1.19
2014.04.28 03:46:20.741,0.94762,0.9477,1.38,1.19
2014.04.28 03:46:21.784,0.94764,0.94771,1.13,1.25
2014.04.28 03:46:22.037,0.94763,0.94772,3.75,1.10
2014.04.28 03:46:22.088,0.94766,0.94774,1.20,1.25
2014.04.28 03:46:22.240,0.94766,0.94777,3.15,1.69
2014.04.28 03:46:28.907,0.94766,0.94774,3.53,1.00
2014.04.28 03:46:30.907,0.94767,0.94778,1.25,2.44
2014.04.28 03:46:31.500,0.94767,0.94778,1.25,2.44
2014.04.28 03:46:32.104,0.94767,0.94774,1.25,1.00
2014.04.28 03:46:32.205,0.94765,0.94774,1.00,2.14
2014.04.28 03:46:32.407,0.94764,0.94772,1.20,1.32
2014.04.28 03:46:33.223,0.94764,0.94772,1.13,2.14
2014.04.28 03:46:36.211,0.94764,0.94771,1.13,1.37
2014.04.28 03:46:36.712,0.94764,0.9477,1.13,1.99
2014.04.28 03:46:39.325,0.94762,0.94769,1.00,1.19
2014.04.28 03:46:43.411,0.94762,0.94768,1.00,1.54
2014.04.28 03:46:43.823,0.94764,0.9477,1.13,1.02
2014.04.28 03:46:43.925,0.94761,0.94771,1.10,1.37
2014.04.28 03:46:47.478,0.94762,0.94772,1.10,1.84
2014.04.28 03:46:48.247,0.9476,0.94772,1.48,1.40
2014.04.28 03:46:49.238,0.94762,0.94772,1.10,1.40
2014.04.28 03:46:53.448,0.94762,0.94772,1.18,1.33
2014.04.28 03:46:53.863,0.94762,0.94773,1.28,1.02
2014.04.28 03:46:55.404,0.94763,0.94773,1.28,1.77
2014.04.28 03:46:55.960,0.94764,0.94775,1.28,1.77
2014.04.28 03:47:00.459,0.94765,0.94775,1.28,1.19
2014.04.28 03:47:00.969,0.94766,0.94776,1.20,1.19
2014.04.28 03:47:01.476,0.94765,0.94776,1.28,1.25
2014.04.28 03:47:02.479,0.94765,0.94776,1.28,1.19
2014.04.28 03:47:04.490,0.94765,0.94776,1.28,1.69
2014.04.28 03:47:06.069,0.94765,0.94775,3.15,1.19
2014.04.28 03:47:08.497,0.94765,0.94775,3.15,1.25
2014.04.28 03:47:10.504,0.94765,0.94775,3.15,1.19
2014.04.28 03:47:10.743,0.94765,0.94775,1.20,1.19
2014.04.28 03:47:11.707,0.94765,0.94775,1.20,1.25
2014.04.28 03:47:12.723,0.94765,0.94775,1.20,1.19
2014.04.28 03:47:12.774,0.94765,0.94775,1.25,1.69
2014.04.28 03:47:14.716,0.94765,0.94775,1.25,1.69
2014.04.28 03:47:20.713,0.94765,0.94775,1.25,1.69
2014.04.28 03:47:24.322,0.94765,0.94774,1.25,1.19
2014.04.28 03:47:24.478,0.94765,0.94774,1.10,1.37
2014.04.28 03:47:25.327,0.94765,0.94774,1.10,1.84
2014.04.28 03:47:28.369,0.94765,0.94773,1.10,1.77
2014.04.28 03:47:30.497,0.94765,0.94773,1.10,1.77
2014.04.28 03:47:31.002,0.94765,0.94775,1.10,1.84
2014.04.28 03:47:31.595,0.94765,0.94775,1.10,1.37
2014.04.28 03:47:39.808,0.94765,0.94776,1.18,1.27
2014.04.28 03:47:40.330,0.94764,0.94776,3.34,1.69
2014.04.28 03:47:40.832,0.94764,0.94776,3.34,1.25
2014.04.28 03:47:59.550,0.94764,0.94776,3.72,1.19
2014.04.28 03:48:02.855,0.94765,0.94776,1.17,1.25
2014.04.28 03:48:07.840,0.94766,0.94776,1.28,1.19
2014.04.28 03:48:09.366,0.94766,0.94772,1.18,1.00
2014.04.28 03:48:09.468,0.94764,0.94772,1.00,1.25
2014.04.28 03:48:09.671,0.94766,0.94775,1.10,1.29
2014.04.28 03:48:09.975,0.94769,0.94777,1.18,1.19
2014.04.28 03:48:10.286,0.94769,0.94775,1.00,1.19
2014.04.28 03:48:10.348,0.94767,0.94775,1.20,1.19
2014.04.28 03:48:15.202,0.94767,0.94775,1.10,1.02
2014.04.28 03:48:20.067,0.94767,0.94775,1.10,1.77
2014.04.28 03:48:21.071,0.94767,0.94775,1.10,1.02
2014.04.28 03:48:21.793,0.94766,0.94776,1.10,1.37
2014.04.28 03:48:23.079,0.94766,0.94775,1.10,2.52
2014.04.28 03:48:24.082,0.94766,0.94775,1.10,2.52
2014.04.28 03:48:33.230,0.94766,0.94775,1.10,2.52
2014.04.28 03:48:37.216,0.94766,0.94774,1.10,1.19
2014.04.28 03:48:39.221,0.94766,0.94773,1.10,1.19
2014.04.28 03:48:40.227,0.94766,0.94775,1.10,1.77
2014.04.28 03:48:41.330,0.94766,0.94775,1.10,1.29
2014.04.28 03:48:51.250,0.94766,0.94775,1.10,1.02
2014.04.28 03:48:59.828,0.94766,0.94774,1.10,1.00
2014.04.28 03:49:00.386,0.94766,0.94774,1.10,1.19
2014.04.28 03:49:02.278,0.94766,0.94774,1.10,1.25
2014.04.28 03:49:03.040,0.94766,0.94774,1.10,1.09
2014.04.28 03:49:08.418,0.94767,0.94773,1.10,1.02
2014.04.28 03:49:17.904,0.94766,0.94774,1.10,1.18
2014.04.28 03:49:19.903,0.94766,0.94774,1.20,1.02
2014.04.28 03:49:20.475,0.94766,0.94776,1.17,1.00
2014.04.28 03:49:20.779,0.94767,0.94777,2.33,1.69
2014.04.28 03:49:21.629,0.94767,0.94777,2.33,1.69
2014.04.28 03:49:22.577,0.94767,0.94774,2.33,1.00
2014.04.28 03:49:22.678,0.94767,0.94775,2.33,1.69
2014.04.28 03:49:22.729,0.94766,0.94772,2.93,1.00
2014.04.28 03:49:22.932,0.94761,0.9477,1.18,1.69
2014.04.28 03:49:23.519,0.94761,0.94771,1.73,1.69
2014.04.28 03:49:26.167,0.94761,0.94772,1.09,1.02
2014.04.28 03:49:26.268,0.94764,0.94773,1.10,1.08
2014.04.28 03:49:26.319,0.94764,0.94774,2.03,1.02
2014.04.28 03:49:26.824,0.94765,0.94775,1.10,1.09
2014.04.28 03:49:38.718,0.94765,0.94776,1.17,1.77
2014.04.28 03:49:42.832,0.94765,0.94776,1.28,1.77
2014.04.28 03:49:47.823,0.94765,0.94776,1.17,1.77
2014.04.28 03:49:58.918,0.94765,0.94776,1.09,1.77
2014.04.28 03:50:00.908,0.94766,0.94774,1.10,1.02
2014.04.28 03:50:01.214,0.94766,0.94775,1.25,1.19
2014.04.28 03:50:05.063,0.94766,0.94776,1.25,1.19
2014.04.28 03:50:05.367,0.94767,0.94777,3.15,1.69
2014.04.28 03:50:06.153,0.94767,0.94777,3.15,2.44
2014.04.28 03:50:08.463,0.94767,0.94777,3.15,1.69
2014.04.28 03:50:10.517,0.94767,0.94777,3.15,1.19
2014.04.28 03:50:11.481,0.94767,0.94777,3.15,1.25
2014.04.28 03:50:16.795,0.94767,0.94778,3.15,1.69
2014.04.28 03:50:17.799,0.94767,0.94778,3.15,1.69
2014.04.28 03:50:18.341,0.94767,0.94778,3.72,1.00
2014.04.28 03:50:18.645,0.94775,0.94783,1.28,1.00
2014.04.28 03:50:18.696,0.94776,0.94785,1.10,1.25
2014.04.28 03:50:19.197,0.94776,0.94784,1.10,1.25
2014.04.28 03:50:19.348,0.94773,0.94785,2.67,1.84
2014.04.28 03:50:20.494,0.94773,0.94785,2.48,1.84
2014.04.28 03:50:29.619,0.94773,0.94785,2.67,1.84
2014.04.28 03:50:38.949,0.94773,0.94783,2.67,1.00
2014.04.28 03:50:39.979,0.94773,0.94783,2.59,1.58
2014.04.28 03:50:47.202,0.94774,0.94783,1.10,1.10
2014.04.28 03:50:47.786,0.94775,0.94783,1.10,1.10
2014.04.28 03:50:48.038,0.94775,0.94785,1.20,1.02
2014.04.28 03:50:48.914,0.94776,0.94786,1.00,2.59
2014.04.28 03:50:53.536,0.94775,0.94786,1.65,1.37
2014.04.28 03:50:56.922,0.94775,0.94786,1.58,1.84
2014.04.28 03:51:00.079,0.94774,0.94779,1.10,1.29
2014.04.28 03:51:00.283,0.94769,0.94779,1.95,4.02
2014.04.28 03:51:00.798,0.94769,0.94775,1.10,1.00
2014.04.28 03:51:17.844,0.94768,0.94775,1.10,1.25
2014.04.28 03:52:07.564,0.94767,0.94775,1.10,1.25
2014.04.28 03:52:15.064,0.94767,0.94775,1.10,1.19
2014.04.28 03:52:19.108,0.94767,0.94775,1.10,1.25
2014.04.28 03:52:21.863,0.94768,0.94775,1.10,1.00
2014.04.28 03:52:21.914,0.94768,0.94775,3.27,1.00
2014.04.28 03:52:22.118,0.94772,0.94777,1.10,1.00
2014.04.28 03:52:22.321,0.94774,0.94778,1.10,1.00
2014.04.28 03:52:22.574,0.94773,0.9478,1.10,1.00
2014.04.28 03:52:23.028,0.94774,0.9478,1.92,1.00
2014.04.28 03:52:23.231,0.94779,0.94785,1.10,1.00
2014.04.28 03:52:33.083,0.94777,0.94785,1.20,1.25
2014.04.28 03:52:35.154,0.94776,0.94785,1.28,1.69
2014.04.28 03:52:35.256,0.94774,0.94785,2.18,1.29
2014.04.28 03:52:35.357,0.94774,0.94784,2.18,1.19
2014.04.28 03:52:35.508,0.94772,0.94782,1.58,1.02
2014.04.28 03:52:35.610,0.94772,0.94782,1.50,2.22
2014.04.28 03:52:36.176,0.94772,0.94779,1.50,1.25
2014.04.28 03:52:36.756,0.94771,0.94779,1.10,1.25
2014.04.28 03:52:46.172,0.94772,0.94779,1.10,1.25
2014.04.28 03:52:47.273,0.94771,0.94779,1.10,1.25
2014.04.28 03:52:47.857,0.94772,0.94779,1.10,1.00
2014.04.28 03:52:50.262,0.94771,0.94779,1.10,1.00
2014.04.28 03:52:55.923,0.94771,0.9478,1.10,1.19
2014.04.28 03:52:56.893,0.94771,0.9478,1.00,1.77
2014.04.28 03:53:02.202,0.94772,0.94781,1.10,1.37
2014.04.28 03:53:03.522,0.94771,0.94781,1.00,1.84
2014.04.28 03:53:04.159,0.94771,0.94781,1.00,1.37
2014.04.28 03:53:07.144,0.94771,0.94781,1.00,1.37
2014.04.28 03:53:13.016,0.94771,0.9478,1.00,2.44
2014.04.28 03:53:14.054,0.94771,0.9478,1.69,2.33
2014.04.28 03:53:14.357,0.94782,0.94788,1.50,1.15
2014.04.28 03:53:14.459,0.94782,0.9479,2.48,1.34
2014.04.28 03:53:14.611,0.94781,0.9479,1.64,1.37
2014.04.28 03:53:14.763,0.94781,0.9479,1.00,3.27
2014.04.28 03:53:17.322,0.9478,0.94788,1.00,1.37
2014.04.28 03:53:18.909,0.9478,0.94788,1.00,3.27
2014.04.28 03:53:28.987,0.94778,0.94788,1.38,2.52
2014.04.28 03:53:31.052,0.94778,0.94789,1.38,3.27
2014.04.28 03:53:31.618,0.94779,0.94789,1.20,1.34
2014.04.28 03:53:32.256,0.94778,0.9479,1.95,1.47
2014.04.28 03:53:32.523,0.9478,0.94791,1.77,2.10
2014.04.28 03:53:32.676,0.94781,0.94791,1.84,1.00
2014.04.28 03:53:32.828,0.94785,0.94796,1.20,1.84
2014.04.28 03:53:32.880,0.94785,0.94796,1.18,1.77
2014.04.28 03:53:33.083,0.94785,0.94797,1.92,1.77
2014.04.28 03:53:33.585,0.94786,0.94798,1.18,1.47
2014.04.28 03:53:34.838,0.94788,0.94797,1.00,1.29
2014.04.28 03:53:35.302,0.94788,0.94799,1.08,1.27
2014.04.28 03:53:35.833,0.94788,0.948,1.48,4.32
2014.04.28 03:53:36.505,0.94788,0.94796,1.38,1.00
2014.04.28 03:53:39.634,0.94788,0.94796,1.38,2.40
2014.04.28 03:53:39.988,0.94786,0.94792,1.10,1.00
2014.04.28 03:53:42.131,0.94786,0.94792,1.20,1.00
2014.04.28 03:53:42.233,0.94784,0.94792,1.58,1.00
2014.04.28 03:53:42.637,0.94784,0.9479,1.20,1.00
2014.04.28 03:53:44.382,0.94784,0.9479,1.28,1.00
2014.04.28 03:53:45.089,0.94784,0.94791,3.72,1.00
2014.04.28 03:53:47.248,0.94787,0.94793,1.20,1.00
2014.04.28 03:53:47.454,0.94787,0.94795,1.20,1.00
2014.04.28 03:53:53.967,0.94788,0.94797,3.00,1.25
2014.04.28 03:53:54.270,0.94793,0.94802,1.18,1.00
2014.04.28 03:53:54.473,0.94798,0.94808,1.18,1.77
2014.04.28 03:53:54.524,0.94798,0.94805,1.28,1.00
2014.04.28 03:53:54.777,0.94797,0.94806,1.00,2.67
2014.04.28 03:53:55.299,0.94795,0.94803,1.35,1.00
2014.04.28 03:53:55.916,0.94796,0.94803,2.25,1.00
2014.04.28 03:53:55.968,0.94797,0.94806,1.15,1.19
2014.04.28 03:53:56.516,0.94797,0.94807,1.18,2.44
2014.04.28 03:53:56.911,0.94799,0.94808,1.13,1.77
2014.04.28 03:53:57.957,0.94799,0.94808,1.20,1.25
2014.04.28 03:53:58.526,0.94799,0.94808,1.13,1.33
2014.04.28 03:54:01.704,0.94799,0.94808,1.95,1.00
2014.04.28 03:54:01.907,0.94802,0.9481,1.00,1.37
2014.04.28 03:54:05.940,0.94802,0.94812,1.58,1.84
2014.04.28 03:54:06.111,0.94804,0.94812,1.10,1.84
2014.04.28 03:54:06.414,0.94809,0.94815,1.10,1.19
2014.04.28 03:54:07.340,0.94809,0.94815,1.10,1.19
2014.04.28 03:54:09.575,0.94809,0.94816,1.10,1.02
2014.04.28 03:54:10.463,0.94809,0.94816,1.10,1.77
2014.04.28 03:54:11.475,0.94809,0.94815,1.10,1.19
2014.04.28 03:54:11.984,0.94809,0.94816,1.20,1.77
2014.04.28 03:54:13.867,0.94809,0.94815,1.20,1.19
2014.04.28 03:54:16.402,0.94807,0.94814,1.00,1.19
2014.04.28 03:54:18.202,0.94809,0.94815,1.20,1.19
2014.04.28 03:54:22.234,0.94807,0.94814,1.00,1.19
2014.04.28 03:54:25.146,0.94809,0.94814,1.20,1.19
2014.04.28 03:54:25.652,0.94809,0.94816,1.20,1.29
2014.04.28 03:54:27.230,0.94807,0.94814,1.48,1.33
2014.04.28 03:54:28.116,0.94807,0.94814,1.10,4.02
2014.04.28 03:54:28.219,0.94804,0.94812,1.10,2.52
2014.04.28 03:54:28.523,0.94802,0.9481,1.48,2.33
2014.04.28 03:54:32.403,0.94802,0.9481,1.10,2.52
2014.04.28 03:54:32.944,0.94801,0.9481,1.00,3.27
2014.04.28 03:54:39.654,0.94801,0.94808,1.00,1.37
2014.04.28 03:54:40.657,0.94801,0.94809,1.00,1.34
2014.04.28 03:54:44.170,0.94801,0.9481,1.00,1.37
2014.04.28 03:54:51.686,0.94801,0.94811,1.00,5.97
2014.04.28 03:54:52.203,0.94801,0.9481,1.00,4.39
2014.04.28 03:54:52.622,0.94803,0.9481,1.10,2.89
2014.04.28 03:54:52.825,0.94803,0.94811,1.10,2.22
2014.04.28 03:55:01.430,0.94801,0.9481,1.00,1.18
2014.04.28 03:55:08.136,0.94801,0.94808,1.00,1.27
2014.04.28 03:55:08.440,0.94796,0.94802,1.10,1.77
2014.04.28 03:55:08.744,0.94792,0.94801,1.00,2.22
2014.04.28 03:55:09.047,0.94789,0.94798,1.58,1.29
2014.04.28 03:55:09.596,0.94788,0.94799,1.10,1.47
2014.04.28 03:55:09.697,0.94788,0.94798,1.00,2.82
2014.04.28 03:55:10.213,0.94787,0.94798,1.77,2.89
2014.04.28 03:55:12.848,0.94787,0.94798,1.20,1.34
2014.04.28 03:55:13.151,0.94789,0.948,1.65,1.47
2014.04.28 03:55:13.998,0.94789,0.94801,1.65,2.97
2014.04.28 03:55:14.325,0.94789,0.94799,1.00,2.89
2014.04.28 03:55:16.436,0.94789,0.94801,1.00,5.14
2014.04.28 03:55:19.481,0.94789,0.94798,1.00,2.52
2014.04.28 03:55:39.860,0.94789,0.94799,1.00,4.69
2014.04.28 03:56:00.887,0.94789,0.948,1.00,4.02
2014.04.28 03:56:05.232,0.94789,0.948,1.00,1.84
2014.04.28 03:56:08.798,0.94789,0.948,1.18,1.77
2014.04.28 03:56:09.303,0.94791,0.948,1.00,1.77
2014.04.28 03:56:09.813,0.94791,0.948,1.00,1.77
2014.04.28 03:56:10.578,0.94791,0.948,1.00,1.77
2014.04.28 03:56:10.899,0.94787,0.94796,1.32,1.10
2014.04.28 03:56:11.579,0.94787,0.94797,1.95,1.09
2014.04.28 03:56:20.374,0.94787,0.94797,1.50,1.09
2014.04.28 03:56:23.282,0.94789,0.94799,1.00,3.27
2014.04.28 03:56:30.959,0.94789,0.94799,1.00,1.34
2014.04.28 03:56:43.922,0.94789,0.94796,1.00,1.19
2014.04.28 03:56:44.327,0.94785,0.94795,1.38,4.02
2014.04.28 03:56:44.378,0.94785,0.94794,1.00,2.52
2014.04.28 03:56:44.429,0.94783,0.94793,1.20,1.84
2014.04.28 03:56:45.748,0.94783,0.94792,1.20,1.00
2014.04.28 03:56:46.000,0.94785,0.94795,1.00,4.84
2014.04.28 03:56:46.156,0.94786,0.94795,1.00,1.17
2014.04.28 03:56:55.733,0.94786,0.94795,1.00,2.67
2014.04.28 03:56:56.278,0.94785,0.94795,1.00,4.84
2014.04.28 03:57:11.792,0.94783,0.94793,1.13,1.09
2014.04.28 03:57:14.855,0.94783,0.94792,1.13,1.29
2014.04.28 03:57:15.881,0.94783,0.94792,1.13,1.29
2014.04.28 03:57:16.861,0.94783,0.94791,1.00,1.19
2014.04.28 03:57:17.891,0.94783,0.94792,1.00,1.29
2014.04.28 03:57:18.969,0.94783,0.94791,1.00,1.19
2014.04.28 03:57:22.778,0.94782,0.94792,1.20,1.29
2014.04.28 03:57:23.296,0.94782,0.94792,1.20,1.29
2014.04.28 03:57:28.016,0.94782,0.94792,1.20,1.19
2014.04.28 03:57:29.006,0.94782,0.94792,1.20,1.19
2014.04.28 03:57:34.042,0.94782,0.94791,1.20,1.19
2014.04.28 03:57:34.152,0.94782,0.94792,1.20,1.19
2014.04.28 03:57:37.619,0.94782,0.94793,2.59,1.10
2014.04.28 03:57:37.973,0.94783,0.94792,1.18,1.77
2014.04.28 03:57:38.327,0.94783,0.94793,1.18,1.69
2014.04.28 03:57:39.189,0.94783,0.94793,1.18,1.25
2014.04.28 03:57:40.297,0.94785,0.94793,1.84,1.00
2014.04.28 03:57:40.398,0.94787,0.94796,1.77,1.00
2014.04.28 03:57:40.499,0.94788,0.94797,1.92,1.00
2014.04.28 03:57:40.752,0.94788,0.94798,1.02,1.10
2014.04.28 03:57:40.954,0.94789,0.94798,1.10,1.34
2014.04.28 03:57:41.258,0.94791,0.94799,1.65,1.00
2014.04.28 03:57:41.763,0.94794,0.948,1.10,1.00
2014.04.28 03:57:42.070,0.94795,0.948,2.29,1.00
2014.04.28 03:57:42.171,0.94797,0.94803,1.20,1.00
2014.04.28 03:57:42.222,0.948,0.94806,1.10,1.10
2014.04.28 03:57:42.274,0.948,0.94809,1.10,4.02
2014.04.28 03:57:42.839,0.948,0.94807,1.20,1.00
2014.04.28 03:57:42.890,0.94802,0.94807,1.10,1.00
2014.04.28 03:57:43.194,0.94799,0.94807,1.10,1.00
2014.04.28 03:57:43.763,0.948,0.94809,1.10,1.77
2014.04.28 03:57:45.200,0.948,0.94809,1.10,1.02
2014.04.28 03:57:47.408,0.948,0.94809,1.00,1.29
2014.04.28 03:57:47.937,0.948,0.94809,1.10,1.34
2014.04.28 03:57:48.039,0.94804,0.9481,1.10,4.02
2014.04.28 03:57:48.140,0.94803,0.9481,1.10,1.25
2014.04.28 03:57:48.393,0.94806,0.9481,1.10,1.00
2014.04.28 03:57:48.494,0.94804,0.9481,1.10,1.25
2014.04.28 03:57:48.596,0.94806,0.9481,1.10,1.25
2014.04.28 03:57:48.798,0.94804,0.9481,1.10,1.00
2014.04.28 03:57:49.332,0.94804,0.9481,1.10,1.18
2014.04.28 03:57:49.434,0.94801,0.9481,1.10,1.40
2014.04.28 03:57:49.535,0.94801,0.9481,1.10,1.02
2014.04.28 03:57:49.738,0.94803,0.9481,1.10,1.02
2014.04.28 03:57:49.890,0.94801,0.9481,1.10,1.02
2014.04.28 03:57:49.941,0.94801,0.94807,1.10,1.00
2014.04.28 03:57:50.467,0.94802,0.94809,1.10,1.09
2014.04.28 03:57:52.396,0.948,0.94809,1.10,1.09
2014.04.28 03:57:54.872,0.948,0.94809,1.10,1.84
2014.04.28 03:57:54.973,0.94799,0.94806,1.10,1.18
2014.04.28 03:57:55.518,0.948,0.94806,1.10,1.18
2014.04.28 03:58:09.531,0.948,0.94806,1.10,1.00
2014.04.28 03:58:10.065,0.948,0.9481,1.58,3.27
2014.04.28 03:58:11.509,0.94798,0.94809,1.25,1.47
2014.04.28 03:58:12.089,0.94798,0.94807,1.09,1.00
2014.04.28 03:58:13.557,0.94796,0.94804,3.34,1.00
2014.04.28 03:58:16.539,0.94796,0.94804,1.02,1.00
2014.04.28 03:58:17.107,0.94795,0.94804,1.84,1.00
2014.04.28 03:58:22.873,0.94794,0.94804,3.08,1.19
2014.04.28 03:58:22.976,0.94794,0.94803,1.00,2.14
2014.04.28 03:58:23.391,0.9479,0.94799,4.47,1.00
2014.04.28 03:58:42.900,0.94789,0.94799,1.10,1.25
2014.04.28 03:58:44.708,0.94788,0.94798,1.09,1.00
2014.04.28 03:58:45.258,0.94788,0.94799,1.09,1.25
2014.04.28 03:58:49.969,0.94788,0.94799,1.18,1.77
2014.04.28 03:58:56.939,0.94788,0.94799,1.09,1.77
2014.04.28 03:59:02.850,0.94788,0.94799,1.18,1.19
2014.04.28 03:59:03.355,0.94788,0.94799,1.00,7.47
2014.04.28 03:59:03.608,0.94785,0.94797,2.67,1.84
2014.04.28 03:59:03.939,0.94785,0.94794,1.25,1.10
2014.04.28 03:59:04.479,0.94784,0.94794,1.10,1.02
2014.04.28 03:59:04.950,0.94782,0.94792,1.92,1.00
2014.04.28 03:59:05.637,0.94783,0.94793,1.17,1.00
2014.04.28 03:59:08.555,0.94785,0.94794,1.00,1.10
2014.04.28 03:59:15.729,0.94785,0.94796,1.84,1.58
2014.04.28 03:59:17.974,0.94787,0.94796,1.08,1.00
2014.04.28 03:59:18.025,0.94789,0.94799,1.00,2.67
2014.04.28 03:59:21.252,0.94789,0.948,1.08,1.27
2014.04.28 03:59:21.810,0.94789,0.948,1.15,1.19
2014.04.28 03:59:24.219,0.94789,0.948,1.15,1.25
2014.04.28 03:59:25.223,0.94789,0.948,1.15,1.19
2014.04.28 03:59:28.229,0.94789,0.948,1.15,1.25
2014.04.28 03:59:28.756,0.94789,0.948,1.08,1.33
2014.04.28 03:59:28.807,0.94789,0.948,1.00,1.40
2014.04.28 03:59:30.015,0.94789,0.94799,1.00,1.34
2014.04.28 03:59:38.465,0.94788,0.94798,1.00,1.18
2014.04.28 03:59:42.234,0.94788,0.94798,1.10,1.25
2014.04.28 03:59:42.336,0.94791,0.94799,1.00,1.77
2014.04.28 03:59:42.538,0.94791,0.94801,1.00,1.02
2014.04.28 03:59:45.877,0.94791,0.948,1.00,1.02
2014.04.28 03:59:46.082,0.94791,0.94798,1.00,1.00
2014.04.28 03:59:47.614,0.94789,0.94798,1.10,1.00
2014.04.28 03:59:50.827,0.94789,0.94798,1.00,1.84
2014.04.28 03:59:50.898,0.94786,0.94795,1.84,1.00
2014.04.28 03:59:51.158,0.94785,0.94795,1.25,1.18
2014.04.28 03:59:58.119,0.94784,0.94795,1.77,1.18
2014.04.28 03:59:59.116,0.94784,0.94795,1.77,1.18
