2014.04.18 14:00:01.602,0.95572,0.95587,1.00,1.75
2014.04.18 14:00:01.806,0.95562,0.95586,1.00,1.13
2014.04.18 14:00:01.857,0.95562,0.95589,1.00,1.38
2014.04.18 14:00:01.959,0.95562,0.9559,1.20,1.50
2014.04.18 14:00:02.518,0.95563,0.9559,1.00,1.00
2014.04.18 14:00:03.160,0.95572,0.9559,1.00,1.00
2014.04.18 14:00:03.800,0.95572,0.95587,1.00,1.00
2014.04.18 14:00:03.953,0.95561,0.95586,1.68,1.13
2014.04.18 14:00:04.378,0.95561,0.95584,1.38,1.13
2014.04.18 14:00:04.553,0.95561,0.95584,1.00,1.13
2014.04.18 14:00:05.963,0.95561,0.95584,1.38,1.13
2014.04.18 14:00:06.554,0.95561,0.95584,1.38,1.13
2014.04.18 14:00:06.953,0.95561,0.95586,1.00,1.13
2014.04.18 14:00:10.982,0.95561,0.95584,1.38,1.50
2014.04.18 14:00:11.213,0.95561,0.95584,1.00,2.63
2014.04.18 14:00:12.510,0.95561,0.95584,1.38,2.25
2014.04.18 14:00:12.730,0.95561,0.95583,1.00,1.38
2014.04.18 14:00:13.622,0.95561,0.95583,1.38,1.38
2014.04.18 14:00:13.723,0.95561,0.95583,1.00,1.38
2014.04.18 14:00:14.519,0.95561,0.95583,1.38,1.38
2014.04.18 14:00:15.369,0.95561,0.95583,1.38,1.38
2014.04.18 14:00:16.140,0.95561,0.95583,1.00,1.38
2014.04.18 14:00:39.443,0.95561,0.95583,1.38,1.38
2014.04.18 14:00:42.342,0.95561,0.95583,1.38,1.38
2014.04.18 14:00:42.448,0.95561,0.95583,1.13,1.13
2014.04.18 14:00:42.550,0.95556,0.95569,1.38,1.75
2014.04.18 14:00:42.804,0.95551,0.95566,1.38,1.88
2014.04.18 14:00:43.325,0.95551,0.95569,1.00,2.63
2014.04.18 14:00:43.428,0.95551,0.95569,1.00,1.00
2014.04.18 14:00:43.479,0.95551,0.95574,1.00,1.00
2014.04.18 14:00:43.581,0.95547,0.95575,1.00,1.88
2014.04.18 14:00:43.683,0.95551,0.95575,1.00,1.00
2014.04.18 14:00:43.733,0.95551,0.95577,1.00,1.20
2014.04.18 14:00:46.017,0.95554,0.95577,1.00,1.10
2014.04.18 14:00:47.090,0.95554,0.95577,1.00,1.08
2014.04.18 14:00:53.234,0.95554,0.95577,1.00,1.08
2014.04.18 14:00:53.285,0.95554,0.9558,1.00,1.75
2014.04.18 14:00:53.846,0.95554,0.9558,1.00,1.75
2014.04.18 14:00:54.224,0.95556,0.9558,1.00,1.75
2014.04.18 14:00:58.213,0.95556,0.95578,1.00,1.00
2014.04.18 14:01:01.252,0.95558,0.95579,1.00,1.00
2014.04.18 14:01:02.141,0.95558,0.9558,1.00,1.50
2014.04.18 14:01:03.074,0.95559,0.95581,1.00,1.38
2014.04.18 14:01:03.724,0.9556,0.95582,1.00,1.50
2014.04.18 14:01:03.876,0.95563,0.95585,1.00,1.38
2014.04.18 14:01:09.926,0.95561,0.95583,1.00,1.00
2014.04.18 14:01:10.043,0.95563,0.95585,1.00,1.38
2014.04.18 14:01:10.700,0.95563,0.95582,1.00,1.00
2014.04.18 14:01:10.806,0.9556,0.95582,1.00,1.50
2014.04.18 14:01:20.512,0.95559,0.95581,1.00,1.38
2014.04.18 14:01:20.816,0.95557,0.95579,1.00,1.13
2014.04.18 14:01:22.550,0.95557,0.95579,1.00,1.38
2014.04.18 14:01:23.077,0.95556,0.95578,1.00,1.38
2014.04.18 14:01:26.250,0.95555,0.95577,1.00,1.38
2014.04.18 14:01:28.310,0.95555,0.95577,1.38,1.00
2014.04.18 14:01:28.526,0.95557,0.95579,1.38,1.00
2014.04.18 14:01:29.121,0.95557,0.95579,1.00,1.38
2014.04.18 14:01:29.435,0.95556,0.95578,1.00,2.25
2014.04.18 14:01:29.616,0.95553,0.95575,1.38,1.00
2014.04.18 14:01:32.990,0.95553,0.95575,1.00,1.13
2014.04.18 14:01:34.455,0.95554,0.95576,1.00,1.38
2014.04.18 14:01:43.246,0.95554,0.95576,1.00,1.00
2014.04.18 14:02:11.090,0.95559,0.95581,1.00,1.00
2014.04.18 14:02:14.831,0.95557,0.95579,1.00,1.00
2014.04.18 14:02:45.735,0.95558,0.95582,1.00,1.38
2014.04.18 14:02:54.868,0.95559,0.95581,1.00,1.13
2014.04.18 14:03:05.967,0.95559,0.95583,1.00,1.00
2014.04.18 14:03:06.099,0.95566,0.95587,1.00,1.53
2014.04.18 14:03:06.352,0.95562,0.95586,1.00,1.55
2014.04.18 14:03:36.558,0.95562,0.9558,1.00,1.75
2014.04.18 14:03:36.811,0.95559,0.95578,1.00,1.88
2014.04.18 14:03:36.921,0.95555,0.95577,1.00,1.38
2014.04.18 14:03:37.105,0.95553,0.95575,1.00,1.38
2014.04.18 14:04:09.778,0.95553,0.95575,1.00,1.00
2014.04.18 14:04:10.143,0.95556,0.95578,1.00,1.00
2014.04.18 14:04:10.662,0.95561,0.95583,1.00,1.38
2014.04.18 14:04:41.084,0.95561,0.95583,1.00,1.00
2014.04.18 14:04:41.522,0.9556,0.95581,1.00,1.00
2014.04.18 14:04:44.564,0.95558,0.9558,1.00,1.00
2014.04.18 14:04:44.786,0.9556,0.95581,1.00,1.00
2014.04.18 14:04:45.425,0.95558,0.9558,1.00,1.00
2014.04.18 14:05:09.278,0.95558,0.9558,1.00,1.38
2014.04.18 14:05:09.379,0.95558,0.9557,1.00,1.75
2014.04.18 14:05:09.531,0.95552,0.9557,1.00,2.25
2014.04.18 14:05:09.857,0.95549,0.95568,1.00,1.13
2014.04.18 14:05:10.054,0.95545,0.95567,1.00,1.50
2014.04.18 14:05:24.193,0.95545,0.95567,1.38,1.38
2014.04.18 14:05:24.332,0.95545,0.95567,1.00,1.75
2014.04.18 14:05:48.986,0.95545,0.95567,1.38,1.38
2014.04.18 14:06:08.187,0.95545,0.95567,1.00,1.38
2014.04.18 14:06:08.238,0.95549,0.95567,1.10,1.38
2014.04.18 14:06:08.542,0.95553,0.95574,1.38,1.75
2014.04.18 14:06:10.334,0.9555,0.95572,1.95,1.13
2014.04.18 14:06:13.204,0.95551,0.95573,1.38,1.38
2014.04.18 14:06:13.305,0.95551,0.95573,1.13,1.38
2014.04.18 14:06:13.743,0.95555,0.95575,1.00,1.75
2014.04.18 14:06:39.814,0.9555,0.95572,1.38,1.38
2014.04.18 14:07:10.078,0.9555,0.9557,1.38,1.00
2014.04.18 14:07:10.627,0.9555,0.95572,1.38,1.38
2014.04.18 14:07:13.268,0.9555,0.95572,1.38,1.00
2014.04.18 14:07:15.436,0.9555,0.95572,1.38,1.00
2014.04.18 14:07:15.689,0.95557,0.95574,1.00,1.13
2014.04.18 14:07:45.279,0.95553,0.95574,1.38,1.00
2014.04.18 14:07:45.499,0.95557,0.95574,1.00,1.13
2014.04.18 14:07:45.751,0.95553,0.95574,1.13,1.00
2014.04.18 14:07:45.814,0.95557,0.95574,1.00,1.00
2014.04.18 14:07:48.588,0.95553,0.95574,1.13,1.13
2014.04.18 14:07:54.612,0.95551,0.95573,1.38,1.00
2014.04.18 14:07:55.115,0.95553,0.95574,1.13,1.13
2014.04.18 14:07:58.937,0.95551,0.95573,1.38,1.00
2014.04.18 14:08:03.271,0.95551,0.95573,1.38,1.00
2014.04.18 14:08:04.255,0.95554,0.95573,1.38,1.38
2014.04.18 14:08:04.358,0.95558,0.95574,1.38,1.00
2014.04.18 14:08:04.409,0.95558,0.95578,1.38,1.38
2014.04.18 14:08:04.511,0.95558,0.9558,1.00,1.00
2014.04.18 14:08:04.562,0.9556,0.95582,1.00,1.00
2014.04.18 14:08:05.118,0.95563,0.95585,1.00,1.00
2014.04.18 14:08:08.844,0.95563,0.95573,1.00,1.75
2014.04.18 14:08:08.946,0.95556,0.95573,1.38,1.75
2014.04.18 14:08:09.739,0.95558,0.95573,1.00,1.75
2014.04.18 14:08:11.332,0.95558,0.95573,1.00,1.38
2014.04.18 14:08:18.407,0.95551,0.95573,1.38,1.88
2014.04.18 14:08:18.750,0.95551,0.95573,1.38,1.88
2014.04.18 14:08:20.214,0.95551,0.95573,1.00,1.88
2014.04.18 14:08:24.427,0.95551,0.95573,1.38,1.88
2014.04.18 14:08:30.931,0.95551,0.95573,1.88,1.88
2014.04.18 14:08:30.982,0.95551,0.95573,1.88,1.88
2014.04.18 14:08:31.317,0.95554,0.95572,1.58,1.10
2014.04.18 14:08:31.470,0.95556,0.95572,1.88,1.10
2014.04.18 14:08:31.521,0.95558,0.95578,1.48,1.00
2014.04.18 14:08:31.623,0.9556,0.9558,1.38,1.00
2014.04.18 14:08:31.826,0.95565,0.95585,1.00,1.48
2014.04.18 14:08:32.024,0.95565,0.95585,1.00,1.48
2014.04.18 14:08:35.136,0.95565,0.95584,1.00,1.48
2014.04.18 14:08:35.313,0.95563,0.95584,1.00,1.48
2014.04.18 14:08:45.570,0.95563,0.95584,1.00,1.58
2014.04.18 14:08:54.530,0.95563,0.95581,1.38,1.10
2014.04.18 14:08:55.730,0.95563,0.95581,1.00,1.10
2014.04.18 14:09:10.173,0.95565,0.95581,1.38,1.10
2014.04.18 14:09:10.224,0.95567,0.95583,1.13,1.00
2014.04.18 14:09:10.426,0.9557,0.95583,1.00,1.00
2014.04.18 14:09:10.678,0.95574,0.95593,1.00,1.00
2014.04.18 14:09:10.780,0.95578,0.95593,1.00,1.00
2014.04.18 14:09:11.156,0.95581,0.95593,1.00,1.00
2014.04.18 14:09:13.718,0.95576,0.95589,1.38,1.00
2014.04.18 14:09:13.769,0.95576,0.95589,1.00,1.00
2014.04.18 14:09:14.031,0.95574,0.95589,1.00,1.00
2014.04.18 14:09:14.837,0.95574,0.95583,1.00,1.00
2014.04.18 14:09:15.039,0.95569,0.95583,1.00,1.00
2014.04.18 14:09:15.140,0.95574,0.95584,1.00,1.00
2014.04.18 14:09:15.292,0.95574,0.95587,1.00,1.38
2014.04.18 14:09:15.494,0.95572,0.95587,1.00,1.00
2014.04.18 14:09:19.660,0.95572,0.95593,1.00,1.13
2014.04.18 14:09:33.095,0.95572,0.95592,1.00,1.00
2014.04.18 14:09:38.605,0.95572,0.95593,1.00,1.00
2014.04.18 14:09:40.671,0.95572,0.95592,1.00,1.00
2014.04.18 14:09:50.023,0.95572,0.95593,1.00,1.13
2014.04.18 14:10:00.075,0.95572,0.95589,1.00,1.00
2014.04.18 14:10:15.518,0.95566,0.95589,1.10,1.00
2014.04.18 14:10:19.392,0.95566,0.95587,1.10,1.00
2014.04.18 14:10:21.726,0.95566,0.95588,1.10,1.00
2014.04.18 14:10:27.640,0.95566,0.95587,1.10,1.00
2014.04.18 14:10:34.129,0.9557,0.95587,1.00,1.00
2014.04.18 14:10:34.180,0.9557,0.95594,1.00,1.10
2014.04.18 14:10:34.231,0.95576,0.95594,1.00,1.10
2014.04.18 14:10:34.282,0.95576,0.95596,1.00,1.00
2014.04.18 14:10:34.384,0.95578,0.956,1.00,1.00
2014.04.18 14:10:34.487,0.95582,0.95604,1.00,1.88
2014.04.18 14:10:34.793,0.95581,0.95596,1.00,1.00
2014.04.18 14:10:35.102,0.95583,0.95596,1.00,1.00
2014.04.18 14:10:39.192,0.95583,0.95597,1.00,1.00
2014.04.18 14:10:41.646,0.95583,0.95596,1.00,1.00
2014.04.18 14:10:49.621,0.95578,0.95596,1.00,1.00
2014.04.18 14:10:49.731,0.95582,0.95596,1.00,1.00
2014.04.18 14:11:04.161,0.95582,0.95595,1.00,1.00
2014.04.18 14:11:04.691,0.95578,0.95595,1.00,1.00
2014.04.18 14:11:04.801,0.95582,0.95595,1.00,1.00
2014.04.18 14:11:19.575,0.95578,0.95595,1.00,1.00
2014.04.18 14:11:19.760,0.95582,0.95595,1.00,1.00
2014.04.18 14:11:35.422,0.95582,0.95597,1.00,1.00
2014.04.18 14:11:44.200,0.95582,0.95596,1.00,1.00
2014.04.18 14:11:46.290,0.95582,0.95595,1.00,1.00
2014.04.18 14:11:55.529,0.95582,0.95596,1.00,1.00
2014.04.18 14:11:59.584,0.95577,0.95596,1.00,1.00
2014.04.18 14:11:59.800,0.95581,0.95596,1.00,1.00
2014.04.18 14:12:09.590,0.95577,0.95596,1.00,1.00
2014.04.18 14:12:09.811,0.95581,0.95596,1.00,1.00
2014.04.18 14:12:32.380,0.95581,0.95595,1.00,1.00
2014.04.18 14:13:19.556,0.95577,0.95595,1.00,1.00
2014.04.18 14:13:19.800,0.95581,0.95595,1.00,1.00
2014.04.18 14:13:32.623,0.95581,0.95603,1.00,1.38
2014.04.18 14:13:35.990,0.95581,0.95598,1.00,1.00
2014.04.18 14:13:39.606,0.95577,0.95598,1.00,1.00
2014.04.18 14:13:39.789,0.9558,0.95598,1.00,1.00
2014.04.18 14:13:59.699,0.95576,0.95598,1.00,1.50
2014.04.18 14:13:59.809,0.9558,0.95598,1.00,1.00
2014.04.18 14:14:14.549,0.95576,0.95598,1.00,1.50
2014.04.18 14:14:14.769,0.9558,0.95598,1.00,1.00
2014.04.18 14:14:20.489,0.95578,0.95598,1.00,1.00
2014.04.18 14:14:35.967,0.95578,0.956,1.00,1.00
2014.04.18 14:14:40.287,0.95578,0.956,1.38,1.00
2014.04.18 14:14:44.579,0.95576,0.95598,1.38,1.00
2014.04.18 14:14:44.799,0.95578,0.956,1.38,1.00
2014.04.18 14:14:45.799,0.95583,0.95602,1.00,1.20
2014.04.18 14:14:48.108,0.95583,0.95604,1.00,1.48
2014.04.18 14:14:48.319,0.95578,0.956,1.00,1.00
2014.04.18 14:14:57.113,0.95578,0.956,1.38,1.00
2014.04.18 14:14:59.538,0.95576,0.95598,1.38,1.00
2014.04.18 14:14:59.758,0.95578,0.956,1.38,1.00
2014.04.18 14:15:06.745,0.9558,0.95602,1.00,1.13
2014.04.18 14:15:19.559,0.95576,0.95598,1.38,1.00
2014.04.18 14:15:19.778,0.9558,0.95602,1.00,1.13
2014.04.18 14:15:24.145,0.9558,0.95602,1.38,1.13
2014.04.18 14:15:24.894,0.9558,0.95602,1.00,1.13
2014.04.18 14:15:29.605,0.95576,0.95598,1.38,1.00
2014.04.18 14:15:29.788,0.9558,0.95602,1.00,1.13
2014.04.18 14:15:40.683,0.95585,0.95605,1.00,1.00
2014.04.18 14:15:41.038,0.95587,0.95605,1.00,1.00
2014.04.18 14:15:41.401,0.9559,0.95605,1.00,1.00
2014.04.18 14:15:54.538,0.95583,0.95605,1.00,1.50
2014.04.18 14:15:54.759,0.95589,0.95605,1.00,1.00
2014.04.18 14:16:09.609,0.95583,0.95605,1.00,1.50
2014.04.18 14:16:09.842,0.95589,0.95605,1.00,1.00
2014.04.18 14:16:19.618,0.95583,0.95605,1.00,1.50
2014.04.18 14:16:19.751,0.95589,0.95605,1.00,1.00
2014.04.18 14:16:34.605,0.95583,0.95605,1.00,1.50
2014.04.18 14:16:34.799,0.95589,0.95605,1.00,1.00
2014.04.18 14:16:40.500,0.95589,0.95609,1.00,1.20
2014.04.18 14:16:41.206,0.95589,0.95609,1.00,1.48
2014.04.18 14:16:56.725,0.95589,0.95604,1.00,1.00
2014.04.18 14:17:02.665,0.95589,0.95605,1.00,1.00
2014.04.18 14:17:26.101,0.95589,0.95606,1.00,1.00
2014.04.18 14:17:33.445,0.95589,0.95605,1.00,1.00
2014.04.18 14:17:34.965,0.95581,0.95605,1.13,1.00
2014.04.18 14:17:35.534,0.95581,0.95606,1.13,1.00
2014.04.18 14:17:55.948,0.95581,0.95606,2.25,1.00
2014.04.18 14:18:11.186,0.95581,0.95606,2.25,1.00
2014.04.18 14:18:11.287,0.9558,0.95606,1.38,1.13
2014.04.18 14:18:11.338,0.95586,0.95606,1.00,1.13
2014.04.18 14:18:13.513,0.95589,0.95606,1.00,1.00
2014.04.18 14:18:35.716,0.95589,0.95609,1.00,1.48
2014.04.18 14:18:48.972,0.95589,0.95609,1.00,1.10
2014.04.18 14:18:55.815,0.95589,0.9561,1.00,1.20
2014.04.18 14:18:55.867,0.95589,0.9561,1.38,1.48
2014.04.18 14:18:55.968,0.95589,0.9561,1.13,1.20
2014.04.18 14:18:56.070,0.95591,0.9561,1.00,1.20
2014.04.18 14:18:58.547,0.95591,0.95607,1.00,1.00
2014.04.18 14:18:58.807,0.95589,0.95606,1.00,1.00
2014.04.18 14:18:59.010,0.95589,0.95604,1.00,1.00
2014.04.18 14:19:00.655,0.95589,0.95605,1.13,1.00
2014.04.18 14:19:01.977,0.95591,0.95605,1.00,1.00
2014.04.18 14:19:56.317,0.95582,0.95604,1.00,1.00
2014.04.18 14:19:56.470,0.95585,0.95605,1.00,1.00
2014.04.18 14:19:57.326,0.95583,0.95605,1.00,1.50
2014.04.18 14:20:20.186,0.95582,0.95604,1.00,1.00
2014.04.18 14:20:20.698,0.95583,0.95605,1.00,1.13
2014.04.18 14:20:23.394,0.95582,0.95604,1.00,1.00
2014.04.18 14:20:24.380,0.95582,0.95604,1.00,1.38
2014.04.18 14:20:27.116,0.95579,0.95601,1.00,1.00
2014.04.18 14:20:27.384,0.95581,0.95603,1.00,1.13
2014.04.18 14:20:39.558,0.95579,0.95601,1.00,1.00
2014.04.18 14:20:40.176,0.95581,0.95603,1.00,1.13
2014.04.18 14:21:03.333,0.95585,0.95606,1.00,1.38
2014.04.18 14:21:24.535,0.95578,0.956,1.00,1.00
2014.04.18 14:21:24.789,0.95584,0.95603,1.00,1.13
2014.04.18 14:21:49.615,0.95578,0.956,1.00,1.00
2014.04.18 14:21:49.835,0.95584,0.95603,1.00,1.00
2014.04.18 14:21:55.115,0.95578,0.956,1.00,1.00
2014.04.18 14:21:55.335,0.95583,0.95603,1.00,1.00
2014.04.18 14:22:19.670,0.95578,0.956,1.00,1.00
2014.04.18 14:22:19.771,0.95583,0.95603,1.00,1.00
2014.04.18 14:22:39.555,0.95578,0.956,1.00,1.00
2014.04.18 14:22:39.775,0.95583,0.95603,1.00,1.00
2014.04.18 14:22:54.642,0.95581,0.95603,1.00,1.00
2014.04.18 14:22:54.845,0.95583,0.95603,1.00,1.00
2014.04.18 14:23:09.694,0.95581,0.95603,1.00,1.00
2014.04.18 14:23:09.805,0.95583,0.95603,1.00,1.00
2014.04.18 14:23:53.371,0.95583,0.95601,1.00,1.00
2014.04.18 14:23:53.522,0.95576,0.95598,1.00,1.38
2014.04.18 14:23:53.585,0.9558,0.95601,1.00,1.57
2014.04.18 14:23:54.592,0.95577,0.95599,1.00,1.38
2014.04.18 14:23:55.096,0.95576,0.95598,1.00,1.00
2014.04.18 14:23:55.352,0.95581,0.95603,1.00,1.19
2014.04.18 14:23:55.460,0.95577,0.95599,1.00,1.00
2014.04.18 14:23:58.030,0.95578,0.956,1.00,1.00
2014.04.18 14:24:33.734,0.95581,0.95603,1.00,1.00
2014.04.18 14:25:20.083,0.95582,0.95603,1.00,1.00
2014.04.18 14:25:21.034,0.95583,0.95603,1.00,1.00
2014.04.18 14:25:34.563,0.95582,0.95603,1.00,1.00
2014.04.18 14:25:35.553,0.95583,0.95603,1.00,1.00
2014.04.18 14:25:49.633,0.95582,0.95603,1.00,1.00
2014.04.18 14:25:50.623,0.95583,0.95603,1.00,1.00
2014.04.18 14:26:16.693,0.95581,0.95603,1.00,1.00
2014.04.18 14:26:24.723,0.9558,0.95602,1.00,1.00
2014.04.18 14:26:47.147,0.9558,0.95598,1.00,1.00
2014.04.18 14:26:47.299,0.95575,0.95597,1.00,1.00
2014.04.18 14:26:47.891,0.95574,0.95596,1.00,1.00
2014.04.18 14:26:48.385,0.95572,0.95594,1.00,1.00
2014.04.18 14:27:02.183,0.95572,0.95594,1.38,1.00
2014.04.18 14:27:02.234,0.95577,0.95599,1.00,1.00
2014.04.18 14:27:02.794,0.95578,0.956,1.00,1.00
2014.04.18 14:27:14.035,0.95581,0.95603,1.00,1.00
2014.04.18 14:27:14.344,0.95583,0.95603,1.00,1.00
2014.04.18 14:28:04.602,0.95584,0.95603,1.00,1.00
2014.04.18 14:29:04.631,0.95576,0.95609,1.00,1.10
2014.04.18 14:29:24.486,0.95576,0.95609,1.60,1.10
2014.04.18 14:29:24.587,0.95586,0.95603,1.00,1.00
2014.04.18 14:29:52.213,0.95586,0.95603,3.00,1.00
2014.04.18 14:29:52.724,0.9559,0.95603,1.10,1.00
2014.04.18 14:29:53.391,0.95588,0.95603,1.00,1.00
2014.04.18 14:29:55.899,0.95587,0.95603,1.00,1.00
2014.04.18 14:30:16.392,0.95586,0.95603,1.00,1.00
2014.04.18 14:30:18.812,0.95584,0.95603,1.10,1.00
2014.04.18 14:30:19.482,0.95581,0.95603,1.18,1.00
2014.04.18 14:30:25.952,0.95583,0.95603,1.00,1.00
2014.04.18 14:31:26.243,0.95577,0.95609,1.18,1.38
2014.04.18 14:31:30.203,0.95577,0.95609,1.00,1.38
2014.04.18 14:31:44.542,0.95577,0.95609,1.00,1.13
2014.04.18 14:31:50.061,0.95583,0.95607,1.00,1.00
2014.04.18 14:32:07.720,0.95582,0.95604,1.00,1.00
2014.04.18 14:32:19.600,0.95584,0.95606,1.00,1.00
2014.04.18 14:32:20.049,0.95582,0.95604,1.00,1.00
2014.04.18 14:32:34.676,0.95584,0.95606,1.00,1.00
2014.04.18 14:32:35.236,0.95582,0.95604,1.00,1.00
2014.04.18 14:32:42.260,0.95581,0.95603,1.00,1.00
2014.04.18 14:33:04.260,0.9558,0.95602,1.00,1.00
2014.04.18 14:33:12.509,0.95575,0.95597,1.00,1.00
2014.04.18 14:33:22.189,0.95577,0.95599,1.00,1.00
2014.04.18 14:33:23.843,0.95579,0.95601,1.00,1.00
2014.04.18 14:33:45.623,0.95581,0.95603,1.00,1.00
2014.04.18 14:34:32.713,0.95579,0.95601,1.00,1.00
2014.04.18 14:34:34.568,0.95577,0.95599,1.00,1.00
2014.04.18 14:34:35.115,0.95579,0.95601,1.00,1.00
2014.04.18 14:35:23.553,0.95577,0.95599,1.00,1.00
2014.04.18 14:35:24.008,0.95579,0.95601,1.00,1.00
2014.04.18 14:35:29.569,0.95578,0.956,1.00,1.00
2014.04.18 14:35:30.559,0.95579,0.95601,1.00,1.00
2014.04.18 14:35:39.799,0.95578,0.956,1.00,1.00
2014.04.18 14:35:40.681,0.95579,0.95601,1.00,1.00
2014.04.18 14:35:49.368,0.95578,0.956,1.00,1.00
2014.04.18 14:36:03.560,0.95576,0.95598,1.00,1.00
2014.04.18 14:36:04.996,0.95575,0.95597,1.00,1.00
2014.04.18 14:36:05.305,0.95577,0.95599,1.00,1.00
2014.04.18 14:36:33.499,0.95576,0.95598,1.00,1.00
2014.04.18 14:36:33.803,0.9557,0.95592,1.15,1.00
2014.04.18 14:36:34.056,0.9557,0.95592,1.00,1.00
2014.04.18 14:36:53.299,0.9557,0.95588,1.00,1.00
2014.04.18 14:36:53.810,0.95566,0.95587,1.38,1.00
2014.04.18 14:36:53.911,0.95567,0.95588,1.13,1.25
2014.04.18 14:36:54.429,0.95565,0.95587,1.95,1.00
2014.04.18 14:37:15.610,0.95565,0.95587,2.25,1.00
2014.04.18 14:37:15.661,0.9557,0.95587,1.10,1.00
2014.04.18 14:37:15.762,0.95568,0.95589,1.20,1.00
2014.04.18 14:37:29.841,0.95565,0.95587,3.83,1.00
2014.04.18 14:37:29.892,0.95565,0.95587,2.63,1.00
2014.04.18 14:37:32.899,0.95567,0.95587,1.00,1.00
2014.04.18 14:37:36.199,0.95566,0.95587,1.13,1.00
2014.04.18 14:37:36.520,0.95567,0.95589,1.38,1.00
2014.04.18 14:37:37.063,0.95566,0.95587,1.13,1.00
2014.04.18 14:38:08.809,0.95565,0.95587,1.88,1.00
2014.04.18 14:38:09.139,0.95567,0.95587,1.38,1.00
2014.04.18 14:38:09.190,0.95568,0.9559,1.38,1.00
2014.04.18 14:38:20.497,0.95569,0.9559,1.20,1.00
2014.04.18 14:38:21.367,0.95569,0.9559,1.48,1.00
2014.04.18 14:38:26.355,0.95569,0.9559,1.48,1.00
2014.04.18 14:38:26.904,0.95572,0.95591,1.38,1.10
2014.04.18 14:39:01.528,0.95572,0.95589,1.38,1.10
2014.04.18 14:39:03.727,0.95572,0.9559,1.38,1.10
2014.04.18 14:39:03.881,0.95572,0.95592,1.88,1.10
2014.04.18 14:39:03.982,0.95573,0.95594,1.48,2.33
2014.04.18 14:39:04.499,0.95573,0.95593,1.38,1.10
2014.04.18 14:39:05.488,0.95573,0.95594,1.95,1.10
2014.04.18 14:39:18.114,0.95573,0.95594,1.38,1.10
2014.04.18 14:39:18.165,0.95576,0.95594,1.10,1.00
2014.04.18 14:39:20.693,0.95577,0.95594,1.10,1.00
2014.04.18 14:39:21.038,0.95579,0.95596,1.10,1.00
2014.04.18 14:39:22.891,0.9558,0.95596,1.10,1.00
2014.04.18 14:39:24.968,0.95581,0.95598,1.10,1.13
2014.04.18 14:39:26.167,0.9558,0.95598,1.10,1.00
2014.04.18 14:39:40.137,0.95579,0.95598,1.10,1.00
2014.04.18 14:39:53.252,0.95579,0.95598,1.10,1.38
2014.04.18 14:39:55.417,0.95579,0.95598,1.10,1.00
2014.04.18 14:39:56.856,0.95578,0.95598,1.10,1.00
2014.04.18 14:39:57.359,0.95578,0.95598,1.10,1.88
2014.04.18 14:39:59.145,0.95578,0.95598,1.10,1.50
2014.04.18 14:39:59.768,0.95578,0.95597,1.10,1.00
2014.04.18 14:40:00.319,0.95578,0.95598,1.10,1.50
2014.04.18 14:40:04.055,0.95578,0.95597,1.10,1.00
2014.04.18 14:40:09.192,0.95583,0.95597,1.10,1.00
2014.04.18 14:40:09.293,0.95578,0.95598,1.20,1.00
2014.04.18 14:40:09.833,0.95578,0.95599,1.95,1.00
2014.04.18 14:40:11.400,0.95581,0.95599,1.10,1.13
2014.04.18 14:40:36.509,0.9558,0.956,1.95,1.00
2014.04.18 14:40:45.453,0.9558,0.956,1.58,1.00
2014.04.18 14:40:45.989,0.9558,0.956,1.95,1.00
2014.04.18 14:40:51.300,0.9558,0.956,1.58,1.00
2014.04.18 14:40:51.855,0.9558,0.956,1.95,1.00
2014.04.18 14:40:57.726,0.9558,0.95599,1.38,1.10
2014.04.18 14:41:00.919,0.95587,0.95599,1.10,1.00
2014.04.18 14:41:01.429,0.95589,0.95599,1.10,1.00
2014.04.18 14:41:02.705,0.95589,0.956,1.10,1.00
2014.04.18 14:41:03.408,0.95588,0.95599,1.10,1.00
2014.04.18 14:41:04.960,0.9559,0.95599,1.10,1.00
2014.04.18 14:41:05.525,0.95592,0.95599,1.10,1.00
2014.04.18 14:41:05.627,0.95586,0.95599,1.38,1.00
2014.04.18 14:41:05.729,0.95585,0.95601,1.38,1.00
2014.04.18 14:41:05.780,0.9558,0.95601,1.95,1.00
2014.04.18 14:41:06.307,0.95581,0.956,1.00,1.10
2014.04.18 14:41:07.695,0.95583,0.95601,1.10,1.00
2014.04.18 14:41:16.803,0.95583,0.956,1.10,1.00
2014.04.18 14:41:34.055,0.95583,0.95599,1.10,1.00
2014.04.18 14:41:34.106,0.95581,0.95599,1.00,1.00
2014.04.18 14:41:34.768,0.9558,0.95598,1.10,1.00
2014.04.18 14:41:44.921,0.95578,0.95596,1.58,1.00
2014.04.18 14:42:41.662,0.95578,0.95595,1.10,1.00
2014.04.18 14:42:42.225,0.95578,0.95596,1.10,1.00
2014.04.18 14:42:47.603,0.95578,0.95595,1.10,1.00
2014.04.18 14:42:52.888,0.95578,0.95596,1.10,1.00
2014.04.18 14:42:57.282,0.95578,0.95595,1.10,1.00
2014.04.18 14:43:11.033,0.95578,0.95594,1.10,1.00
2014.04.18 14:44:25.281,0.95578,0.95595,1.10,1.00
2014.04.18 14:45:25.562,0.95578,0.95599,1.10,1.20
2014.04.18 14:45:48.314,0.95578,0.95599,1.10,1.48
2014.04.18 14:45:58.154,0.95578,0.95599,1.10,1.20
2014.04.18 14:46:29.383,0.95578,0.95596,1.10,1.00
2014.04.18 14:46:33.759,0.95578,0.95597,1.10,1.00
2014.04.18 14:46:45.128,0.95573,0.95597,1.38,1.00
2014.04.18 14:47:00.889,0.95573,0.95598,1.38,1.00
2014.04.18 14:47:27.909,0.95573,0.95598,1.38,1.00
2014.04.18 14:47:28.732,0.95572,0.95598,1.63,1.50
2014.04.18 14:48:16.581,0.95572,0.95597,1.63,1.00
2014.04.18 14:48:35.157,0.95571,0.95596,1.38,1.00
2014.04.18 14:48:40.864,0.95571,0.95596,1.25,1.00
2014.04.18 14:48:41.240,0.95571,0.95596,1.63,1.00
2014.04.18 14:48:41.869,0.95571,0.95597,1.63,1.13
2014.04.18 14:48:49.133,0.95571,0.95597,1.25,1.50
2014.04.18 14:48:49.241,0.95571,0.95597,1.38,1.13
2014.04.18 14:48:51.322,0.95571,0.95597,1.25,1.50
2014.04.18 14:48:51.916,0.95571,0.95597,1.19,1.50
2014.04.18 14:48:52.312,0.95571,0.95597,1.57,1.13
2014.04.18 14:49:20.087,0.95576,0.95602,1.00,3.38
2014.04.18 14:49:30.158,0.95571,0.95597,2.07,1.13
2014.04.18 14:49:30.463,0.95578,0.95598,1.10,1.50
2014.04.18 14:49:47.091,0.95576,0.95597,1.10,1.10
2014.04.18 14:49:49.016,0.95576,0.95597,1.48,1.48
2014.04.18 14:49:53.572,0.95576,0.95597,1.20,1.10
2014.04.18 14:49:55.799,0.95576,0.95597,1.48,1.10
2014.04.18 14:49:55.900,0.95581,0.95601,1.10,2.70
2014.04.18 14:49:56.104,0.95583,0.95601,1.10,1.00
2014.04.18 14:49:56.614,0.95583,0.95602,1.10,1.00
2014.04.18 14:49:57.136,0.95583,0.95601,1.10,1.00
2014.04.18 14:49:57.656,0.95582,0.95601,1.10,1.13
2014.04.18 14:49:59.370,0.95581,0.95601,1.58,1.95
2014.04.18 14:50:07.016,0.95581,0.956,1.58,1.00
2014.04.18 14:50:07.338,0.95579,0.95598,1.00,1.10
2014.04.18 14:50:09.309,0.95581,0.956,1.10,1.13
2014.04.18 14:50:09.819,0.95581,0.95601,1.10,1.95
2014.04.18 14:50:16.684,0.95585,0.95601,1.10,1.13
2014.04.18 14:50:16.837,0.95585,0.95605,1.10,1.00
2014.04.18 14:50:22.165,0.95585,0.95602,1.00,1.10
2014.04.18 14:50:22.367,0.95583,0.95602,1.00,1.10
2014.04.18 14:50:28.961,0.95583,0.95603,1.00,1.10
2014.04.18 14:50:29.548,0.95583,0.956,1.00,1.58
2014.04.18 14:50:29.853,0.95581,0.95595,1.00,1.10
2014.04.18 14:50:30.462,0.95578,0.95595,1.50,1.10
2014.04.18 14:50:34.799,0.95578,0.95599,1.95,1.58
2014.04.18 14:50:35.053,0.95581,0.956,1.38,1.10
2014.04.18 14:50:38.238,0.95581,0.95599,1.38,1.58
2014.04.18 14:50:38.517,0.95581,0.95599,1.13,1.58
2014.04.18 14:50:38.737,0.95581,0.95599,1.38,1.58
2014.04.18 14:50:40.509,0.95581,0.95598,1.38,1.10
2014.04.18 14:51:15.142,0.95581,0.95598,1.38,1.10
2014.04.18 14:51:15.827,0.95581,0.95599,1.38,1.00
2014.04.18 14:51:17.077,0.95581,0.95599,1.38,1.00
2014.04.18 14:51:22.877,0.95581,0.95599,1.38,1.00
2014.04.18 14:51:22.928,0.95582,0.95602,1.13,1.58
2014.04.18 14:51:22.979,0.95582,0.95602,1.38,1.00
2014.04.18 14:51:23.283,0.95584,0.95603,1.38,1.00
2014.04.18 14:51:31.762,0.95584,0.95603,1.38,1.00
2014.04.18 14:51:49.653,0.95586,0.95605,1.38,1.50
2014.04.18 14:51:50.498,0.95584,0.95605,1.38,1.13
2014.04.18 14:51:53.842,0.95584,0.95604,1.38,1.00
2014.04.18 14:51:59.295,0.95584,0.95603,1.38,1.00
2014.04.18 14:52:08.229,0.95584,0.95604,1.38,1.00
2014.04.18 14:52:08.974,0.95584,0.95605,1.38,1.13
2014.04.18 14:52:09.477,0.95584,0.95604,1.00,1.00
2014.04.18 14:52:14.512,0.95584,0.95603,1.00,1.00
2014.04.18 14:52:26.139,0.95584,0.95601,1.00,1.00
2014.04.18 14:52:29.697,0.95584,0.956,1.00,1.00
2014.04.18 14:52:30.417,0.95584,0.95601,1.00,1.00
2014.04.18 14:52:49.797,0.95578,0.95601,3.57,1.00
2014.04.18 14:52:50.019,0.95586,0.95601,1.00,1.00
2014.04.18 14:53:07.675,0.95586,0.95602,1.00,1.00
2014.04.18 14:53:10.473,0.95586,0.95603,1.00,1.58
2014.04.18 14:53:50.041,0.95579,0.95603,2.07,1.58
2014.04.18 14:54:02.694,0.95579,0.95602,2.07,1.00
2014.04.18 14:54:02.797,0.95584,0.95601,1.00,1.13
2014.04.18 14:54:03.106,0.95581,0.95598,1.00,1.10
2014.04.18 14:54:11.736,0.95581,0.95596,1.00,1.10
2014.04.18 14:54:11.837,0.95579,0.95596,1.00,1.20
2014.04.18 14:54:12.490,0.95578,0.95596,1.00,1.20
2014.04.18 14:54:18.014,0.95578,0.95599,1.13,1.58
2014.04.18 14:54:18.166,0.95578,0.95599,1.38,1.58
2014.04.18 14:54:19.471,0.9558,0.95599,1.13,1.58
2014.04.18 14:55:05.273,0.95586,0.95603,1.00,1.58
2014.04.18 14:55:23.970,0.95583,0.95603,1.38,1.58
2014.04.18 14:55:24.021,0.95583,0.95601,1.38,1.10
2014.04.18 14:55:42.825,0.95583,0.95602,1.13,1.00
2014.04.18 14:55:43.130,0.95586,0.95606,1.38,1.00
2014.04.18 14:55:43.334,0.9559,0.95608,1.38,1.10
2014.04.18 14:55:44.691,0.95588,0.95608,1.38,1.10
2014.04.18 14:55:47.723,0.95588,0.95608,1.13,1.20
2014.04.18 14:55:49.493,0.95588,0.95606,1.13,1.10
2014.04.18 14:55:50.200,0.95588,0.95606,1.38,1.10
2014.04.18 14:55:50.861,0.95588,0.95607,1.38,1.10
2014.04.18 14:55:56.532,0.95588,0.95606,1.38,1.10
2014.04.18 14:55:57.131,0.95587,0.95606,1.38,1.10
2014.04.18 14:56:00.482,0.95587,0.95606,1.00,1.20
2014.04.18 14:56:02.737,0.95587,0.95606,1.00,1.48
2014.04.18 14:56:04.257,0.95587,0.95606,1.13,1.10
2014.04.18 14:56:07.074,0.95587,0.95606,1.50,1.10
2014.04.18 14:56:07.226,0.9559,0.95608,1.00,1.20
2014.04.18 14:56:09.965,0.9559,0.95609,1.13,1.20
2014.04.18 14:56:10.682,0.9559,0.95608,1.13,1.10
2014.04.18 14:56:12.386,0.9559,0.95611,1.13,1.48
2014.04.18 14:56:12.437,0.9559,0.95611,1.00,1.20
2014.04.18 14:56:12.538,0.9559,0.95611,1.38,1.20
2014.04.18 14:56:12.842,0.9559,0.95608,1.38,1.10
2014.04.18 14:56:13.364,0.9559,0.95608,1.00,1.20
2014.04.18 14:56:13.723,0.9559,0.95606,1.00,1.10
2014.04.18 14:56:30.093,0.9559,0.95612,1.13,2.89
2014.04.18 14:56:30.144,0.9559,0.95612,1.13,2.33
2014.04.18 14:56:30.397,0.95591,0.95612,1.38,1.58
2014.04.18 14:56:30.802,0.95594,0.95613,1.38,1.10
2014.04.18 14:56:31.382,0.95596,0.95612,1.13,1.10
2014.04.18 14:56:31.743,0.95592,0.95608,1.38,1.10
2014.04.18 14:56:31.844,0.95592,0.9561,1.00,1.10
2014.04.18 14:56:32.427,0.95592,0.95611,1.00,1.10
2014.04.18 14:56:32.721,0.9559,0.95608,1.00,1.10
2014.04.18 14:56:33.473,0.9559,0.9561,1.13,1.10
2014.04.18 14:56:37.323,0.9559,0.95608,1.13,1.10
2014.04.18 14:56:38.994,0.9559,0.95611,1.13,1.10
2014.04.18 14:56:41.578,0.9559,0.95611,1.38,1.10
2014.04.18 14:56:41.688,0.9559,0.95611,1.13,1.10
2014.04.18 14:56:50.191,0.9559,0.95609,1.13,1.10
2014.04.18 14:56:50.662,0.95592,0.95609,1.00,1.10
2014.04.18 14:57:25.937,0.95592,0.95609,1.38,1.10
2014.04.18 14:57:26.089,0.95594,0.95613,1.50,1.10
2014.04.18 14:57:26.191,0.95594,0.9561,1.50,1.10
2014.04.18 14:57:26.399,0.95594,0.95612,1.50,1.10
2014.04.18 14:57:26.926,0.95594,0.95612,1.13,1.10
2014.04.18 14:57:27.356,0.95594,0.95612,1.50,1.10
2014.04.18 14:57:29.666,0.95594,0.95612,1.13,1.10
2014.04.18 14:57:29.818,0.95594,0.9561,1.00,1.10
2014.04.18 14:57:30.581,0.95591,0.95609,1.50,1.10
2014.04.18 14:57:33.535,0.95591,0.95609,1.13,1.10
2014.04.18 14:57:41.372,0.95591,0.95609,1.38,1.10
2014.04.18 14:57:43.002,0.95591,0.95609,1.13,1.10
2014.04.18 14:57:55.338,0.95591,0.95605,1.00,1.10
2014.04.18 14:58:16.076,0.9559,0.95605,1.13,1.10
2014.04.18 14:58:17.439,0.9559,0.95603,1.00,1.10
2014.04.18 14:58:18.113,0.95587,0.95603,1.50,1.10
2014.04.18 14:58:18.662,0.95585,0.95601,3.00,1.10
2014.04.18 14:58:19.203,0.95585,0.95601,3.00,1.10
2014.04.18 14:58:21.131,0.95585,0.95601,2.25,1.10
2014.04.18 14:58:21.316,0.95585,0.95601,2.25,1.10
2014.04.18 14:58:24.781,0.95585,0.95603,2.25,1.10
2014.04.18 14:58:25.375,0.95585,0.95602,2.25,1.10
2014.04.18 14:58:26.003,0.95585,0.95602,2.25,1.10
2014.04.18 14:58:36.340,0.95585,0.95601,2.25,1.10
2014.04.18 14:58:36.450,0.95585,0.95601,1.88,1.10
2014.04.18 14:58:36.603,0.95585,0.95598,1.50,1.00
2014.04.18 14:58:37.034,0.95583,0.95598,1.50,1.00
2014.04.18 14:58:38.079,0.95583,0.95598,1.50,1.00
2014.04.18 14:58:38.189,0.95583,0.95598,1.13,1.00
2014.04.18 14:58:40.317,0.95583,0.95598,2.25,1.00
2014.04.18 14:58:42.059,0.95583,0.95599,2.25,1.00
2014.04.18 14:58:45.362,0.95583,0.956,3.00,1.58
2014.04.18 14:58:46.751,0.95583,0.956,3.00,1.95
2014.04.18 14:58:47.847,0.95583,0.956,2.25,1.95
2014.04.18 14:58:48.410,0.95583,0.95599,1.50,1.00
2014.04.18 14:58:56.405,0.95583,0.95599,1.50,1.00
2014.04.18 14:58:58.155,0.95583,0.95599,1.13,1.00
2014.04.18 14:58:59.243,0.95583,0.95599,1.50,1.00
2014.04.18 14:59:00.653,0.95583,0.95597,1.50,1.00
2014.04.18 14:59:02.520,0.95583,0.95598,1.38,1.00
2014.04.18 14:59:05.290,0.95583,0.95598,1.50,1.00
2014.04.18 14:59:06.161,0.95583,0.95598,1.50,1.00
2014.04.18 14:59:08.159,0.95583,0.956,2.25,1.58
2014.04.18 14:59:08.988,0.95583,0.956,1.88,1.58
2014.04.18 14:59:14.754,0.95584,0.95601,1.38,1.00
2014.04.18 14:59:17.712,0.95586,0.95601,1.38,1.10
2014.04.18 14:59:18.233,0.95584,0.95601,3.00,1.10
2014.04.18 14:59:26.390,0.95586,0.95601,1.35,1.10
2014.04.18 14:59:26.441,0.95588,0.95604,1.50,1.10
2014.04.18 14:59:26.542,0.95589,0.95606,1.13,1.58
2014.04.18 14:59:26.644,0.95589,0.95608,1.13,1.10
2014.04.18 14:59:26.797,0.95589,0.95608,1.69,1.10
2014.04.18 14:59:28.590,0.95589,0.95606,2.25,1.10
2014.04.18 14:59:28.958,0.95589,0.95604,2.44,1.10
2014.04.18 14:59:32.349,0.95589,0.95604,2.44,1.10
2014.04.18 14:59:33.583,0.95589,0.95604,1.69,1.10
2014.04.18 14:59:38.782,0.95589,0.95604,1.50,1.10
2014.04.18 14:59:39.364,0.95589,0.95604,1.69,1.10
2014.04.18 14:59:40.621,0.95589,0.95604,1.69,1.10
2014.04.18 14:59:41.630,0.95589,0.95604,1.69,1.10
2014.04.18 14:59:42.785,0.95589,0.95604,1.69,1.10
2014.04.18 14:59:43.626,0.95589,0.95604,1.69,1.10
2014.04.18 14:59:45.199,0.95589,0.95604,1.69,1.10
2014.04.18 14:59:45.686,0.95587,0.95605,2.29,1.10
2014.04.18 14:59:47.756,0.95587,0.95604,2.29,1.10
2014.04.18 14:59:50.779,0.95591,0.95604,1.75,1.10
2014.04.18 14:59:50.982,0.95597,0.95611,1.95,1.20
2014.04.18 14:59:52.537,0.95597,0.95611,1.58,1.10
2014.04.18 14:59:53.716,0.95593,0.9561,1.00,1.10
2014.04.18 14:59:53.918,0.95587,0.95609,1.00,1.58
2014.04.18 14:59:53.969,0.95587,0.95609,1.00,1.95
2014.04.18 14:59:54.071,0.95584,0.95606,1.00,1.13
2014.04.18 14:59:54.379,0.95582,0.95604,1.00,1.00
2014.04.18 14:59:54.689,0.95578,0.956,1.00,1.00
2014.04.18 14:59:55.473,0.95575,0.95597,1.00,1.00
2014.04.18 14:59:55.871,0.95578,0.956,1.00,1.00
2014.04.18 14:59:57.429,0.95575,0.95597,1.00,1.00
2014.04.18 14:59:57.985,0.95578,0.956,1.00,1.00
2014.04.18 14:59:58.512,0.95575,0.95597,1.00,1.00
2014.04.18 14:59:59.627,0.95573,0.95595,1.13,1.00
2014.04.18 14:59:59.996,0.95571,0.95593,1.88,1.00
