2016.10.03 04:00:00.227,0.77623,0.77635,3.27,1.00
2016.10.03 04:00:01.045,0.77624,0.77636,1.39,1.00
2016.10.03 04:00:01.745,0.77624,0.77637,2.89,1.12
2016.10.03 04:00:01.796,0.77624,0.77637,4.02,1.12
2016.10.03 04:00:01.847,0.77625,0.77637,1.39,1.12
2016.10.03 04:00:02.173,0.77625,0.77638,2.89,2.62
2016.10.03 04:00:02.275,0.77627,0.77638,1.02,2.62
2016.10.03 04:00:03.964,0.77627,0.77638,1.02,1.87
2016.10.03 04:00:04.131,0.77626,0.77638,1.27,1.87
2016.10.03 04:00:04.247,0.77626,0.77638,2.14,1.37
2016.10.03 04:00:04.471,0.77627,0.77638,1.02,1.37
2016.10.03 04:00:04.678,0.77626,0.77638,1.39,1.37
2016.10.03 04:00:04.750,0.77626,0.77638,2.89,1.37
2016.10.03 04:00:04.827,0.77627,0.77638,1.02,1.37
2016.10.03 04:00:04.879,0.77626,0.77639,1.77,1.87
2016.10.03 04:00:04.937,0.77626,0.77638,1.77,1.37
2016.10.03 04:00:04.989,0.77626,0.77638,1.77,1.12
2016.10.03 04:00:05.178,0.77626,0.77638,1.39,1.12
2016.10.03 04:00:05.362,0.77625,0.77638,7.02,1.87
2016.10.03 04:00:05.566,0.77626,0.77638,1.27,1.12
2016.10.03 04:00:05.769,0.77626,0.77638,2.52,1.12
2016.10.03 04:00:06.532,0.77626,0.77638,3.27,1.12
2016.10.03 04:00:06.700,0.77626,0.77638,3.64,1.12
2016.10.03 04:00:06.889,0.77627,0.77638,1.02,1.12
2016.10.03 04:00:07.224,0.77627,0.77638,1.50,1.12
2016.10.03 04:00:07.275,0.77626,0.77638,3.75,1.12
2016.10.03 04:00:07.377,0.77626,0.77638,4.12,1.12
2016.10.03 04:00:07.798,0.77626,0.77638,3.75,1.12
2016.10.03 04:00:08.555,0.77626,0.77638,3.00,1.12
2016.10.03 04:00:10.960,0.77626,0.77638,3.75,1.12
2016.10.03 04:00:11.207,0.77626,0.77639,3.75,2.62
2016.10.03 04:00:11.359,0.77626,0.77639,3.00,2.62
2016.10.03 04:00:11.570,0.77626,0.77639,3.00,2.62
2016.10.03 04:00:12.845,0.77626,0.77639,3.75,2.62
2016.10.03 04:00:12.896,0.77626,0.77639,4.12,2.62
2016.10.03 04:00:12.980,0.77626,0.77639,3.75,2.62
2016.10.03 04:00:13.082,0.77626,0.77639,3.00,2.62
2016.10.03 04:00:16.488,0.77626,0.77639,3.00,2.62
2016.10.03 04:00:17.400,0.77626,0.77639,2.62,2.62
2016.10.03 04:00:18.900,0.77626,0.77639,3.00,2.62
2016.10.03 04:00:19.547,0.77629,0.77639,1.00,2.62
2016.10.03 04:00:20.822,0.77629,0.77639,1.00,1.87
2016.10.03 04:00:20.873,0.77629,0.77639,1.00,1.37
2016.10.03 04:00:22.074,0.7763,0.77639,1.00,1.37
2016.10.03 04:00:22.125,0.77632,0.77639,1.12,1.37
2016.10.03 04:00:22.227,0.77631,0.77639,1.00,1.37
2016.10.03 04:00:22.371,0.77633,0.77642,1.50,1.87
2016.10.03 04:00:22.422,0.77632,0.77643,1.87,1.00
2016.10.03 04:00:22.524,0.77632,0.77643,1.12,1.50
2016.10.03 04:00:22.626,0.77632,0.77643,1.12,1.50
2016.10.03 04:00:22.728,0.77632,0.77643,1.12,1.50
2016.10.03 04:00:22.779,0.77632,0.77642,1.12,1.37
2016.10.03 04:00:25.828,0.77631,0.77642,1.75,1.37
2016.10.03 04:00:26.293,0.77633,0.77642,1.75,1.37
2016.10.03 04:00:27.377,0.77633,0.77643,1.75,1.12
2016.10.03 04:00:27.908,0.77632,0.77644,1.12,2.44
2016.10.03 04:00:27.959,0.77632,0.77644,1.12,2.44
2016.10.03 04:00:28.800,0.77631,0.77644,3.00,2.44
2016.10.03 04:00:28.932,0.77631,0.77644,2.62,2.44
2016.10.03 04:00:31.923,0.77632,0.77644,1.75,2.06
2016.10.03 04:00:32.764,0.77632,0.77643,1.75,1.12
2016.10.03 04:00:32.815,0.77631,0.77641,1.75,1.00
2016.10.03 04:00:32.968,0.77629,0.7764,1.12,1.00
2016.10.03 04:00:33.019,0.77628,0.7764,2.62,1.50
2016.10.03 04:00:33.179,0.7763,0.77638,1.00,1.00
2016.10.03 04:00:33.561,0.77629,0.77639,1.00,1.12
2016.10.03 04:00:33.613,0.77629,0.77639,1.00,1.50
2016.10.03 04:00:34.113,0.77629,0.77637,1.00,1.00
2016.10.03 04:00:34.511,0.77629,0.77637,1.00,1.00
2016.10.03 04:00:34.664,0.77626,0.77637,2.25,1.00
2016.10.03 04:00:36.263,0.77626,0.77639,1.75,1.50
2016.10.03 04:00:38.890,0.77626,0.77638,1.00,1.00
2016.10.03 04:00:44.640,0.77628,0.77638,1.00,1.50
2016.10.03 04:00:46.648,0.77628,0.77638,1.12,1.50
2016.10.03 04:00:47.903,0.77628,0.77638,1.00,1.50
2016.10.03 04:00:47.954,0.77627,0.77638,1.00,1.50
2016.10.03 04:00:48.454,0.77626,0.77637,1.87,1.00
2016.10.03 04:00:48.505,0.77626,0.77637,1.12,1.00
2016.10.03 04:00:48.556,0.77626,0.77637,1.50,1.00
2016.10.03 04:00:48.607,0.77626,0.77637,1.12,1.00
2016.10.03 04:00:48.861,0.77627,0.77636,1.00,1.00
2016.10.03 04:00:49.185,0.77625,0.77637,1.87,1.50
2016.10.03 04:00:49.236,0.77625,0.77637,1.50,1.50
2016.10.03 04:00:49.542,0.77625,0.77635,1.50,1.50
2016.10.03 04:00:49.696,0.77625,0.77635,1.00,1.50
2016.10.03 04:00:49.747,0.77623,0.77635,1.87,1.50
2016.10.03 04:00:49.850,0.77623,0.77635,1.00,1.87
2016.10.03 04:00:49.952,0.77624,0.77635,1.00,2.62
2016.10.03 04:00:50.212,0.77622,0.77635,1.87,2.62
2016.10.03 04:00:50.595,0.77622,0.77634,1.87,1.50
2016.10.03 04:00:50.698,0.77622,0.77635,1.87,2.62
2016.10.03 04:00:50.749,0.77622,0.77635,2.62,2.62
2016.10.03 04:00:50.800,0.77622,0.77633,1.87,1.12
2016.10.03 04:00:50.851,0.77622,0.77633,1.50,1.12
2016.10.03 04:00:50.902,0.77622,0.77633,1.12,1.12
2016.10.03 04:00:50.953,0.77622,0.77633,1.00,1.12
2016.10.03 04:00:51.053,0.77621,0.77633,1.50,1.12
2016.10.03 04:00:51.156,0.77621,0.77631,1.00,1.00
2016.10.03 04:00:51.309,0.77621,0.77631,1.00,1.50
2016.10.03 04:00:51.361,0.7762,0.7763,1.12,1.00
2016.10.03 04:00:51.627,0.7762,0.77631,1.00,1.87
2016.10.03 04:00:52.461,0.77619,0.77631,1.50,1.87
2016.10.03 04:00:52.513,0.77619,0.77631,1.00,1.87
2016.10.03 04:00:53.766,0.77619,0.77631,1.50,1.87
2016.10.03 04:00:54.056,0.77619,0.77631,1.00,1.87
2016.10.03 04:00:54.107,0.77619,0.77629,1.00,1.00
2016.10.03 04:00:54.209,0.77618,0.7763,2.25,1.00
2016.10.03 04:00:54.261,0.77618,0.7763,1.87,1.12
2016.10.03 04:00:54.311,0.77618,0.7763,1.50,1.12
2016.10.03 04:00:54.773,0.77618,0.7763,1.50,1.87
2016.10.03 04:00:55.185,0.77618,0.77629,1.50,1.00
2016.10.03 04:00:55.236,0.77618,0.77629,1.87,1.00
2016.10.03 04:00:55.287,0.77618,0.7763,1.12,1.87
2016.10.03 04:00:55.440,0.77618,0.77629,1.12,1.00
2016.10.03 04:00:55.543,0.77618,0.77629,1.00,1.50
2016.10.03 04:00:55.803,0.77618,0.77628,1.00,1.12
2016.10.03 04:00:56.072,0.77617,0.77629,1.50,2.25
2016.10.03 04:00:56.430,0.77617,0.77628,1.50,1.12
2016.10.03 04:00:56.633,0.77617,0.77627,1.50,1.00
2016.10.03 04:00:56.735,0.77617,0.77627,1.12,1.00
2016.10.03 04:00:56.786,0.77616,0.77627,1.87,1.50
2016.10.03 04:00:56.837,0.77616,0.77627,1.12,1.50
2016.10.03 04:00:56.990,0.77615,0.77627,2.62,1.50
2016.10.03 04:00:57.041,0.77615,0.77627,1.50,1.50
2016.10.03 04:00:57.092,0.77615,0.77627,1.50,1.87
2016.10.03 04:00:57.194,0.77615,0.77627,1.00,1.87
2016.10.03 04:00:57.451,0.77615,0.77627,1.12,1.87
2016.10.03 04:00:58.181,0.77615,0.77627,1.87,1.87
2016.10.03 04:00:59.188,0.77617,0.77628,1.00,1.37
2016.10.03 04:00:59.290,0.77619,0.77629,1.00,2.25
2016.10.03 04:00:59.438,0.77619,0.77629,1.50,1.12
2016.10.03 04:00:59.492,0.77619,0.77627,1.00,1.00
2016.10.03 04:00:59.594,0.77617,0.77628,1.87,1.00
2016.10.03 04:00:59.646,0.77617,0.77628,1.00,1.00
2016.10.03 04:01:00.106,0.77619,0.77629,1.00,1.00
2016.10.03 04:01:00.291,0.77619,0.77626,1.00,1.00
2016.10.03 04:01:00.393,0.77619,0.77627,1.00,1.00
2016.10.03 04:01:00.496,0.77616,0.77627,1.00,1.00
2016.10.03 04:01:00.599,0.77615,0.77627,1.87,1.50
2016.10.03 04:01:00.751,0.77615,0.77627,1.50,1.50
2016.10.03 04:01:01.425,0.77616,0.77624,1.00,1.00
2016.10.03 04:01:01.939,0.77615,0.77624,1.00,1.00
2016.10.03 04:01:03.888,0.77615,0.77624,1.27,1.00
2016.10.03 04:01:04.620,0.77614,0.77624,1.27,1.00
2016.10.03 04:01:06.059,0.77614,0.77623,1.27,1.25
2016.10.03 04:01:06.110,0.77612,0.7762,2.89,1.00
2016.10.03 04:01:06.161,0.77612,0.7762,2.52,1.00
2016.10.03 04:01:06.213,0.77615,0.77624,1.00,2.25
2016.10.03 04:01:06.264,0.77615,0.77624,1.00,2.62
2016.10.03 04:01:06.413,0.77615,0.77623,1.00,2.25
2016.10.03 04:01:06.569,0.77614,0.77623,1.00,2.62
2016.10.03 04:01:06.620,0.77612,0.77623,1.50,2.62
2016.10.03 04:01:08.511,0.77613,0.77623,1.50,1.87
2016.10.03 04:01:08.613,0.77614,0.77623,1.00,1.87
2016.10.03 04:01:08.664,0.77614,0.77623,1.00,1.00
2016.10.03 04:01:10.215,0.77614,0.77623,1.00,1.50
2016.10.03 04:01:11.720,0.77615,0.77623,1.00,1.00
2016.10.03 04:01:12.025,0.77612,0.77623,1.12,1.50
2016.10.03 04:01:12.289,0.77612,0.77623,1.12,2.25
2016.10.03 04:01:13.997,0.77612,0.77623,1.00,2.25
2016.10.03 04:01:14.727,0.77613,0.77623,1.00,1.50
2016.10.03 04:01:14.830,0.77613,0.77623,1.00,2.25
2016.10.03 04:01:15.709,0.77612,0.77623,1.00,2.25
2016.10.03 04:01:15.760,0.77612,0.77622,1.00,1.12
2016.10.03 04:01:16.188,0.77612,0.77622,1.00,1.39
2016.10.03 04:01:16.696,0.77612,0.77622,1.00,1.12
2016.10.03 04:01:17.979,0.77612,0.77622,2.10,1.12
2016.10.03 04:01:18.031,0.77614,0.77624,1.00,1.12
2016.10.03 04:01:18.082,0.77614,0.77624,2.25,1.12
2016.10.03 04:01:18.134,0.77616,0.77625,1.00,1.12
2016.10.03 04:01:18.238,0.77617,0.77627,1.00,2.52
2016.10.03 04:01:18.467,0.77617,0.77625,1.12,1.00
2016.10.03 04:01:18.518,0.77616,0.77625,2.25,1.00
2016.10.03 04:01:18.569,0.77616,0.77625,1.00,1.00
2016.10.03 04:01:19.027,0.77616,0.77624,1.00,1.00
2016.10.03 04:01:19.129,0.77616,0.77623,1.00,1.00
2016.10.03 04:01:19.231,0.77613,0.77622,1.00,1.00
2016.10.03 04:01:19.712,0.77613,0.77622,1.00,1.02
2016.10.03 04:01:20.195,0.77613,0.77622,1.02,1.00
2016.10.03 04:01:20.247,0.77616,0.77625,1.00,1.87
2016.10.03 04:01:20.298,0.77616,0.77625,1.00,1.00
2016.10.03 04:01:20.502,0.77617,0.77624,1.00,1.50
2016.10.03 04:01:20.767,0.77617,0.77624,1.00,1.00
2016.10.03 04:01:21.031,0.77617,0.77627,1.00,1.58
2016.10.03 04:01:21.082,0.77617,0.77628,1.87,2.33
2016.10.03 04:01:21.133,0.77617,0.77628,1.87,1.56
2016.10.03 04:01:21.184,0.77617,0.77626,1.87,1.00
2016.10.03 04:01:21.235,0.77617,0.77624,1.87,1.00
2016.10.03 04:01:21.337,0.77618,0.77624,1.12,1.00
2016.10.03 04:01:21.388,0.77618,0.77624,1.50,1.00
2016.10.03 04:01:21.440,0.77618,0.77625,1.87,1.00
2016.10.03 04:01:21.542,0.77618,0.77625,1.37,1.00
2016.10.03 04:01:22.080,0.77618,0.77626,1.37,1.00
2016.10.03 04:01:22.131,0.77618,0.77625,1.37,1.00
2016.10.03 04:01:23.032,0.77618,0.77625,1.37,1.50
2016.10.03 04:01:23.084,0.77618,0.77624,1.37,1.00
2016.10.03 04:01:23.187,0.77617,0.77624,1.12,1.00
2016.10.03 04:01:23.289,0.77618,0.77624,1.37,1.00
2016.10.03 04:01:23.395,0.77618,0.77624,1.00,1.00
2016.10.03 04:01:23.830,0.77619,0.77624,1.37,1.00
2016.10.03 04:01:23.995,0.77619,0.77624,1.37,1.50
2016.10.03 04:01:24.047,0.77618,0.77622,1.50,1.00
2016.10.03 04:01:24.098,0.77617,0.77621,1.50,1.25
2016.10.03 04:01:24.149,0.77616,0.77621,1.37,1.25
2016.10.03 04:01:24.252,0.77612,0.77621,4.12,1.25
2016.10.03 04:01:24.303,0.77612,0.7762,1.12,1.00
2016.10.03 04:01:24.457,0.77612,0.77622,1.12,3.94
2016.10.03 04:01:24.508,0.77613,0.77622,1.00,3.56
2016.10.03 04:01:24.559,0.77613,0.77622,1.00,3.37
2016.10.03 04:01:24.610,0.77613,0.77622,1.00,2.62
2016.10.03 04:01:24.712,0.77613,0.77622,1.00,1.87
2016.10.03 04:01:24.909,0.77613,0.77622,1.00,1.50
2016.10.03 04:01:24.975,0.77613,0.7762,1.00,1.00
2016.10.03 04:01:25.389,0.77613,0.77622,1.00,1.50
2016.10.03 04:01:25.548,0.77613,0.77621,1.00,1.00
2016.10.03 04:01:26.593,0.77613,0.77622,1.00,1.50
2016.10.03 04:01:26.645,0.77613,0.77622,1.50,1.00
2016.10.03 04:01:26.696,0.77615,0.77623,1.00,1.00
2016.10.03 04:01:26.798,0.77615,0.77623,1.00,1.00
2016.10.03 04:01:26.900,0.77616,0.77623,1.37,1.00
2016.10.03 04:01:27.053,0.77616,0.77623,1.00,1.00
2016.10.03 04:01:27.372,0.77615,0.77622,1.37,1.00
2016.10.03 04:01:27.474,0.77614,0.77622,1.12,1.00
2016.10.03 04:01:27.660,0.77615,0.77622,1.37,1.00
2016.10.03 04:01:27.813,0.77615,0.77622,1.00,1.00
2016.10.03 04:01:30.346,0.77615,0.77622,1.12,1.00
2016.10.03 04:01:34.719,0.77615,0.77622,1.37,1.00
2016.10.03 04:01:35.101,0.77615,0.77624,1.37,1.87
2016.10.03 04:01:35.203,0.77615,0.77624,1.37,1.50
2016.10.03 04:01:37.228,0.77615,0.77624,1.37,1.00
2016.10.03 04:01:37.496,0.77615,0.77624,1.12,1.00
2016.10.03 04:01:40.242,0.77614,0.77624,1.00,1.12
2016.10.03 04:01:41.423,0.77613,0.77624,1.00,1.12
2016.10.03 04:01:41.584,0.77613,0.77624,1.00,1.00
2016.10.03 04:01:42.026,0.77616,0.77623,1.00,1.00
2016.10.03 04:01:42.541,0.77616,0.77622,1.00,1.00
2016.10.03 04:01:43.223,0.77616,0.77624,1.00,1.00
2016.10.03 04:01:43.396,0.77617,0.77624,1.00,1.00
2016.10.03 04:01:43.658,0.77615,0.77624,1.50,1.00
2016.10.03 04:01:44.597,0.77616,0.77624,1.00,1.00
2016.10.03 04:01:46.493,0.77615,0.77625,1.00,1.00
2016.10.03 04:01:47.049,0.77616,0.77624,1.00,1.00
2016.10.03 04:01:47.865,0.77616,0.77624,1.50,1.00
2016.10.03 04:01:50.065,0.77616,0.77624,1.00,1.00
2016.10.03 04:01:50.331,0.77615,0.77626,1.50,1.87
2016.10.03 04:01:50.433,0.77615,0.77625,1.00,1.00
2016.10.03 04:01:51.166,0.77615,0.77625,1.12,1.00
2016.10.03 04:01:51.547,0.77615,0.77625,1.50,1.00
2016.10.03 04:01:53.139,0.77616,0.77625,1.00,1.50
2016.10.03 04:01:54.412,0.77616,0.77625,1.00,1.00
2016.10.03 04:01:55.221,0.77616,0.77625,1.00,1.50
2016.10.03 04:01:55.800,0.77616,0.77625,1.00,1.00
2016.10.03 04:01:55.902,0.77616,0.77625,1.00,1.50
2016.10.03 04:01:56.003,0.77616,0.77625,1.00,1.00
2016.10.03 04:01:56.234,0.77616,0.77625,1.00,1.50
2016.10.03 04:01:57.041,0.77616,0.77625,1.00,1.00
2016.10.03 04:01:57.143,0.77616,0.77625,1.00,1.50
2016.10.03 04:01:57.194,0.77616,0.77625,1.00,1.00
2016.10.03 04:01:58.332,0.77616,0.77626,1.00,1.12
2016.10.03 04:01:58.434,0.77616,0.77626,1.00,1.87
2016.10.03 04:01:58.731,0.77616,0.77626,1.00,1.12
2016.10.03 04:01:58.985,0.77616,0.77625,1.00,1.00
2016.10.03 04:01:59.272,0.77615,0.77625,1.87,1.00
2016.10.03 04:01:59.446,0.77615,0.77626,1.87,1.87
2016.10.03 04:01:59.814,0.77615,0.77626,1.87,1.12
2016.10.03 04:02:00.118,0.77615,0.77625,1.87,1.00
2016.10.03 04:02:00.540,0.77617,0.77625,1.00,1.00
2016.10.03 04:02:00.754,0.77617,0.77626,1.00,1.12
2016.10.03 04:02:01.145,0.77617,0.77626,1.00,1.87
2016.10.03 04:02:02.039,0.77617,0.77626,1.00,1.12
2016.10.03 04:02:02.842,0.77617,0.77625,1.00,1.00
2016.10.03 04:02:04.105,0.77617,0.77625,1.00,1.50
2016.10.03 04:02:04.207,0.77617,0.77625,1.00,1.00
2016.10.03 04:02:04.344,0.77614,0.77624,1.37,1.12
2016.10.03 04:02:04.396,0.77614,0.77623,1.50,1.50
2016.10.03 04:02:04.448,0.77614,0.7762,1.00,1.00
2016.10.03 04:02:04.550,0.7761,0.7762,2.06,1.00
2016.10.03 04:02:04.601,0.7761,0.7762,1.87,1.00
2016.10.03 04:02:04.652,0.7761,0.7762,1.12,1.00
2016.10.03 04:02:04.754,0.7761,0.77621,1.87,1.50
2016.10.03 04:02:04.856,0.7761,0.77621,1.87,1.50
2016.10.03 04:02:05.175,0.7761,0.77621,1.87,1.50
2016.10.03 04:02:05.675,0.7761,0.77621,2.25,1.50
2016.10.03 04:02:06.856,0.77611,0.77621,1.00,1.00
2016.10.03 04:02:07.230,0.77611,0.77621,1.00,1.50
2016.10.03 04:02:07.332,0.7761,0.77619,1.50,1.00
2016.10.03 04:02:07.434,0.7761,0.77619,1.00,1.00
2016.10.03 04:02:07.485,0.77608,0.77619,1.87,1.00
2016.10.03 04:02:07.536,0.77608,0.77619,1.50,1.00
2016.10.03 04:02:07.639,0.77608,0.77618,1.00,1.00
2016.10.03 04:02:08.788,0.77608,0.77618,1.00,1.50
2016.10.03 04:02:08.891,0.77608,0.77618,1.00,1.00
2016.10.03 04:02:09.196,0.77608,0.77616,1.00,1.00
2016.10.03 04:02:09.752,0.77608,0.77617,1.00,1.00
2016.10.03 04:02:15.819,0.77608,0.77616,1.00,1.00
2016.10.03 04:02:19.692,0.77607,0.77616,1.00,1.00
2016.10.03 04:02:19.744,0.77606,0.77616,1.87,1.00
2016.10.03 04:02:19.845,0.77606,0.77616,1.12,1.00
2016.10.03 04:02:19.897,0.77605,0.77616,1.87,1.00
2016.10.03 04:02:19.948,0.77605,0.77616,1.00,1.00
2016.10.03 04:02:19.999,0.77605,0.77611,1.00,1.00
2016.10.03 04:02:20.091,0.77605,0.77613,1.50,1.00
2016.10.03 04:02:20.193,0.77605,0.77613,1.00,1.37
2016.10.03 04:02:20.391,0.77606,0.77612,1.00,1.12
2016.10.03 04:02:20.493,0.77605,0.77612,1.00,1.37
2016.10.03 04:02:20.595,0.77605,0.77612,1.00,1.37
2016.10.03 04:02:20.697,0.77605,0.77612,1.50,1.37
2016.10.03 04:02:20.850,0.77605,0.77612,1.00,1.37
2016.10.03 04:02:21.093,0.77605,0.77612,1.00,1.37
2016.10.03 04:02:21.570,0.77603,0.77612,1.69,1.37
2016.10.03 04:02:21.621,0.77603,0.77611,1.50,1.12
2016.10.03 04:02:21.734,0.77603,0.77607,1.00,1.00
2016.10.03 04:02:21.786,0.77597,0.77606,1.00,1.00
2016.10.03 04:02:21.837,0.77598,0.77606,1.00,1.00
2016.10.03 04:02:21.889,0.77598,0.77605,1.50,1.37
2016.10.03 04:02:21.940,0.77598,0.77605,1.00,1.37
2016.10.03 04:02:21.992,0.77598,0.77606,1.00,2.25
2016.10.03 04:02:22.043,0.77598,0.77606,1.00,2.62
2016.10.03 04:02:22.195,0.77597,0.77605,1.00,1.00
2016.10.03 04:02:22.247,0.77597,0.77605,1.00,1.87
2016.10.03 04:02:22.298,0.77595,0.77605,1.50,1.87
2016.10.03 04:02:22.349,0.77595,0.77605,1.50,2.25
2016.10.03 04:02:22.552,0.77595,0.77604,1.50,1.00
2016.10.03 04:02:22.826,0.77595,0.77604,1.00,1.00
2016.10.03 04:02:24.046,0.77595,0.77603,1.00,1.50
2016.10.03 04:02:24.233,0.77594,0.77603,1.00,1.50
2016.10.03 04:02:24.335,0.77594,0.77603,1.00,1.00
2016.10.03 04:02:24.437,0.77595,0.77603,1.00,1.00
2016.10.03 04:02:24.539,0.77595,0.77603,1.00,1.00
2016.10.03 04:02:24.640,0.77595,0.77603,1.00,1.00
2016.10.03 04:02:24.907,0.77595,0.77603,1.00,1.00
2016.10.03 04:02:25.009,0.77595,0.77603,1.00,1.00
2016.10.03 04:02:25.100,0.77595,0.77604,1.00,1.12
2016.10.03 04:02:25.151,0.77595,0.77604,1.00,1.12
2016.10.03 04:02:25.439,0.77594,0.77603,1.00,1.00
2016.10.03 04:02:25.592,0.77594,0.77603,1.00,1.00
2016.10.03 04:02:25.694,0.77594,0.77603,1.00,1.00
2016.10.03 04:02:26.935,0.77594,0.77604,1.00,1.00
2016.10.03 04:02:27.493,0.77595,0.77603,1.00,1.00
2016.10.03 04:02:28.052,0.77595,0.77605,1.00,1.39
2016.10.03 04:02:28.209,0.77595,0.77605,1.00,1.02
2016.10.03 04:02:28.261,0.77595,0.77605,1.00,1.02
2016.10.03 04:02:28.345,0.77595,0.77605,1.00,1.39
2016.10.03 04:02:28.396,0.77595,0.77605,1.00,1.39
2016.10.03 04:02:28.600,0.77595,0.77605,1.00,1.39
2016.10.03 04:02:28.915,0.77598,0.77605,1.00,1.39
2016.10.03 04:02:29.852,0.77598,0.77605,1.00,1.12
2016.10.03 04:02:30.106,0.77598,0.77605,1.00,1.12
2016.10.03 04:02:30.209,0.77595,0.77605,1.00,1.12
2016.10.03 04:02:30.260,0.77595,0.77604,1.00,1.00
2016.10.03 04:02:30.515,0.77595,0.77604,1.50,1.00
2016.10.03 04:02:30.617,0.77595,0.77604,1.00,1.00
2016.10.03 04:02:30.820,0.77595,0.77604,1.50,1.00
2016.10.03 04:02:31.295,0.77595,0.77604,1.00,1.00
2016.10.03 04:02:31.397,0.77595,0.77604,1.12,1.00
2016.10.03 04:02:31.448,0.77595,0.77605,1.12,1.12
2016.10.03 04:02:31.550,0.77595,0.77605,1.12,1.12
2016.10.03 04:02:31.601,0.77595,0.77605,1.50,1.00
2016.10.03 04:02:31.652,0.77595,0.77605,1.50,1.00
2016.10.03 04:02:31.703,0.77595,0.77605,1.00,1.00
2016.10.03 04:02:32.370,0.77595,0.77605,1.00,1.02
2016.10.03 04:02:32.471,0.77595,0.77604,1.00,1.00
2016.10.03 04:02:33.363,0.77595,0.77604,1.87,1.00
2016.10.03 04:02:34.080,0.77597,0.77604,1.00,1.00
2016.10.03 04:02:34.286,0.77595,0.77604,1.00,1.00
2016.10.03 04:02:34.337,0.77595,0.77604,1.12,1.00
2016.10.03 04:02:34.388,0.77594,0.77604,1.87,1.02
2016.10.03 04:02:34.440,0.77594,0.77604,1.00,1.02
2016.10.03 04:02:34.643,0.77594,0.77602,1.00,1.00
2016.10.03 04:02:34.797,0.77592,0.77601,1.12,1.00
2016.10.03 04:02:34.848,0.77592,0.77601,1.12,1.00
2016.10.03 04:02:35.011,0.7759,0.77601,1.69,1.02
2016.10.03 04:02:35.085,0.7759,0.77601,1.00,1.77
2016.10.03 04:02:35.136,0.7759,0.776,1.12,2.14
2016.10.03 04:02:35.188,0.7759,0.776,1.12,1.39
2016.10.03 04:02:35.239,0.77589,0.77601,1.00,3.27
2016.10.03 04:02:35.290,0.77588,0.77601,1.87,3.27
2016.10.03 04:02:35.341,0.77588,0.77601,1.87,2.14
2016.10.03 04:02:35.444,0.77589,0.77601,1.37,1.39
2016.10.03 04:02:35.824,0.77589,0.77601,1.37,1.39
2016.10.03 04:02:36.052,0.77589,0.77601,1.37,2.52
2016.10.03 04:02:36.103,0.7759,0.776,1.12,1.00
2016.10.03 04:02:36.154,0.7759,0.776,1.12,1.00
2016.10.03 04:02:36.205,0.7759,0.77601,1.00,2.25
2016.10.03 04:02:36.256,0.7759,0.776,1.00,1.39
2016.10.03 04:02:36.307,0.77589,0.776,1.37,1.77
2016.10.03 04:02:36.359,0.77589,0.77597,1.37,1.02
2016.10.03 04:02:36.514,0.77588,0.77597,1.00,1.39
2016.10.03 04:02:36.616,0.77588,0.77597,1.00,1.02
2016.10.03 04:02:36.667,0.77588,0.77597,1.00,1.27
2016.10.03 04:02:36.718,0.77588,0.77597,1.00,1.27
2016.10.03 04:02:36.922,0.77588,0.77597,1.00,1.27
2016.10.03 04:02:37.476,0.77588,0.77595,1.00,1.02
2016.10.03 04:02:38.079,0.77588,0.77595,1.00,1.00
2016.10.03 04:02:41.668,0.77588,0.77597,1.00,1.39
2016.10.03 04:02:41.770,0.77588,0.77598,1.00,2.14
2016.10.03 04:02:41.821,0.77588,0.77598,1.00,2.14
2016.10.03 04:02:41.975,0.77588,0.77598,1.00,1.27
2016.10.03 04:02:42.128,0.77588,0.77599,1.00,1.27
2016.10.03 04:02:42.660,0.77588,0.77598,1.00,1.27
2016.10.03 04:02:46.092,0.77588,0.77597,1.00,1.02
2016.10.03 04:02:46.580,0.77588,0.77596,1.00,1.00
2016.10.03 04:02:46.682,0.77588,0.77597,1.00,1.02
2016.10.03 04:02:47.202,0.77588,0.77597,1.00,1.02
2016.10.03 04:02:47.407,0.77588,0.77597,1.00,1.02
2016.10.03 04:02:47.684,0.77588,0.77596,1.00,1.00
2016.10.03 04:02:48.230,0.77588,0.77595,1.00,1.00
2016.10.03 04:02:48.396,0.77588,0.77597,1.00,1.02
2016.10.03 04:02:48.662,0.77587,0.77598,1.00,1.77
2016.10.03 04:02:49.017,0.77587,0.77597,1.00,1.02
2016.10.03 04:02:49.547,0.77587,0.77598,1.00,1.77
2016.10.03 04:02:49.649,0.77587,0.77598,1.00,1.27
2016.10.03 04:02:49.752,0.77587,0.77598,1.00,1.77
2016.10.03 04:02:49.955,0.77587,0.77598,1.00,2.14
2016.10.03 04:02:50.140,0.77587,0.77598,1.00,2.52
2016.10.03 04:02:50.293,0.77587,0.77598,1.00,2.14
2016.10.03 04:02:50.446,0.77587,0.77598,1.00,1.77
2016.10.03 04:02:50.497,0.77587,0.77598,1.00,2.14
2016.10.03 04:02:50.934,0.77588,0.77598,1.00,1.77
2016.10.03 04:02:51.465,0.77588,0.77598,1.00,1.27
2016.10.03 04:02:51.567,0.77588,0.77598,1.00,1.77
2016.10.03 04:02:51.719,0.77588,0.77598,1.00,2.14
2016.10.03 04:02:51.770,0.77588,0.77598,1.00,2.52
2016.10.03 04:02:51.908,0.77588,0.77598,1.00,3.27
2016.10.03 04:02:52.061,0.77588,0.77597,1.00,1.00
2016.10.03 04:02:52.316,0.77588,0.77597,1.00,1.00
2016.10.03 04:02:52.809,0.77588,0.77597,1.00,1.00
2016.10.03 04:02:52.860,0.77588,0.77595,1.00,1.00
2016.10.03 04:02:52.911,0.77585,0.77594,1.00,1.00
2016.10.03 04:02:53.014,0.77584,0.77594,1.31,1.00
2016.10.03 04:02:53.065,0.77584,0.77594,1.25,1.50
2016.10.03 04:02:53.132,0.77584,0.77594,1.25,1.50
2016.10.03 04:02:53.881,0.77584,0.77592,1.25,1.00
2016.10.03 04:02:54.106,0.77585,0.77592,1.00,1.00
2016.10.03 04:02:55.891,0.77585,0.77594,1.00,1.00
2016.10.03 04:02:57.477,0.77585,0.77593,1.00,1.00
2016.10.03 04:02:58.418,0.77585,0.77594,1.00,1.00
2016.10.03 04:02:58.931,0.77585,0.77595,1.00,1.00
2016.10.03 04:02:59.088,0.77587,0.77598,1.00,2.62
2016.10.03 04:02:59.169,0.77587,0.77598,1.00,1.50
2016.10.03 04:02:59.220,0.77587,0.77598,1.50,1.37
2016.10.03 04:02:59.272,0.77587,0.77598,1.50,1.00
2016.10.03 04:02:59.324,0.77587,0.77599,1.87,3.00
2016.10.03 04:02:59.375,0.77587,0.77598,1.87,1.12
2016.10.03 04:02:59.523,0.77587,0.77599,1.87,1.12
2016.10.03 04:02:59.584,0.77587,0.77599,1.87,1.12
2016.10.03 04:02:59.686,0.77587,0.77599,1.87,2.25
2016.10.03 04:02:59.737,0.77589,0.77599,1.00,2.25
2016.10.03 04:03:00.075,0.77589,0.77599,1.00,2.25
2016.10.03 04:03:00.220,0.77589,0.77598,1.00,1.00
2016.10.03 04:03:00.590,0.77589,0.77598,1.00,1.00
2016.10.03 04:03:00.651,0.77589,0.77598,1.00,1.50
2016.10.03 04:03:01.273,0.77589,0.77598,1.00,1.00
2016.10.03 04:03:01.325,0.77587,0.77598,1.00,1.00
2016.10.03 04:03:01.453,0.77587,0.77596,1.12,1.00
2016.10.03 04:03:01.504,0.77587,0.77596,1.00,1.00
2016.10.03 04:03:03.249,0.77586,0.77596,1.00,1.00
2016.10.03 04:03:04.601,0.77586,0.77597,1.50,1.00
2016.10.03 04:03:04.702,0.77587,0.77597,1.00,1.00
2016.10.03 04:03:04.753,0.77587,0.77597,1.00,1.00
2016.10.03 04:03:04.855,0.77587,0.77597,1.50,1.00
2016.10.03 04:03:05.331,0.77588,0.77597,1.00,1.00
2016.10.03 04:03:07.126,0.77588,0.77597,1.12,1.00
2016.10.03 04:03:07.346,0.77588,0.77598,1.00,1.50
2016.10.03 04:03:07.397,0.77588,0.77598,1.00,1.00
2016.10.03 04:03:07.651,0.77588,0.77597,1.00,1.00
2016.10.03 04:03:08.006,0.77588,0.77597,1.00,1.00
2016.10.03 04:03:08.412,0.77588,0.77597,1.00,1.00
2016.10.03 04:03:08.463,0.77588,0.77597,1.50,1.00
2016.10.03 04:03:11.521,0.77588,0.77597,1.87,1.00
2016.10.03 04:03:11.623,0.77589,0.77597,1.00,1.00
2016.10.03 04:03:13.816,0.77589,0.77597,1.12,1.00
2016.10.03 04:03:13.969,0.77589,0.77597,1.00,1.00
2016.10.03 04:03:19.424,0.77589,0.77597,1.12,1.00
2016.10.03 04:03:19.803,0.77589,0.77597,1.00,1.00
2016.10.03 04:03:19.966,0.77587,0.77597,2.81,1.00
2016.10.03 04:03:20.127,0.77588,0.77595,1.37,1.00
2016.10.03 04:03:20.229,0.77588,0.77594,1.00,1.00
2016.10.03 04:03:20.331,0.77585,0.77594,1.12,1.00
2016.10.03 04:03:20.433,0.77584,0.77592,1.62,1.00
2016.10.03 04:03:20.534,0.77582,0.77594,2.62,1.50
2016.10.03 04:03:20.585,0.77582,0.77593,2.25,1.00
2016.10.03 04:03:20.637,0.77582,0.77591,1.50,1.00
2016.10.03 04:03:20.738,0.77584,0.77594,1.00,1.12
2016.10.03 04:03:20.789,0.77584,0.77595,1.50,1.00
2016.10.03 04:03:20.965,0.77584,0.77595,1.87,1.12
2016.10.03 04:03:21.016,0.77584,0.77595,1.12,1.12
2016.10.03 04:03:21.170,0.77583,0.77595,1.87,1.12
2016.10.03 04:03:21.222,0.77583,0.77595,1.12,1.12
2016.10.03 04:03:21.273,0.77584,0.77595,1.00,1.12
2016.10.03 04:03:21.425,0.77584,0.77595,1.12,1.12
2016.10.03 04:03:21.527,0.77585,0.77595,1.00,1.12
2016.10.03 04:03:21.629,0.77584,0.77596,1.12,2.25
2016.10.03 04:03:21.680,0.77584,0.77596,1.12,1.50
2016.10.03 04:03:21.731,0.77584,0.77596,1.12,1.00
2016.10.03 04:03:21.782,0.77584,0.77596,1.50,1.00
2016.10.03 04:03:22.042,0.77583,0.77594,2.81,1.00
2016.10.03 04:03:23.165,0.77583,0.77596,3.56,2.25
2016.10.03 04:03:23.503,0.77583,0.77596,2.81,2.25
2016.10.03 04:03:23.873,0.77584,0.77595,1.00,1.12
2016.10.03 04:03:24.077,0.77585,0.77594,1.00,1.00
2016.10.03 04:03:24.426,0.77585,0.77594,1.50,1.00
2016.10.03 04:03:24.834,0.77587,0.77595,1.00,1.00
2016.10.03 04:03:25.559,0.77587,0.77594,1.00,1.00
2016.10.03 04:03:26.267,0.77584,0.77592,1.50,1.00
2016.10.03 04:03:26.319,0.77584,0.77592,1.00,1.00
2016.10.03 04:03:26.502,0.77584,0.77598,1.00,1.77
2016.10.03 04:03:26.553,0.77585,0.77598,1.19,2.14
2016.10.03 04:03:26.859,0.77585,0.77598,1.19,1.27
2016.10.03 04:03:26.911,0.77585,0.77598,1.31,1.27
2016.10.03 04:03:27.108,0.77586,0.77599,1.25,4.39
2016.10.03 04:03:27.159,0.77588,0.77599,1.50,4.39
2016.10.03 04:03:27.210,0.77588,0.77599,1.87,1.64
2016.10.03 04:03:27.261,0.77588,0.776,1.87,2.14
2016.10.03 04:03:27.658,0.77588,0.776,1.12,2.14
2016.10.03 04:03:27.830,0.7759,0.776,1.00,1.64
2016.10.03 04:03:27.932,0.7759,0.776,1.00,1.39
2016.10.03 04:03:27.983,0.7759,0.776,1.00,2.14
2016.10.03 04:03:28.340,0.7759,0.776,1.00,1.27
2016.10.03 04:03:28.903,0.77588,0.77598,1.50,1.27
2016.10.03 04:03:28.954,0.77588,0.77597,1.50,1.27
2016.10.03 04:03:29.005,0.77588,0.77597,1.00,1.27
2016.10.03 04:03:29.056,0.77586,0.77597,1.00,1.27
2016.10.03 04:03:29.107,0.77586,0.77597,1.00,1.77
2016.10.03 04:03:29.159,0.77586,0.77595,1.00,1.27
2016.10.03 04:03:29.243,0.77586,0.77595,1.00,1.77
2016.10.03 04:03:29.736,0.77586,0.77595,1.00,1.77
2016.10.03 04:03:30.078,0.77586,0.77595,1.00,1.27
2016.10.03 04:03:30.385,0.77585,0.77595,1.00,3.53
2016.10.03 04:03:30.436,0.77585,0.77595,1.00,3.53
2016.10.03 04:03:31.909,0.77585,0.77595,1.00,1.00
2016.10.03 04:03:31.960,0.77585,0.77595,1.50,1.00
2016.10.03 04:03:32.516,0.77585,0.77595,1.50,1.00
2016.10.03 04:03:32.757,0.77584,0.77594,2.25,1.00
2016.10.03 04:03:32.809,0.77585,0.77594,1.00,1.00
2016.10.03 04:03:32.963,0.77587,0.77597,1.00,1.00
2016.10.03 04:03:33.014,0.77587,0.77597,1.00,1.00
2016.10.03 04:03:33.066,0.77587,0.77598,1.00,1.00
2016.10.03 04:03:33.168,0.77585,0.77597,1.00,1.50
2016.10.03 04:03:33.270,0.77584,0.77594,1.37,1.00
2016.10.03 04:03:33.417,0.77583,0.77594,1.12,1.00
2016.10.03 04:03:33.469,0.77583,0.77594,1.00,1.00
2016.10.03 04:03:33.574,0.77582,0.77593,2.62,1.00
2016.10.03 04:03:33.625,0.77582,0.77593,2.25,1.00
2016.10.03 04:03:33.676,0.77582,0.77593,1.50,1.00
2016.10.03 04:03:34.242,0.77582,0.77593,1.00,1.00
2016.10.03 04:03:34.971,0.77582,0.77592,1.00,1.00
2016.10.03 04:03:35.075,0.77582,0.7759,1.00,1.00
2016.10.03 04:03:35.179,0.7758,0.7759,1.00,1.00
2016.10.03 04:03:35.908,0.77579,0.77589,1.00,1.00
2016.10.03 04:03:36.376,0.77579,0.77589,1.00,1.00
2016.10.03 04:03:36.478,0.77578,0.77588,1.12,1.00
2016.10.03 04:03:36.720,0.77578,0.77587,1.00,1.00
2016.10.03 04:03:36.771,0.77578,0.77588,1.00,3.53
2016.10.03 04:03:36.976,0.77578,0.77587,1.00,1.00
2016.10.03 04:03:38.106,0.77578,0.77588,1.00,1.00
2016.10.03 04:03:41.222,0.77578,0.77588,1.00,3.53
2016.10.03 04:03:44.375,0.77578,0.77588,1.00,1.00
2016.10.03 04:03:44.848,0.77578,0.77588,1.00,1.00
2016.10.03 04:03:45.079,0.77578,0.77588,1.00,1.00
2016.10.03 04:03:45.597,0.77578,0.77588,1.50,1.00
2016.10.03 04:03:45.749,0.77578,0.77588,1.00,1.00
2016.10.03 04:03:46.157,0.77578,0.77588,1.00,1.12
2016.10.03 04:03:46.208,0.77578,0.77588,1.00,1.87
2016.10.03 04:03:46.310,0.77578,0.77587,1.00,1.00
2016.10.03 04:03:46.361,0.77578,0.77587,1.00,1.87
2016.10.03 04:03:46.412,0.77577,0.77585,1.00,2.78
2016.10.03 04:03:46.463,0.77577,0.77585,1.00,2.78
2016.10.03 04:03:46.514,0.77576,0.77584,1.00,1.12
2016.10.03 04:03:46.668,0.77576,0.77584,1.00,1.50
2016.10.03 04:03:46.719,0.77576,0.77584,1.00,1.12
2016.10.03 04:03:46.770,0.77576,0.77584,1.00,1.00
2016.10.03 04:03:47.024,0.77576,0.77584,1.00,1.50
2016.10.03 04:03:47.181,0.77576,0.77584,1.00,2.62
2016.10.03 04:03:47.232,0.77576,0.77584,1.00,3.00
2016.10.03 04:03:47.340,0.77576,0.77584,1.00,3.75
2016.10.03 04:03:47.391,0.77574,0.77584,1.00,3.75
2016.10.03 04:03:47.954,0.77574,0.77584,1.00,3.00
2016.10.03 04:03:48.005,0.77573,0.77583,1.00,2.62
2016.10.03 04:03:48.056,0.77572,0.77582,1.00,1.12
2016.10.03 04:03:48.108,0.77571,0.77582,1.00,1.87
2016.10.03 04:03:48.159,0.77571,0.77582,1.00,2.25
2016.10.03 04:03:48.408,0.7757,0.77581,1.00,1.87
2016.10.03 04:03:48.514,0.77573,0.77581,1.00,1.87
2016.10.03 04:03:49.006,0.77571,0.77579,1.00,1.00
2016.10.03 04:03:49.108,0.77571,0.77581,1.00,1.87
2016.10.03 04:03:49.520,0.7757,0.7758,1.00,1.00
2016.10.03 04:03:49.806,0.77571,0.7758,1.00,1.00
2016.10.03 04:03:50.816,0.77571,0.77581,1.00,1.12
2016.10.03 04:03:51.016,0.77571,0.7758,1.00,1.00
2016.10.03 04:03:51.531,0.77571,0.7758,1.00,1.27
2016.10.03 04:03:52.064,0.77571,0.7758,1.00,1.27
2016.10.03 04:03:52.115,0.77568,0.77578,1.12,1.00
2016.10.03 04:03:52.166,0.77568,0.77578,1.00,1.00
2016.10.03 04:03:52.217,0.77568,0.77578,1.00,1.02
2016.10.03 04:03:52.268,0.77567,0.77578,1.00,1.77
2016.10.03 04:03:52.319,0.77567,0.77576,1.50,1.00
2016.10.03 04:03:53.282,0.77567,0.77576,1.00,1.00
2016.10.03 04:03:54.584,0.77567,0.77575,1.00,1.00
2016.10.03 04:03:54.635,0.77565,0.77575,1.12,1.87
2016.10.03 04:03:54.686,0.77564,0.77572,2.25,1.02
2016.10.03 04:03:54.738,0.77564,0.77572,1.87,1.02
2016.10.03 04:03:54.790,0.77564,0.77572,1.00,1.27
2016.10.03 04:03:54.841,0.77562,0.77572,1.00,1.27
2016.10.03 04:03:54.892,0.77562,0.77572,1.00,5.14
2016.10.03 04:03:54.943,0.77562,0.77572,1.00,5.14
2016.10.03 04:03:54.994,0.77561,0.77571,1.12,1.27
2016.10.03 04:03:55.046,0.77561,0.77571,1.00,1.77
2016.10.03 04:03:55.097,0.77561,0.7757,1.00,1.27
2016.10.03 04:03:55.148,0.77561,0.77571,1.00,1.27
2016.10.03 04:03:55.347,0.77561,0.77571,1.00,1.27
2016.10.03 04:03:55.514,0.77561,0.77571,1.00,1.37
2016.10.03 04:03:55.666,0.7756,0.77571,1.12,1.37
2016.10.03 04:03:55.967,0.7756,0.77571,1.87,1.37
2016.10.03 04:03:56.069,0.7756,0.77571,2.25,1.37
2016.10.03 04:03:56.120,0.7756,0.77571,3.00,1.37
2016.10.03 04:03:56.172,0.77562,0.77571,1.00,1.37
2016.10.03 04:03:56.497,0.77561,0.77569,1.00,1.37
2016.10.03 04:03:56.600,0.77561,0.7757,1.00,1.37
2016.10.03 04:03:56.702,0.7756,0.77568,1.00,1.37
2016.10.03 04:03:56.805,0.7756,0.77569,1.00,1.37
2016.10.03 04:03:56.958,0.77559,0.77568,1.00,1.50
2016.10.03 04:03:57.164,0.77559,0.77568,1.00,1.50
2016.10.03 04:03:57.215,0.77559,0.77569,1.00,2.25
2016.10.03 04:03:57.519,0.77559,0.77569,1.00,3.00
2016.10.03 04:03:57.621,0.77559,0.77569,1.00,3.00
2016.10.03 04:03:57.723,0.77559,0.77568,1.00,1.50
2016.10.03 04:04:00.626,0.77557,0.77568,1.50,1.50
2016.10.03 04:04:01.666,0.77558,0.77568,1.00,1.50
2016.10.03 04:04:05.330,0.77558,0.77568,1.50,1.50
2016.10.03 04:04:05.432,0.7756,0.77568,1.00,1.50
2016.10.03 04:04:05.710,0.77559,0.77569,1.00,2.25
2016.10.03 04:04:05.865,0.77559,0.77569,1.00,1.37
2016.10.03 04:04:06.018,0.77559,0.77569,1.00,1.87
2016.10.03 04:04:06.179,0.77559,0.77569,1.00,1.37
2016.10.03 04:04:07.797,0.77559,0.77568,1.00,1.37
2016.10.03 04:04:07.899,0.77558,0.77569,1.00,1.87
2016.10.03 04:04:07.950,0.77558,0.77569,1.00,1.37
2016.10.03 04:04:09.870,0.77558,0.77569,1.00,1.37
2016.10.03 04:04:13.071,0.77558,0.77569,1.00,2.25
2016.10.03 04:04:13.122,0.7756,0.77569,1.00,3.00
2016.10.03 04:04:13.265,0.77559,0.77569,1.00,2.25
2016.10.03 04:04:14.095,0.77559,0.77569,1.00,1.37
2016.10.03 04:04:15.427,0.77559,0.77571,1.00,4.12
2016.10.03 04:04:16.338,0.77559,0.77571,1.00,3.75
2016.10.03 04:04:16.592,0.77559,0.7757,1.00,1.87
2016.10.03 04:04:16.695,0.77559,0.7757,1.00,1.12
2016.10.03 04:04:20.208,0.77559,0.7757,1.00,1.50
2016.10.03 04:04:25.170,0.77559,0.7757,1.50,1.50
2016.10.03 04:04:25.322,0.77559,0.7757,1.50,1.37
2016.10.03 04:04:25.650,0.7756,0.7757,1.00,1.37
2016.10.03 04:04:26.303,0.77561,0.7757,1.00,1.50
2016.10.03 04:04:26.354,0.77561,0.7757,1.50,1.50
2016.10.03 04:04:26.456,0.77561,0.7757,1.00,1.50
2016.10.03 04:04:27.309,0.77561,0.7757,1.00,1.12
2016.10.03 04:04:29.068,0.77561,0.77571,1.50,1.50
2016.10.03 04:04:29.119,0.77561,0.77571,1.50,1.12
2016.10.03 04:04:29.170,0.77561,0.77572,1.50,2.62
2016.10.03 04:04:29.410,0.77561,0.77572,1.50,1.00
2016.10.03 04:04:29.581,0.77561,0.77573,1.50,2.25
2016.10.03 04:04:29.632,0.77561,0.77573,1.50,1.50
2016.10.03 04:04:29.683,0.77566,0.77574,1.00,2.25
2016.10.03 04:04:29.735,0.77567,0.77575,1.00,1.37
2016.10.03 04:04:29.786,0.77568,0.77576,1.00,2.25
2016.10.03 04:04:29.838,0.77569,0.77578,1.00,2.62
2016.10.03 04:04:29.890,0.77569,0.77578,1.00,1.37
2016.10.03 04:04:29.941,0.77569,0.77578,1.00,1.37
2016.10.03 04:04:29.992,0.77569,0.77578,1.50,1.37
2016.10.03 04:04:30.247,0.77569,0.77578,1.50,1.37
2016.10.03 04:04:30.487,0.77569,0.77578,1.00,1.37
2016.10.03 04:04:33.551,0.77568,0.77579,1.00,3.75
2016.10.03 04:04:33.602,0.77568,0.77579,1.00,3.37
2016.10.03 04:04:33.653,0.7757,0.77579,1.00,2.62
2016.10.03 04:04:33.704,0.7757,0.77576,1.00,1.00
2016.10.03 04:04:33.806,0.7757,0.77579,1.00,2.25
2016.10.03 04:04:34.061,0.7757,0.77579,1.00,1.37
2016.10.03 04:04:35.351,0.7757,0.77578,1.00,1.12
2016.10.03 04:04:35.662,0.7757,0.7758,1.00,1.75
2016.10.03 04:04:35.714,0.7757,0.7758,1.00,1.12
2016.10.03 04:04:36.864,0.7757,0.7758,1.00,1.87
2016.10.03 04:04:37.255,0.7757,0.7758,1.00,1.12
2016.10.03 04:04:37.732,0.7757,0.7758,1.00,1.87
2016.10.03 04:04:38.209,0.7757,0.7758,1.00,1.12
2016.10.03 04:04:39.373,0.7757,0.7758,1.00,1.87
2016.10.03 04:04:39.747,0.7757,0.7758,1.00,2.62
2016.10.03 04:04:41.368,0.7757,0.77579,1.00,1.37
2016.10.03 04:04:41.520,0.7757,0.7758,1.00,2.25
2016.10.03 04:04:42.628,0.7757,0.7758,1.00,1.77
2016.10.03 04:04:42.812,0.7757,0.7758,1.00,2.52
2016.10.03 04:04:42.864,0.7757,0.7758,1.00,2.89
2016.10.03 04:04:45.495,0.7757,0.77579,1.00,1.02
2016.10.03 04:04:46.052,0.7757,0.7758,1.00,2.14
2016.10.03 04:04:46.487,0.77568,0.77577,1.12,1.00
2016.10.03 04:04:46.538,0.77568,0.77577,1.00,1.27
2016.10.03 04:04:46.589,0.77567,0.77578,1.00,1.27
2016.10.03 04:04:46.742,0.77567,0.77578,1.00,1.77
2016.10.03 04:04:46.793,0.77566,0.77577,1.50,1.27
2016.10.03 04:04:46.895,0.77567,0.77578,1.00,1.27
2016.10.03 04:04:47.062,0.77567,0.77579,1.00,2.14
2016.10.03 04:04:47.114,0.77567,0.77579,1.00,1.39
2016.10.03 04:04:47.165,0.7757,0.7758,1.00,3.00
2016.10.03 04:04:47.216,0.7757,0.7758,1.00,2.25
2016.10.03 04:04:47.267,0.7757,0.7758,1.00,1.50
2016.10.03 04:04:47.369,0.7757,0.7758,1.00,1.00
2016.10.03 04:04:47.471,0.7757,0.77581,1.00,2.06
2016.10.03 04:04:47.837,0.7757,0.77581,1.00,2.81
2016.10.03 04:04:47.990,0.77571,0.77581,1.00,3.19
2016.10.03 04:04:48.927,0.77571,0.77581,1.00,3.00
2016.10.03 04:04:49.490,0.77571,0.77581,1.00,2.25
2016.10.03 04:04:51.155,0.77571,0.77581,1.00,3.00
2016.10.03 04:04:51.206,0.7757,0.7758,1.00,1.00
2016.10.03 04:04:51.849,0.7757,0.77579,1.00,1.00
2016.10.03 04:04:51.979,0.77569,0.77579,1.00,1.50
2016.10.03 04:04:52.094,0.77569,0.77579,1.00,1.00
2016.10.03 04:04:52.659,0.77569,0.7758,1.00,1.00
2016.10.03 04:04:52.883,0.77569,0.7758,1.00,1.00
2016.10.03 04:04:53.087,0.77571,0.77579,1.00,1.00
2016.10.03 04:04:53.632,0.7757,0.77579,1.00,1.00
2016.10.03 04:04:54.150,0.7757,0.7758,1.00,1.00
2016.10.03 04:04:54.681,0.77569,0.7758,1.00,1.00
2016.10.03 04:04:55.199,0.7757,0.7758,1.00,1.00
2016.10.03 04:04:56.240,0.7757,0.7758,1.00,1.50
2016.10.03 04:04:56.978,0.7757,0.7758,1.00,1.00
2016.10.03 04:04:57.370,0.7757,0.7758,1.00,1.50
2016.10.03 04:04:58.232,0.7757,0.7758,1.00,2.25
2016.10.03 04:04:58.309,0.77571,0.7758,1.00,1.50
2016.10.03 04:04:58.746,0.77571,0.7758,1.00,1.00
2016.10.03 04:04:58.797,0.77571,0.77579,1.00,1.00
2016.10.03 04:04:59.220,0.77571,0.77579,1.00,1.00
2016.10.03 04:04:59.271,0.7757,0.7758,1.00,1.12
2016.10.03 04:04:59.458,0.7757,0.7758,1.00,1.37
2016.10.03 04:04:59.524,0.7757,0.7758,1.00,1.87
2016.10.03 04:05:00.631,0.7757,0.77581,1.00,2.25
2016.10.03 04:05:00.773,0.7757,0.77581,1.00,1.87
2016.10.03 04:05:00.824,0.7757,0.77581,1.00,1.87
2016.10.03 04:05:01.497,0.77571,0.77581,1.00,1.12
2016.10.03 04:05:01.549,0.77571,0.77581,1.00,1.00
2016.10.03 04:05:01.599,0.77571,0.77581,1.00,1.00
2016.10.03 04:05:01.964,0.77572,0.77581,1.50,1.00
2016.10.03 04:05:02.694,0.77572,0.77581,1.00,1.00
2016.10.03 04:05:05.318,0.77572,0.77581,1.00,1.00
2016.10.03 04:05:05.422,0.77571,0.77581,1.00,1.00
2016.10.03 04:05:05.473,0.77571,0.77581,1.00,1.87
2016.10.03 04:05:05.626,0.77571,0.77581,1.00,1.00
2016.10.03 04:05:09.107,0.77571,0.77581,1.00,1.00
2016.10.03 04:05:09.488,0.77571,0.77581,1.50,1.00
2016.10.03 04:05:09.693,0.77571,0.77581,1.50,1.87
2016.10.03 04:05:09.897,0.77571,0.77581,1.00,1.87
2016.10.03 04:05:10.438,0.77571,0.77581,1.00,1.00
2016.10.03 04:05:12.289,0.77571,0.7758,1.00,1.00
2016.10.03 04:05:12.391,0.77571,0.7758,1.00,1.00
2016.10.03 04:05:12.798,0.77571,0.7758,1.00,1.00
2016.10.03 04:05:16.326,0.77571,0.77582,1.00,1.69
2016.10.03 04:05:16.634,0.77571,0.77582,1.00,1.69
2016.10.03 04:05:16.736,0.77573,0.77581,1.00,1.00
2016.10.03 04:05:16.839,0.77573,0.77582,1.00,1.69
2016.10.03 04:05:21.271,0.77573,0.77582,1.00,1.00
2016.10.03 04:05:21.605,0.77573,0.77583,1.50,1.00
2016.10.03 04:05:21.656,0.77573,0.77583,1.50,1.00
2016.10.03 04:05:22.177,0.77573,0.77583,1.50,1.00
2016.10.03 04:05:22.228,0.77574,0.77584,1.00,1.25
2016.10.03 04:05:22.329,0.77573,0.77584,1.50,1.25
2016.10.03 04:05:22.532,0.77573,0.77584,1.50,1.25
2016.10.03 04:05:22.685,0.77573,0.77583,1.50,1.00
2016.10.03 04:05:22.903,0.77574,0.77583,1.00,1.00
2016.10.03 04:05:23.056,0.77574,0.77584,1.00,1.69
2016.10.03 04:05:23.435,0.77575,0.77583,1.00,1.00
2016.10.03 04:05:24.294,0.77575,0.77583,1.00,1.00
2016.10.03 04:05:24.345,0.77575,0.77585,1.00,1.69
2016.10.03 04:05:24.498,0.77575,0.77583,1.50,1.00
2016.10.03 04:05:24.899,0.77576,0.77585,1.00,1.31
2016.10.03 04:05:24.950,0.77576,0.77586,1.00,2.59
2016.10.03 04:05:25.001,0.77578,0.77586,1.00,1.20
2016.10.03 04:05:25.052,0.77578,0.77587,1.00,1.00
2016.10.03 04:05:25.104,0.77578,0.77588,1.00,1.69
2016.10.03 04:05:25.220,0.77576,0.77585,1.00,1.25
2016.10.03 04:05:25.271,0.77575,0.77585,1.87,1.00
2016.10.03 04:05:25.322,0.77576,0.77585,1.12,1.00
2016.10.03 04:05:25.373,0.77576,0.77585,1.00,1.00
2016.10.03 04:05:25.461,0.77574,0.77582,1.12,1.00
2016.10.03 04:05:25.512,0.77574,0.77582,1.50,1.00
2016.10.03 04:05:25.564,0.77574,0.77582,1.37,1.00
2016.10.03 04:05:25.617,0.77574,0.77582,1.00,1.00
2016.10.03 04:05:26.087,0.77574,0.77582,1.00,1.00
2016.10.03 04:05:26.411,0.77572,0.77582,1.00,1.00
2016.10.03 04:05:26.564,0.77572,0.77582,1.00,1.00
2016.10.03 04:05:27.111,0.77572,0.77581,1.00,1.00
2016.10.03 04:05:27.162,0.77572,0.77581,1.00,1.00
2016.10.03 04:05:27.315,0.77571,0.77581,1.87,1.00
2016.10.03 04:05:27.630,0.77573,0.77582,1.00,1.00
2016.10.03 04:05:27.732,0.77573,0.77583,1.00,1.00
2016.10.03 04:05:27.783,0.77573,0.77583,1.00,1.50
2016.10.03 04:05:28.055,0.77573,0.77583,1.50,1.50
2016.10.03 04:05:28.635,0.77573,0.77582,1.50,1.00
2016.10.03 04:05:29.093,0.77573,0.77582,1.50,1.00
2016.10.03 04:05:29.965,0.77573,0.77582,1.50,1.00
2016.10.03 04:05:30.860,0.77573,0.77582,1.00,1.00
2016.10.03 04:05:32.020,0.77573,0.77583,1.00,1.50
2016.10.03 04:05:32.382,0.77574,0.77583,1.00,2.25
2016.10.03 04:05:32.912,0.77575,0.77583,1.00,2.25
2016.10.03 04:05:32.963,0.77575,0.77583,1.00,1.50
2016.10.03 04:05:33.014,0.77574,0.77583,1.00,1.00
2016.10.03 04:05:33.984,0.77574,0.77583,1.00,1.50
2016.10.03 04:05:34.086,0.77574,0.77583,1.00,2.25
2016.10.03 04:05:34.238,0.77574,0.77581,1.00,1.00
2016.10.03 04:05:34.290,0.77574,0.77581,1.00,1.75
2016.10.03 04:05:34.341,0.77572,0.77578,1.00,1.00
2016.10.03 04:05:34.392,0.77572,0.77577,1.00,1.00
2016.10.03 04:05:34.483,0.7757,0.77575,1.00,1.00
2016.10.03 04:05:34.683,0.77568,0.77575,1.00,1.00
2016.10.03 04:05:35.461,0.77567,0.77575,1.00,1.00
2016.10.03 04:05:36.142,0.77567,0.77576,1.00,1.12
2016.10.03 04:05:36.549,0.77567,0.77574,1.00,1.00
2016.10.03 04:05:37.078,0.77567,0.77575,1.00,1.00
2016.10.03 04:05:37.129,0.77567,0.77576,1.00,1.12
2016.10.03 04:05:40.133,0.77565,0.77576,1.50,1.12
2016.10.03 04:05:40.328,0.77565,0.77575,1.50,1.00
2016.10.03 04:05:40.379,0.77567,0.77575,1.00,1.00
2016.10.03 04:05:40.881,0.77566,0.77575,1.00,1.00
2016.10.03 04:05:42.050,0.77565,0.77575,1.00,1.00
2016.10.03 04:05:42.224,0.77565,0.77576,1.50,1.00
2016.10.03 04:05:42.530,0.77565,0.77575,1.50,1.00
2016.10.03 04:05:42.945,0.77569,0.77575,1.00,1.00
2016.10.03 04:05:43.047,0.77569,0.77577,1.00,1.12
2016.10.03 04:05:43.099,0.77569,0.77577,1.00,1.00
2016.10.03 04:05:44.945,0.7757,0.77576,1.00,1.00
2016.10.03 04:05:45.047,0.77572,0.77579,1.00,1.50
2016.10.03 04:05:45.199,0.77573,0.77579,1.00,1.00
2016.10.03 04:05:45.250,0.77575,0.77582,1.00,1.87
2016.10.03 04:05:45.406,0.77575,0.77582,1.00,1.12
2016.10.03 04:05:45.534,0.77576,0.77582,1.00,1.00
2016.10.03 04:05:45.636,0.77574,0.77582,1.00,1.00
2016.10.03 04:05:45.738,0.77571,0.77577,1.12,1.00
2016.10.03 04:05:45.840,0.7757,0.77577,1.12,1.00
2016.10.03 04:05:45.891,0.77568,0.77577,1.00,1.12
2016.10.03 04:05:45.943,0.77568,0.77578,1.50,2.25
2016.10.03 04:05:45.994,0.77568,0.77578,1.50,1.87
2016.10.03 04:05:46.045,0.77571,0.77578,1.00,1.75
2016.10.03 04:05:46.096,0.77571,0.77578,1.00,1.00
2016.10.03 04:05:46.364,0.77571,0.77578,1.00,1.00
2016.10.03 04:05:46.567,0.77572,0.77579,1.00,1.00
2016.10.03 04:05:46.618,0.77572,0.77581,1.00,1.87
2016.10.03 04:05:46.670,0.77575,0.77582,1.00,2.25
2016.10.03 04:05:46.721,0.77575,0.77582,1.00,1.00
2016.10.03 04:05:46.772,0.77575,0.77583,1.00,2.62
2016.10.03 04:05:46.874,0.77573,0.77583,1.50,1.87
2016.10.03 04:05:46.977,0.77573,0.77582,1.00,1.00
2016.10.03 04:05:47.079,0.77572,0.77582,1.00,1.50
2016.10.03 04:05:47.181,0.77572,0.77582,1.00,2.25
2016.10.03 04:05:47.773,0.77572,0.77581,1.00,1.12
2016.10.03 04:05:47.824,0.77572,0.7758,1.00,1.00
2016.10.03 04:05:47.875,0.77572,0.77579,1.00,1.12
2016.10.03 04:05:47.926,0.77572,0.77579,1.00,1.12
2016.10.03 04:05:47.977,0.77568,0.77579,1.12,2.25
2016.10.03 04:05:48.029,0.77568,0.77579,1.12,1.50
2016.10.03 04:05:48.080,0.77569,0.77579,1.00,2.25
2016.10.03 04:05:48.132,0.77569,0.77579,1.00,2.62
2016.10.03 04:05:48.292,0.77567,0.77578,1.12,2.25
2016.10.03 04:05:48.363,0.77567,0.77576,1.12,1.00
2016.10.03 04:05:48.465,0.77566,0.77576,1.87,1.00
2016.10.03 04:05:48.516,0.77566,0.77576,1.87,1.87
2016.10.03 04:05:48.567,0.77566,0.77576,1.37,1.87
2016.10.03 04:05:48.771,0.77565,0.77576,1.00,1.87
2016.10.03 04:05:49.383,0.77565,0.77576,1.00,1.37
2016.10.03 04:05:49.435,0.77565,0.77576,1.00,1.87
2016.10.03 04:05:49.935,0.77567,0.77576,1.00,1.87
2016.10.03 04:05:50.082,0.77567,0.77576,1.00,1.37
2016.10.03 04:05:50.314,0.77567,0.77577,1.00,3.00
2016.10.03 04:05:50.485,0.77567,0.77576,1.50,1.00
2016.10.03 04:05:50.600,0.77567,0.77577,1.50,1.37
2016.10.03 04:05:51.734,0.77567,0.77577,1.50,1.37
2016.10.03 04:05:51.836,0.77567,0.77577,1.50,1.00
2016.10.03 04:05:52.075,0.77567,0.77578,1.00,2.25
2016.10.03 04:05:52.388,0.77568,0.77578,1.00,1.50
2016.10.03 04:05:53.052,0.77568,0.77577,1.00,1.00
2016.10.03 04:05:53.167,0.77568,0.77578,1.00,1.50
2016.10.03 04:05:54.619,0.77568,0.77578,1.00,2.25
2016.10.03 04:05:57.845,0.7757,0.77578,1.00,2.25
2016.10.03 04:05:57.896,0.7757,0.77578,1.00,1.50
2016.10.03 04:06:00.945,0.77568,0.77578,1.00,1.50
2016.10.03 04:06:01.546,0.77567,0.77578,1.50,1.50
2016.10.03 04:06:01.967,0.77568,0.77578,1.00,1.50
2016.10.03 04:06:03.500,0.77568,0.77578,1.12,1.50
2016.10.03 04:06:05.151,0.77567,0.77578,2.25,1.50
2016.10.03 04:06:10.073,0.77567,0.77578,2.25,1.12
2016.10.03 04:06:10.802,0.77568,0.77578,1.12,1.12
2016.10.03 04:06:11.835,0.77568,0.77578,1.12,1.12
2016.10.03 04:06:12.757,0.77568,0.77578,1.12,1.12
2016.10.03 04:06:12.808,0.77568,0.77577,1.12,1.00
2016.10.03 04:06:14.005,0.77568,0.77577,1.00,1.00
2016.10.03 04:06:15.185,0.77568,0.77578,1.00,1.12
2016.10.03 04:06:15.346,0.77568,0.77578,1.00,1.87
2016.10.03 04:06:15.398,0.7757,0.77578,1.50,1.12
2016.10.03 04:06:15.500,0.7757,0.77578,1.50,1.00
2016.10.03 04:06:15.662,0.7757,0.77578,1.50,1.00
2016.10.03 04:06:16.083,0.7757,0.7758,1.87,1.25
2016.10.03 04:06:16.134,0.7757,0.77581,1.87,2.06
2016.10.03 04:06:16.185,0.7757,0.77581,1.00,1.69
2016.10.03 04:06:16.236,0.7757,0.77581,1.00,1.31
2016.10.03 04:06:16.287,0.77571,0.77581,1.00,1.31
2016.10.03 04:06:16.338,0.77571,0.77581,1.00,1.45
2016.10.03 04:06:16.389,0.77571,0.77581,1.00,2.20
2016.10.03 04:06:16.532,0.77571,0.77581,1.00,2.01
2016.10.03 04:06:16.583,0.77571,0.77581,1.00,2.76
2016.10.03 04:06:16.634,0.77571,0.77581,1.00,2.62
2016.10.03 04:06:16.685,0.77571,0.77581,1.00,2.62
2016.10.03 04:06:18.165,0.77571,0.77579,1.00,1.00
2016.10.03 04:06:18.267,0.77571,0.7758,1.00,1.37
2016.10.03 04:06:18.401,0.77571,0.77581,1.00,1.50
2016.10.03 04:06:18.452,0.77571,0.77581,1.00,2.25
2016.10.03 04:06:18.503,0.77571,0.7758,1.00,1.00
2016.10.03 04:06:18.555,0.77571,0.7758,1.00,1.00
2016.10.03 04:06:18.654,0.7757,0.7758,1.00,1.00
2016.10.03 04:06:19.281,0.7757,0.77579,1.00,1.00
2016.10.03 04:06:19.383,0.7757,0.7758,1.00,1.12
2016.10.03 04:06:19.486,0.77569,0.77578,1.00,1.00
2016.10.03 04:06:19.582,0.7757,0.7758,1.00,1.12
2016.10.03 04:06:19.977,0.7757,0.7758,1.00,1.12
2016.10.03 04:06:20.446,0.7757,0.7758,1.50,1.12
2016.10.03 04:06:20.599,0.7757,0.7758,1.00,1.12
2016.10.03 04:06:22.200,0.7757,0.77581,1.50,1.87
2016.10.03 04:06:22.968,0.7757,0.77581,1.50,2.25
2016.10.03 04:06:23.070,0.7757,0.77581,1.50,3.00
2016.10.03 04:06:23.121,0.7757,0.77579,1.50,1.12
2016.10.03 04:06:23.993,0.7757,0.77579,1.00,1.12
2016.10.03 04:06:24.394,0.7757,0.77579,1.00,1.12
2016.10.03 04:06:24.640,0.7757,0.77579,1.00,1.12
2016.10.03 04:06:25.277,0.7757,0.77579,1.00,1.12
2016.10.03 04:06:27.166,0.7757,0.77579,1.00,1.12
2016.10.03 04:06:30.800,0.77569,0.77578,1.50,1.00
2016.10.03 04:06:31.672,0.77568,0.77577,1.00,1.00
2016.10.03 04:06:31.723,0.77568,0.77577,1.00,1.12
2016.10.03 04:06:31.775,0.77567,0.77577,2.14,1.12
2016.10.03 04:06:31.828,0.77567,0.77577,1.02,1.12
2016.10.03 04:06:31.879,0.77567,0.77577,1.02,1.00
2016.10.03 04:06:32.525,0.77567,0.77574,1.02,1.00
2016.10.03 04:06:32.654,0.77567,0.77574,1.00,1.00
2016.10.03 04:06:32.706,0.77566,0.77574,1.12,1.00
2016.10.03 04:06:32.808,0.77565,0.77574,2.14,1.00
2016.10.03 04:06:32.960,0.77565,0.77574,1.87,1.00
2016.10.03 04:06:33.063,0.77565,0.77574,2.14,1.00
2016.10.03 04:06:33.115,0.77565,0.77574,1.39,1.00
2016.10.03 04:06:33.487,0.77565,0.77574,2.89,1.00
2016.10.03 04:06:33.538,0.77565,0.77578,3.37,4.12
2016.10.03 04:06:33.589,0.77565,0.77577,2.62,1.00
2016.10.03 04:06:33.730,0.77565,0.77574,2.62,1.00
2016.10.03 04:06:33.783,0.77563,0.77574,1.87,3.00
2016.10.03 04:06:33.834,0.77561,0.77571,1.87,1.12
2016.10.03 04:06:33.885,0.77561,0.77571,1.12,1.12
2016.10.03 04:06:33.936,0.77561,0.77571,1.12,1.00
2016.10.03 04:06:34.346,0.77561,0.77571,1.87,1.00
2016.10.03 04:06:34.397,0.77561,0.77571,2.62,1.00
2016.10.03 04:06:34.827,0.77561,0.77571,1.00,1.00
2016.10.03 04:06:34.878,0.77559,0.77571,1.31,1.50
2016.10.03 04:06:34.930,0.77559,0.77569,2.06,1.00
2016.10.03 04:06:34.981,0.77559,0.77569,1.87,1.00
2016.10.03 04:06:35.032,0.77559,0.77566,1.12,1.00
2016.10.03 04:06:35.083,0.77558,0.77566,1.37,1.00
2016.10.03 04:06:35.134,0.77557,0.77566,3.00,1.00
2016.10.03 04:06:35.185,0.77557,0.77566,2.62,1.00
2016.10.03 04:06:35.712,0.77558,0.77566,1.00,1.00
2016.10.03 04:06:35.909,0.77557,0.77566,1.87,1.00
2016.10.03 04:06:35.964,0.77557,0.77566,3.37,1.00
2016.10.03 04:06:36.015,0.77557,0.77565,2.62,1.00
2016.10.03 04:06:36.067,0.77557,0.77565,1.87,1.00
2016.10.03 04:06:36.119,0.77557,0.77566,1.12,1.00
2016.10.03 04:06:36.170,0.77557,0.77566,1.00,1.00
2016.10.03 04:06:36.425,0.77557,0.77566,1.50,1.00
2016.10.03 04:06:36.731,0.77557,0.77566,1.87,1.00
2016.10.03 04:06:37.410,0.77558,0.77566,1.00,1.00
2016.10.03 04:06:37.940,0.77558,0.77566,1.50,1.00
2016.10.03 04:06:38.915,0.77558,0.77568,1.00,1.12
2016.10.03 04:06:41.634,0.77558,0.77568,1.50,1.12
2016.10.03 04:06:41.685,0.7756,0.77568,1.00,1.12
2016.10.03 04:06:41.736,0.7756,0.7757,1.00,2.25
2016.10.03 04:06:41.788,0.77561,0.7757,1.00,1.87
2016.10.03 04:06:41.941,0.77561,0.7757,1.00,1.12
2016.10.03 04:06:42.246,0.77561,0.77571,1.00,1.87
2016.10.03 04:06:43.440,0.77561,0.7757,1.00,1.12
2016.10.03 04:06:46.326,0.77561,0.77571,1.00,1.87
2016.10.03 04:06:46.377,0.77561,0.77571,1.00,1.50
2016.10.03 04:06:46.479,0.77561,0.77571,1.00,1.00
2016.10.03 04:06:46.530,0.77561,0.77571,1.00,1.00
2016.10.03 04:06:47.115,0.7756,0.77571,1.00,1.00
2016.10.03 04:06:49.868,0.7756,0.77572,1.50,1.50
2016.10.03 04:06:49.919,0.77562,0.77572,1.00,1.12
2016.10.03 04:06:50.022,0.77562,0.77572,1.00,1.37
2016.10.03 04:06:50.073,0.77564,0.77573,1.00,1.12
2016.10.03 04:06:50.124,0.77564,0.77574,1.00,1.75
2016.10.03 04:06:50.176,0.77564,0.77574,1.00,3.19
2016.10.03 04:06:50.227,0.77562,0.77571,1.87,1.00
2016.10.03 04:06:50.330,0.77562,0.77571,1.00,1.00
2016.10.03 04:06:50.584,0.77562,0.77571,1.00,1.12
2016.10.03 04:06:50.799,0.77561,0.77571,1.00,1.50
2016.10.03 04:06:51.227,0.77559,0.7757,1.50,1.00
2016.10.03 04:06:51.975,0.77559,0.77571,1.00,1.50
2016.10.03 04:06:52.400,0.77559,0.77571,1.00,2.25
2016.10.03 04:06:52.451,0.77559,0.77568,1.00,1.00
2016.10.03 04:06:52.502,0.77558,0.77568,1.12,1.00
2016.10.03 04:06:52.604,0.77557,0.77568,2.25,1.00
2016.10.03 04:06:52.655,0.77558,0.77567,1.00,1.00
2016.10.03 04:06:52.860,0.77556,0.77567,1.69,1.00
2016.10.03 04:06:52.911,0.77556,0.77567,1.69,1.00
2016.10.03 04:06:52.962,0.77556,0.77567,1.69,1.50
2016.10.03 04:06:53.115,0.77556,0.77567,1.25,1.50
2016.10.03 04:06:53.505,0.77556,0.77566,1.25,1.12
2016.10.03 04:06:55.279,0.77555,0.77566,1.69,1.12
2016.10.03 04:06:55.330,0.77555,0.77566,1.50,1.12
2016.10.03 04:06:58.667,0.77555,0.77566,1.87,1.12
2016.10.03 04:06:58.870,0.77556,0.77567,1.37,1.50
2016.10.03 04:06:58.921,0.77556,0.77567,1.87,1.50
2016.10.03 04:06:58.972,0.77556,0.77567,1.87,1.87
2016.10.03 04:06:59.074,0.77557,0.77566,1.37,1.12
2016.10.03 04:06:59.176,0.77557,0.77566,1.37,1.50
2016.10.03 04:06:59.329,0.77557,0.77566,1.37,1.12
2016.10.03 04:07:00.110,0.77557,0.77566,1.37,1.50
2016.10.03 04:07:00.644,0.77556,0.77565,1.87,1.12
2016.10.03 04:07:00.765,0.77556,0.77567,1.87,1.87
2016.10.03 04:07:00.928,0.77556,0.77567,1.37,1.87
2016.10.03 04:07:00.979,0.77555,0.77565,1.50,1.12
2016.10.03 04:07:01.289,0.77554,0.77565,1.25,1.12
2016.10.03 04:07:01.392,0.77554,0.77563,1.25,1.00
2016.10.03 04:07:01.541,0.77554,0.77563,1.25,1.12
2016.10.03 04:07:01.643,0.77554,0.77563,1.00,1.12
2016.10.03 04:07:01.745,0.77552,0.77563,2.25,1.12
2016.10.03 04:07:01.950,0.77551,0.77559,1.12,1.00
2016.10.03 04:07:02.047,0.77551,0.77559,1.00,1.00
2016.10.03 04:07:02.149,0.77549,0.77559,1.25,1.87
2016.10.03 04:07:02.201,0.77549,0.77559,1.25,1.87
2016.10.03 04:07:02.252,0.77549,0.77557,1.25,1.00
2016.10.03 04:07:02.303,0.77549,0.77557,1.00,1.00
2016.10.03 04:07:02.451,0.77546,0.77557,1.00,1.12
2016.10.03 04:07:02.502,0.77545,0.77556,1.69,1.00
2016.10.03 04:07:02.553,0.77546,0.77557,1.00,1.12
2016.10.03 04:07:02.604,0.77545,0.77557,1.69,1.12
2016.10.03 04:07:02.655,0.77547,0.77557,1.19,1.12
2016.10.03 04:07:02.706,0.77547,0.77557,1.69,1.12
2016.10.03 04:07:02.758,0.77546,0.77559,1.31,1.37
2016.10.03 04:07:02.809,0.77547,0.77558,1.00,1.12
2016.10.03 04:07:02.860,0.77546,0.77558,1.00,1.00
2016.10.03 04:07:02.911,0.77547,0.77559,1.50,1.87
2016.10.03 04:07:02.962,0.77548,0.77559,1.25,2.25
2016.10.03 04:07:03.013,0.77547,0.77559,1.19,1.87
2016.10.03 04:07:03.065,0.77547,0.77559,1.19,1.12
2016.10.03 04:07:03.234,0.77548,0.7756,1.25,1.50
2016.10.03 04:07:03.355,0.77548,0.7756,1.25,1.12
2016.10.03 04:07:03.457,0.77548,0.7756,1.25,1.50
2016.10.03 04:07:03.610,0.77548,0.7756,1.69,1.50
2016.10.03 04:07:06.062,0.77548,0.7756,1.69,1.12
2016.10.03 04:07:06.164,0.77548,0.7756,1.69,1.50
2016.10.03 04:07:07.667,0.77549,0.77558,1.00,1.00
2016.10.03 04:07:09.916,0.77549,0.77558,1.00,1.00
2016.10.03 04:07:11.308,0.7755,0.77559,1.00,1.00
2016.10.03 04:07:14.733,0.77548,0.77559,1.50,1.00
2016.10.03 04:07:14.867,0.77548,0.77559,1.50,1.12
2016.10.03 04:07:15.258,0.77548,0.77559,1.69,1.12
2016.10.03 04:07:16.535,0.77549,0.77559,1.00,1.12
2016.10.03 04:07:18.023,0.7755,0.77559,1.00,1.12
2016.10.03 04:07:20.417,0.7755,0.77559,1.50,1.12
2016.10.03 04:07:20.570,0.7755,0.77559,1.50,1.00
2016.10.03 04:07:20.801,0.77551,0.77559,1.00,1.00
2016.10.03 04:07:20.852,0.77551,0.77559,1.50,1.00
2016.10.03 04:07:21.209,0.77551,0.77559,2.25,1.00
2016.10.03 04:07:21.260,0.77551,0.77559,2.62,1.00
2016.10.03 04:07:21.311,0.77551,0.77561,2.62,1.00
2016.10.03 04:07:21.977,0.77551,0.77561,2.25,1.00
2016.10.03 04:07:22.180,0.77551,0.7756,1.12,1.00
2016.10.03 04:07:22.231,0.7755,0.7756,1.87,1.00
2016.10.03 04:07:22.283,0.7755,0.77558,1.12,1.00
2016.10.03 04:07:22.385,0.7755,0.7756,1.12,1.00
2016.10.03 04:07:22.935,0.7755,0.77559,1.12,1.00
2016.10.03 04:07:23.230,0.7755,0.77562,1.12,2.25
2016.10.03 04:07:23.281,0.7755,0.77561,2.81,1.00
2016.10.03 04:07:23.502,0.7755,0.77561,2.62,1.00
2016.10.03 04:07:23.553,0.7755,0.77561,1.87,1.00
2016.10.03 04:07:23.655,0.7755,0.77561,1.87,1.50
2016.10.03 04:07:23.759,0.77551,0.77561,1.00,1.50
2016.10.03 04:07:26.138,0.7755,0.77561,1.87,1.50
2016.10.03 04:07:27.027,0.7755,0.7756,1.87,1.12
2016.10.03 04:07:27.081,0.7755,0.77561,1.87,1.50
2016.10.03 04:07:27.730,0.7755,0.77562,1.87,1.87
2016.10.03 04:07:27.833,0.77551,0.77562,1.00,1.87
2016.10.03 04:07:27.884,0.77551,0.77562,1.00,1.75
2016.10.03 04:07:27.938,0.77551,0.77562,1.00,1.12
2016.10.03 04:07:28.175,0.77551,0.77562,1.00,1.50
2016.10.03 04:07:28.429,0.77551,0.77562,1.00,1.87
2016.10.03 04:07:28.487,0.77551,0.77562,1.00,2.25
2016.10.03 04:07:28.904,0.77552,0.77561,1.00,1.12
2016.10.03 04:07:29.056,0.77552,0.77561,1.00,1.00
2016.10.03 04:07:29.312,0.77551,0.77562,1.00,1.12
2016.10.03 04:07:32.021,0.77551,0.77562,1.87,1.12
2016.10.03 04:07:33.285,0.77551,0.77562,2.62,1.12
2016.10.03 04:07:33.343,0.77551,0.77562,1.87,1.12
2016.10.03 04:07:33.394,0.77552,0.77562,1.00,1.12
2016.10.03 04:07:33.516,0.77552,0.77563,1.50,1.87
2016.10.03 04:07:33.567,0.77552,0.77563,1.87,1.87
2016.10.03 04:07:33.822,0.77553,0.77563,1.00,1.37
2016.10.03 04:07:33.924,0.77552,0.77563,1.87,1.87
2016.10.03 04:07:34.259,0.77552,0.77563,2.62,1.87
2016.10.03 04:07:34.938,0.77554,0.77562,1.00,1.12
2016.10.03 04:07:35.039,0.77554,0.77562,1.00,1.12
2016.10.03 04:07:35.446,0.77554,0.77562,1.00,1.00
2016.10.03 04:07:36.176,0.77554,0.77559,1.00,1.25
2016.10.03 04:07:36.227,0.77552,0.77556,1.00,1.00
2016.10.03 04:07:36.278,0.7755,0.77556,1.00,1.00
2016.10.03 04:07:36.329,0.77546,0.77554,1.50,1.00
2016.10.03 04:07:36.381,0.77544,0.77554,2.25,1.00
2016.10.03 04:07:36.432,0.77544,0.77555,2.25,1.00
2016.10.03 04:07:36.483,0.77544,0.77555,1.37,1.37
2016.10.03 04:07:36.535,0.77545,0.77557,1.00,2.81
2016.10.03 04:07:36.689,0.77545,0.77556,1.00,1.00
2016.10.03 04:07:36.740,0.77545,0.77555,1.00,1.00
2016.10.03 04:07:36.894,0.77545,0.77556,1.00,2.25
2016.10.03 04:07:36.946,0.77545,0.77556,1.00,3.00
2016.10.03 04:07:36.998,0.77545,0.77555,1.00,1.37
2016.10.03 04:07:37.101,0.77545,0.77555,1.00,1.12
2016.10.03 04:07:37.203,0.77543,0.77556,1.50,4.12
2016.10.03 04:07:37.254,0.77543,0.77556,1.87,4.12
2016.10.03 04:07:37.305,0.77543,0.77556,1.87,3.37
2016.10.03 04:07:37.356,0.77543,0.77556,1.87,2.25
2016.10.03 04:07:37.407,0.77543,0.77556,1.87,2.25
2016.10.03 04:07:37.459,0.77543,0.77556,1.12,3.00
2016.10.03 04:07:37.624,0.77542,0.77551,1.87,1.00
2016.10.03 04:07:37.675,0.7754,0.77551,1.87,1.12
2016.10.03 04:07:37.726,0.7754,0.7755,1.87,1.00
2016.10.03 04:07:37.777,0.7754,0.7755,1.87,1.12
2016.10.03 04:07:37.931,0.7754,0.7755,1.87,1.12
2016.10.03 04:07:37.982,0.7754,0.7755,1.87,1.00
2016.10.03 04:07:38.135,0.7754,0.77551,2.62,1.00
2016.10.03 04:07:38.239,0.7754,0.77551,1.50,1.00
2016.10.03 04:07:38.371,0.7754,0.77551,2.62,1.00
2016.10.03 04:07:38.422,0.7754,0.77551,3.00,1.00
2016.10.03 04:07:38.565,0.7754,0.77551,2.25,1.00
2016.10.03 04:07:38.616,0.7754,0.77551,1.87,1.00
2016.10.03 04:07:38.738,0.7754,0.77551,1.87,1.50
2016.10.03 04:07:38.869,0.7754,0.7755,1.87,1.12
2016.10.03 04:07:38.920,0.77543,0.7755,1.00,1.12
2016.10.03 04:07:38.971,0.77543,0.77552,1.00,1.75
2016.10.03 04:07:39.023,0.77544,0.77552,1.50,1.12
2016.10.03 04:07:39.075,0.77544,0.77553,2.62,1.31
2016.10.03 04:07:39.150,0.77543,0.77553,1.37,1.12
2016.10.03 04:07:39.202,0.77543,0.77552,1.37,1.00
2016.10.03 04:07:39.305,0.77543,0.77552,1.37,1.37
2016.10.03 04:07:39.678,0.77542,0.77552,2.62,1.37
2016.10.03 04:07:39.731,0.77542,0.77552,1.87,1.37
2016.10.03 04:07:40.218,0.77542,0.77552,1.37,1.37
2016.10.03 04:07:40.590,0.77542,0.77552,1.87,1.37
2016.10.03 04:07:40.641,0.77542,0.77552,1.12,1.37
2016.10.03 04:07:41.446,0.77542,0.77552,1.87,1.87
2016.10.03 04:07:45.028,0.77542,0.77553,1.12,1.12
2016.10.03 04:07:45.079,0.77544,0.77553,1.00,1.12
2016.10.03 04:07:45.130,0.77545,0.77554,1.00,1.50
2016.10.03 04:07:45.337,0.77547,0.77556,1.00,1.87
2016.10.03 04:07:45.568,0.77547,0.77556,1.12,1.87
2016.10.03 04:07:45.774,0.77546,0.77556,2.62,1.87
2016.10.03 04:07:45.826,0.77546,0.77556,2.62,1.50
2016.10.03 04:07:45.877,0.77546,0.77556,2.62,1.00
2016.10.03 04:07:46.081,0.77547,0.77556,1.87,1.00
2016.10.03 04:07:46.132,0.77547,0.77558,3.37,1.37
2016.10.03 04:07:46.184,0.77547,0.77558,4.12,1.37
2016.10.03 04:07:46.235,0.77547,0.77558,4.12,1.50
2016.10.03 04:07:46.403,0.77547,0.77558,3.37,1.12
2016.10.03 04:07:46.456,0.77547,0.77558,3.37,1.00
2016.10.03 04:07:46.593,0.77548,0.77558,1.00,1.00
2016.10.03 04:07:46.898,0.77549,0.77558,1.50,1.00
2016.10.03 04:07:47.055,0.77549,0.77558,1.00,1.00
2016.10.03 04:07:47.338,0.77548,0.77556,1.00,1.00
2016.10.03 04:07:47.491,0.77547,0.77556,1.12,1.00
2016.10.03 04:07:50.257,0.77547,0.77556,1.87,1.00
2016.10.03 04:07:50.954,0.77547,0.77557,1.87,1.12
2016.10.03 04:07:51.057,0.77547,0.77558,2.62,1.50
2016.10.03 04:07:51.108,0.77548,0.77558,1.00,1.12
2016.10.03 04:07:51.159,0.77548,0.77558,1.00,1.00
2016.10.03 04:07:51.445,0.77548,0.77559,1.00,1.87
2016.10.03 04:07:51.750,0.77548,0.77557,1.00,1.00
2016.10.03 04:07:52.279,0.77548,0.77556,1.00,1.00
2016.10.03 04:07:52.482,0.77546,0.77556,1.87,1.00
2016.10.03 04:07:52.659,0.77547,0.77556,1.00,1.00
2016.10.03 04:07:53.285,0.77547,0.77556,1.12,1.00
2016.10.03 04:07:54.724,0.77547,0.77556,1.00,1.00
2016.10.03 04:07:54.885,0.77547,0.77556,1.12,1.00
2016.10.03 04:07:55.767,0.77547,0.77556,1.00,1.00
2016.10.03 04:07:56.638,0.77547,0.77557,1.00,1.00
2016.10.03 04:07:57.227,0.77547,0.77556,1.00,1.00
2016.10.03 04:07:58.124,0.77547,0.77557,1.00,1.00
2016.10.03 04:07:59.125,0.77547,0.77557,1.50,1.00
2016.10.03 04:08:00.167,0.77547,0.77557,1.00,1.00
2016.10.03 04:08:00.378,0.77547,0.77557,1.50,1.00
2016.10.03 04:08:01.154,0.77549,0.77558,1.00,1.12
2016.10.03 04:08:01.304,0.77548,0.77558,1.00,1.00
2016.10.03 04:08:01.510,0.77548,0.77559,2.25,1.00
2016.10.03 04:08:01.561,0.7755,0.77561,1.00,1.12
2016.10.03 04:08:01.612,0.7755,0.77561,1.00,1.50
2016.10.03 04:08:01.663,0.7755,0.77561,1.00,1.00
2016.10.03 04:08:01.714,0.7755,0.77561,1.12,1.00
2016.10.03 04:08:01.816,0.7755,0.77561,2.25,1.00
2016.10.03 04:08:01.867,0.7755,0.77561,2.25,1.50
2016.10.03 04:08:02.070,0.77551,0.77561,1.00,1.00
2016.10.03 04:08:02.121,0.77551,0.77562,1.00,1.50
2016.10.03 04:08:02.275,0.77551,0.77562,1.00,1.00
2016.10.03 04:08:02.326,0.77551,0.77563,2.06,1.00
2016.10.03 04:08:02.377,0.77554,0.77563,1.50,1.00
2016.10.03 04:08:02.842,0.77555,0.77564,1.00,1.00
2016.10.03 04:08:02.893,0.77555,0.77564,1.50,1.00
2016.10.03 04:08:02.944,0.77557,0.77564,1.00,1.00
2016.10.03 04:08:04.164,0.77556,0.77564,1.00,1.00
2016.10.03 04:08:04.266,0.77555,0.77564,1.50,1.00
2016.10.03 04:08:04.520,0.77555,0.77564,1.00,1.00
2016.10.03 04:08:05.135,0.77554,0.77564,1.00,1.00
2016.10.03 04:08:06.541,0.77554,0.77564,1.00,1.00
2016.10.03 04:08:06.787,0.77554,0.77564,1.00,1.50
2016.10.03 04:08:07.092,0.77554,0.77564,1.00,2.25
2016.10.03 04:08:07.144,0.77554,0.77562,1.00,1.50
2016.10.03 04:08:07.924,0.77554,0.77562,1.00,1.50
2016.10.03 04:08:08.397,0.77554,0.77562,1.00,1.50
2016.10.03 04:08:10.161,0.77553,0.77562,1.00,1.00
2016.10.03 04:08:10.680,0.77553,0.77562,1.00,1.00
2016.10.03 04:08:10.780,0.77555,0.77563,1.00,1.00
2016.10.03 04:08:10.832,0.77555,0.77563,1.00,1.00
2016.10.03 04:08:10.934,0.77556,0.77563,1.00,1.50
2016.10.03 04:08:10.986,0.77552,0.77562,1.75,1.00
2016.10.03 04:08:11.147,0.77552,0.77562,1.00,1.50
2016.10.03 04:08:11.978,0.7755,0.77562,1.00,1.50
2016.10.03 04:08:12.029,0.7755,0.77561,1.00,1.00
2016.10.03 04:08:12.080,0.77549,0.7756,1.00,1.00
2016.10.03 04:08:12.395,0.7755,0.7756,1.00,1.00
2016.10.03 04:08:13.753,0.77549,0.77561,1.00,1.00
2016.10.03 04:08:16.525,0.77549,0.77558,1.00,1.00
2016.10.03 04:08:16.576,0.77548,0.77558,1.00,1.12
2016.10.03 04:08:16.679,0.77547,0.77557,1.00,1.00
2016.10.03 04:08:16.923,0.77547,0.77557,1.00,1.00
2016.10.03 04:08:17.127,0.77547,0.77557,1.00,1.00
2016.10.03 04:08:17.178,0.77547,0.77558,1.00,1.87
2016.10.03 04:08:17.229,0.77547,0.77558,1.00,1.12
2016.10.03 04:08:17.382,0.77549,0.77558,1.00,1.12
2016.10.03 04:08:17.483,0.7755,0.77559,1.00,1.50
2016.10.03 04:08:17.585,0.7755,0.77559,1.00,1.12
2016.10.03 04:08:18.475,0.7755,0.7756,1.00,1.87
2016.10.03 04:08:19.000,0.7755,0.7756,1.00,2.25
2016.10.03 04:08:19.051,0.7755,0.7756,1.00,3.75
2016.10.03 04:08:19.102,0.77548,0.77557,1.00,1.00
2016.10.03 04:08:19.460,0.77546,0.77557,2.44,1.00
2016.10.03 04:08:21.887,0.77546,0.77557,1.69,1.00
2016.10.03 04:08:22.327,0.77546,0.77557,1.19,1.00
2016.10.03 04:08:22.485,0.77544,0.77555,1.69,1.00
2016.10.03 04:08:22.607,0.77544,0.77555,1.50,1.00
2016.10.03 04:08:22.658,0.77545,0.77555,1.00,1.00
2016.10.03 04:08:22.913,0.77545,0.77556,1.50,1.00
2016.10.03 04:08:31.593,0.77545,0.77555,1.00,1.00
2016.10.03 04:08:33.484,0.77545,0.77556,1.50,1.12
2016.10.03 04:08:33.535,0.77545,0.77556,1.50,1.00
2016.10.03 04:08:33.586,0.77545,0.77556,1.50,1.50
2016.10.03 04:08:33.697,0.77545,0.77556,1.50,1.00
2016.10.03 04:08:35.649,0.77545,0.77556,1.00,1.00
2016.10.03 04:08:35.862,0.77545,0.77556,1.00,1.00
2016.10.03 04:08:36.046,0.77545,0.77556,1.00,1.12
2016.10.03 04:08:36.136,0.77545,0.77556,1.00,1.87
2016.10.03 04:08:37.755,0.77547,0.77556,1.00,1.87
2016.10.03 04:08:38.687,0.77546,0.77555,1.00,1.12
2016.10.03 04:08:43.861,0.77546,0.77555,1.00,1.00
2016.10.03 04:08:45.831,0.77546,0.77555,1.00,1.00
2016.10.03 04:08:50.333,0.77546,0.77557,1.00,1.00
2016.10.03 04:08:51.274,0.77546,0.77557,1.25,1.00
2016.10.03 04:08:51.325,0.77545,0.77555,1.19,1.00
2016.10.03 04:08:51.376,0.77545,0.77555,1.69,1.00
2016.10.03 04:08:52.335,0.77545,0.77555,1.19,1.00
2016.10.03 04:08:52.663,0.77545,0.77555,1.69,1.00
2016.10.03 04:08:52.943,0.77545,0.77555,2.44,1.00
2016.10.03 04:08:53.867,0.77545,0.77555,2.44,1.00
2016.10.03 04:08:53.969,0.77545,0.77555,2.44,1.12
2016.10.03 04:08:54.329,0.77545,0.77555,2.44,1.00
2016.10.03 04:08:54.515,0.77545,0.77555,1.69,1.00
2016.10.03 04:08:54.566,0.77545,0.77555,1.19,1.00
2016.10.03 04:08:58.811,0.77545,0.77556,1.19,1.00
2016.10.03 04:08:59.931,0.77545,0.77554,1.19,1.00
2016.10.03 04:09:00.034,0.77546,0.77554,1.25,1.00
2016.10.03 04:09:00.655,0.77546,0.77554,1.00,1.00
2016.10.03 04:09:00.961,0.77545,0.77554,1.00,1.00
2016.10.03 04:09:01.256,0.77546,0.77554,1.00,1.00
2016.10.03 04:09:01.940,0.77545,0.77556,1.25,1.50
2016.10.03 04:09:03.394,0.77545,0.77556,1.25,1.50
2016.10.03 04:09:03.496,0.77546,0.77556,1.00,1.50
2016.10.03 04:09:03.951,0.77546,0.77552,1.00,1.00
2016.10.03 04:09:04.002,0.77545,0.77552,1.25,1.00
2016.10.03 04:09:04.053,0.77545,0.77556,1.25,1.50
2016.10.03 04:09:04.206,0.77545,0.77556,1.25,1.87
2016.10.03 04:09:04.257,0.77544,0.77555,1.50,1.12
2016.10.03 04:09:04.308,0.77544,0.77555,1.00,1.00
2016.10.03 04:09:04.359,0.77543,0.77554,1.50,1.00
2016.10.03 04:09:04.410,0.77543,0.77554,1.12,1.00
2016.10.03 04:09:06.436,0.77543,0.77554,1.50,1.00
2016.10.03 04:09:06.782,0.77543,0.77554,2.25,1.00
2016.10.03 04:09:06.833,0.77545,0.77556,1.00,1.12
2016.10.03 04:09:06.986,0.77545,0.77556,1.00,1.00
2016.10.03 04:09:07.695,0.77545,0.77556,1.00,1.00
2016.10.03 04:09:07.746,0.77545,0.77558,1.87,1.00
2016.10.03 04:09:07.797,0.77546,0.77558,1.12,1.00
2016.10.03 04:09:07.848,0.77547,0.77558,1.50,1.00
2016.10.03 04:09:08.381,0.77547,0.77558,1.87,1.00
2016.10.03 04:09:08.791,0.77548,0.77559,1.00,1.00
2016.10.03 04:09:09.046,0.77546,0.77557,1.50,1.00
2016.10.03 04:09:09.097,0.77546,0.77557,1.00,1.00
2016.10.03 04:09:09.148,0.77545,0.77557,3.37,1.50
2016.10.03 04:09:09.199,0.77545,0.77557,2.62,1.50
2016.10.03 04:09:09.405,0.77545,0.77557,1.87,1.50
2016.10.03 04:09:09.511,0.77545,0.77557,1.50,1.50
2016.10.03 04:09:09.695,0.77545,0.77557,1.00,1.00
2016.10.03 04:09:10.077,0.77545,0.77557,1.12,1.00
2016.10.03 04:09:10.128,0.77545,0.77555,1.12,1.00
2016.10.03 04:09:10.180,0.77544,0.77555,2.25,1.00
2016.10.03 04:09:10.231,0.77544,0.77555,1.87,1.00
2016.10.03 04:09:10.282,0.77544,0.77555,1.50,1.00
2016.10.03 04:09:11.065,0.77545,0.77555,1.00,1.00
2016.10.03 04:09:11.241,0.77544,0.77553,1.12,1.00
2016.10.03 04:09:11.293,0.77544,0.77553,1.00,1.00
2016.10.03 04:09:11.345,0.77542,0.77553,3.94,1.00
2016.10.03 04:09:11.506,0.77542,0.77553,3.19,1.00
2016.10.03 04:09:11.659,0.77542,0.77553,3.94,1.00
2016.10.03 04:09:11.964,0.77542,0.77553,3.19,1.00
2016.10.03 04:09:12.015,0.77542,0.77553,2.81,1.00
2016.10.03 04:09:12.176,0.77541,0.77552,1.87,1.00
2016.10.03 04:09:12.227,0.77541,0.77552,1.00,1.00
2016.10.03 04:09:12.279,0.7754,0.77552,1.87,1.00
2016.10.03 04:09:12.483,0.7754,0.77552,1.50,1.00
2016.10.03 04:09:13.066,0.7754,0.77552,1.00,1.50
2016.10.03 04:09:13.118,0.7754,0.77552,1.00,1.87
2016.10.03 04:09:13.169,0.77539,0.77551,3.37,1.00
2016.10.03 04:09:13.220,0.77539,0.77551,3.75,1.00
2016.10.03 04:09:13.373,0.77539,0.77551,3.37,1.00
2016.10.03 04:09:13.488,0.77539,0.77551,2.62,1.87
2016.10.03 04:09:13.539,0.77539,0.77551,1.87,1.87
2016.10.03 04:09:14.068,0.77538,0.7755,3.00,1.37
2016.10.03 04:09:14.120,0.77539,0.7755,1.50,1.37
2016.10.03 04:09:14.172,0.77541,0.77551,1.00,1.12
2016.10.03 04:09:14.224,0.77541,0.77551,1.00,1.00
2016.10.03 04:09:14.276,0.77541,0.77552,1.00,1.50
2016.10.03 04:09:14.327,0.77541,0.77552,1.00,1.00
2016.10.03 04:09:14.429,0.77541,0.77552,1.50,1.00
2016.10.03 04:09:14.480,0.77544,0.77553,1.12,1.12
2016.10.03 04:09:14.608,0.77545,0.77555,1.37,2.62
2016.10.03 04:09:14.659,0.77546,0.77556,1.87,1.12
2016.10.03 04:09:14.710,0.77546,0.77559,2.62,2.62
2016.10.03 04:09:14.761,0.77548,0.77559,1.00,1.87
2016.10.03 04:09:14.813,0.77548,0.77559,1.00,1.00
2016.10.03 04:09:14.891,0.77548,0.77558,1.00,1.00
2016.10.03 04:09:15.095,0.77548,0.77559,1.00,1.50
2016.10.03 04:09:15.248,0.77547,0.77559,1.12,1.00
2016.10.03 04:09:15.299,0.77547,0.77559,1.00,1.00
2016.10.03 04:09:15.451,0.77547,0.77559,1.00,1.50
2016.10.03 04:09:15.754,0.77547,0.77559,1.00,2.25
2016.10.03 04:09:15.856,0.77546,0.77558,1.50,1.00
2016.10.03 04:09:15.907,0.77546,0.77558,1.12,1.00
2016.10.03 04:09:15.984,0.77546,0.77558,1.00,1.00
2016.10.03 04:09:16.086,0.77548,0.77558,1.00,1.00
2016.10.03 04:09:16.365,0.77548,0.77558,1.00,1.00
2016.10.03 04:09:16.416,0.77548,0.77558,1.00,1.87
2016.10.03 04:09:16.467,0.77545,0.77557,1.25,1.50
2016.10.03 04:09:16.519,0.77544,0.77557,1.31,1.87
2016.10.03 04:09:16.570,0.77544,0.77557,1.31,2.25
2016.10.03 04:09:16.620,0.77544,0.77557,1.19,3.37
2016.10.03 04:09:16.672,0.77544,0.77557,1.56,2.25
2016.10.03 04:09:16.854,0.77544,0.77555,1.69,1.00
2016.10.03 04:09:16.905,0.77543,0.77555,1.50,1.15
2016.10.03 04:09:16.957,0.77541,0.77554,4.12,2.40
2016.10.03 04:09:17.008,0.77543,0.77552,1.00,1.00
2016.10.03 04:09:17.060,0.77542,0.77552,1.37,1.00
2016.10.03 04:09:17.111,0.77541,0.77552,1.00,1.50
2016.10.03 04:09:17.163,0.77541,0.77552,1.00,3.00
2016.10.03 04:09:17.214,0.7754,0.77552,1.37,1.50
2016.10.03 04:09:17.316,0.77539,0.7755,2.44,1.50
2016.10.03 04:09:17.418,0.77539,0.7755,1.25,1.50
2016.10.03 04:09:17.521,0.77538,0.7755,2.44,1.50
2016.10.03 04:09:17.623,0.77539,0.7755,1.62,1.50
2016.10.03 04:09:17.725,0.77538,0.7755,1.31,1.50
2016.10.03 04:09:17.984,0.77537,0.7755,1.69,2.25
2016.10.03 04:09:18.035,0.77536,0.7755,5.62,3.00
2016.10.03 04:09:18.086,0.77536,0.77549,6.00,1.00
2016.10.03 04:09:18.188,0.77536,0.77549,5.62,1.00
2016.10.03 04:09:19.093,0.77537,0.77549,1.37,1.00
2016.10.03 04:09:19.518,0.77536,0.77549,4.50,1.00
2016.10.03 04:09:19.569,0.77536,0.77547,4.12,1.00
2016.10.03 04:09:19.620,0.77537,0.77547,1.37,1.00
2016.10.03 04:09:19.672,0.77537,0.77547,1.87,1.00
2016.10.03 04:09:19.723,0.77537,0.77547,1.00,1.00
2016.10.03 04:09:19.876,0.77535,0.77547,3.37,1.00
2016.10.03 04:09:19.928,0.77536,0.77547,1.37,1.00
2016.10.03 04:09:20.233,0.77535,0.77547,3.75,1.00
2016.10.03 04:09:20.553,0.77535,0.77547,3.00,1.00
2016.10.03 04:09:20.655,0.77536,0.77547,1.12,1.00
2016.10.03 04:09:20.706,0.77536,0.77547,1.00,1.50
2016.10.03 04:09:20.757,0.77535,0.77545,2.25,1.00
2016.10.03 04:09:20.809,0.77536,0.77545,1.00,1.00
2016.10.03 04:09:20.860,0.77536,0.77547,1.00,1.50
2016.10.03 04:09:20.911,0.77535,0.77547,1.12,1.39
2016.10.03 04:09:20.986,0.77535,0.77546,1.12,1.00
2016.10.03 04:09:21.089,0.77534,0.77546,3.37,1.02
2016.10.03 04:09:21.972,0.77535,0.77546,1.12,1.02
2016.10.03 04:09:22.136,0.77535,0.77546,1.12,1.39
2016.10.03 04:09:22.187,0.77535,0.77545,1.12,1.00
2016.10.03 04:09:22.289,0.77535,0.77545,1.12,1.50
2016.10.03 04:09:22.340,0.77535,0.77545,1.00,1.50
2016.10.03 04:09:22.493,0.77535,0.77544,1.00,1.00
2016.10.03 04:09:22.595,0.77535,0.77544,1.00,1.00
2016.10.03 04:09:22.697,0.77535,0.77545,1.00,1.50
2016.10.03 04:09:23.239,0.77533,0.77545,3.00,1.50
2016.10.03 04:09:24.147,0.77534,0.77545,1.12,1.50
2016.10.03 04:09:24.198,0.77534,0.77545,1.00,1.50
2016.10.03 04:09:25.375,0.77535,0.77545,1.00,1.00
2016.10.03 04:09:26.376,0.77535,0.77544,1.00,1.00
2016.10.03 04:09:26.496,0.77535,0.77544,1.00,1.27
2016.10.03 04:09:26.599,0.77533,0.77544,2.62,1.02
2016.10.03 04:09:26.752,0.77533,0.77544,1.87,1.02
2016.10.03 04:09:26.854,0.77533,0.77544,2.25,1.02
2016.10.03 04:09:27.014,0.77533,0.77544,1.87,1.02
2016.10.03 04:09:27.167,0.77533,0.77544,1.12,1.77
2016.10.03 04:09:27.379,0.77535,0.77544,1.00,1.77
2016.10.03 04:09:28.056,0.77533,0.77542,1.00,1.50
2016.10.03 04:09:28.108,0.77533,0.77542,1.00,1.77
2016.10.03 04:09:28.159,0.77532,0.77542,1.50,1.77
2016.10.03 04:09:28.210,0.77532,0.77542,1.12,1.77
2016.10.03 04:09:28.261,0.77533,0.77542,1.50,1.27
2016.10.03 04:09:28.352,0.77533,0.77542,1.50,1.00
2016.10.03 04:09:28.404,0.77533,0.77543,1.50,1.06
2016.10.03 04:09:28.456,0.77533,0.77543,1.50,1.06
2016.10.03 04:09:28.507,0.77533,0.77545,2.25,2.14
2016.10.03 04:09:28.557,0.77533,0.77545,2.25,2.89
2016.10.03 04:09:28.608,0.77533,0.77545,2.62,2.52
2016.10.03 04:09:28.761,0.77533,0.77545,2.25,2.52
2016.10.03 04:09:28.812,0.77533,0.77545,2.62,2.52
2016.10.03 04:09:28.863,0.77533,0.77544,2.62,1.27
2016.10.03 04:09:29.033,0.77534,0.77544,1.37,1.00
2016.10.03 04:09:29.085,0.77535,0.77547,1.87,1.77
2016.10.03 04:09:29.136,0.77535,0.77547,1.87,1.77
2016.10.03 04:09:29.238,0.77535,0.77547,1.50,1.77
2016.10.03 04:09:29.289,0.77536,0.77547,1.00,1.77
2016.10.03 04:09:30.373,0.77536,0.77547,1.00,1.02
2016.10.03 04:09:31.178,0.77536,0.77547,1.00,1.02
2016.10.03 04:09:31.620,0.77536,0.77547,1.00,2.14
2016.10.03 04:09:31.765,0.77536,0.77546,1.00,1.50
2016.10.03 04:09:31.817,0.77533,0.77545,2.62,1.39
2016.10.03 04:09:31.869,0.77533,0.77545,1.87,1.27
2016.10.03 04:09:31.920,0.77533,0.77545,3.00,1.27
2016.10.03 04:09:32.022,0.77533,0.77545,2.62,1.37
2016.10.03 04:09:32.073,0.77533,0.77545,2.62,1.87
2016.10.03 04:09:33.501,0.77535,0.77544,1.00,1.12
2016.10.03 04:09:33.603,0.77535,0.77544,1.00,1.00
2016.10.03 04:09:33.705,0.77536,0.77546,1.00,1.87
2016.10.03 04:09:33.807,0.77537,0.77548,1.50,2.81
2016.10.03 04:09:33.859,0.77537,0.77548,1.50,2.06
2016.10.03 04:09:34.368,0.77536,0.77547,1.75,1.37
2016.10.03 04:09:34.489,0.77536,0.77546,1.00,1.12
2016.10.03 04:09:34.543,0.77535,0.77546,1.37,1.37
2016.10.03 04:09:34.596,0.77534,0.77546,2.25,1.87
2016.10.03 04:09:35.421,0.77534,0.77546,1.87,1.87
2016.10.03 04:09:35.533,0.77534,0.77546,1.12,1.87
2016.10.03 04:09:36.739,0.77534,0.77546,1.50,1.87
2016.10.03 04:09:37.063,0.77534,0.77545,1.50,1.37
2016.10.03 04:09:37.267,0.77534,0.77546,1.50,2.62
2016.10.03 04:09:37.319,0.77534,0.77546,1.12,2.52
2016.10.03 04:09:37.478,0.77534,0.77545,1.12,1.27
2016.10.03 04:09:37.631,0.77534,0.77545,1.00,1.02
2016.10.03 04:09:37.733,0.77534,0.77545,1.12,1.00
2016.10.03 04:09:37.785,0.77535,0.77546,1.50,1.12
2016.10.03 04:09:37.887,0.77535,0.77546,2.62,1.00
2016.10.03 04:09:37.988,0.77536,0.77546,1.37,1.00
2016.10.03 04:09:38.065,0.77536,0.77547,1.37,1.87
2016.10.03 04:09:38.116,0.77535,0.77547,2.25,1.87
2016.10.03 04:09:38.286,0.77535,0.77546,2.25,1.00
2016.10.03 04:09:38.812,0.77536,0.77546,1.00,1.00
2016.10.03 04:09:39.798,0.77537,0.77546,1.00,1.00
2016.10.03 04:09:39.849,0.77537,0.77546,1.00,1.12
2016.10.03 04:09:47.551,0.77537,0.77546,1.00,1.00
2016.10.03 04:09:48.603,0.77537,0.77547,1.00,2.06
2016.10.03 04:09:48.945,0.77537,0.77547,1.00,2.81
2016.10.03 04:09:48.996,0.77536,0.77545,1.00,1.00
2016.10.03 04:09:49.199,0.77536,0.77546,1.00,1.25
2016.10.03 04:09:50.110,0.77537,0.77546,1.00,1.25
2016.10.03 04:09:51.102,0.77536,0.77546,1.00,1.25
2016.10.03 04:09:53.298,0.77536,0.77547,1.00,3.94
2016.10.03 04:09:53.414,0.77536,0.77546,1.00,1.25
2016.10.03 04:09:53.678,0.77536,0.77547,1.00,3.19
2016.10.03 04:09:53.933,0.77536,0.77547,1.00,2.44
2016.10.03 04:09:55.683,0.77536,0.77545,1.00,1.00
2016.10.03 04:09:55.880,0.77536,0.77546,1.00,1.25
2016.10.03 04:09:58.584,0.77536,0.77547,1.00,1.58
2016.10.03 04:09:59.233,0.77536,0.77547,1.12,1.58
2016.10.03 04:09:59.335,0.77535,0.77547,2.25,1.58
2016.10.03 04:10:01.820,0.77535,0.77547,2.25,1.69
2016.10.03 04:10:01.871,0.77535,0.77547,1.50,1.69
2016.10.03 04:10:02.408,0.77535,0.77547,1.50,1.69
2016.10.03 04:10:06.275,0.77535,0.77547,1.50,1.69
2016.10.03 04:10:06.326,0.77535,0.77547,1.50,1.31
2016.10.03 04:10:11.831,0.77535,0.77547,1.87,1.31
2016.10.03 04:10:12.177,0.77535,0.77547,1.50,2.06
2016.10.03 04:10:12.363,0.77535,0.77546,1.12,1.37
2016.10.03 04:10:16.906,0.77535,0.77546,1.12,1.00
2016.10.03 04:10:16.957,0.77535,0.77547,1.12,2.25
2016.10.03 04:10:20.073,0.77535,0.77547,1.12,1.87
2016.10.03 04:10:23.843,0.77536,0.77547,1.00,1.87
2016.10.03 04:10:24.611,0.77537,0.77548,1.00,2.81
2016.10.03 04:10:24.752,0.77538,0.77549,1.00,2.44
2016.10.03 04:10:24.803,0.77539,0.77549,1.00,1.00
2016.10.03 04:10:24.854,0.77542,0.77552,1.00,1.87
2016.10.03 04:10:24.905,0.77542,0.77552,1.00,1.87
2016.10.03 04:10:24.956,0.77542,0.77552,1.12,1.00
2016.10.03 04:10:25.054,0.77539,0.77545,2.62,1.00
2016.10.03 04:10:25.105,0.77539,0.77546,1.50,2.02
2016.10.03 04:10:25.156,0.77538,0.77544,1.00,1.87
2016.10.03 04:10:25.207,0.77534,0.77544,1.37,1.87
2016.10.03 04:10:25.258,0.77534,0.77544,1.12,1.87
2016.10.03 04:10:25.309,0.77534,0.77544,1.12,1.87
2016.10.03 04:10:25.435,0.77534,0.77544,1.72,2.62
2016.10.03 04:10:25.487,0.77534,0.77543,1.35,1.00
2016.10.03 04:10:25.538,0.77534,0.77543,1.00,1.00
2016.10.03 04:10:25.640,0.77534,0.77542,1.00,1.00
2016.10.03 04:10:25.691,0.77532,0.77542,1.69,1.00
2016.10.03 04:10:25.793,0.77532,0.77542,1.62,1.00
2016.10.03 04:10:26.396,0.77532,0.77543,1.62,1.50
2016.10.03 04:10:26.775,0.77532,0.77543,1.31,1.50
2016.10.03 04:10:28.035,0.77532,0.77543,1.25,1.50
2016.10.03 04:10:28.689,0.77533,0.77543,1.00,1.00
2016.10.03 04:10:28.740,0.77533,0.77544,2.06,1.50
2016.10.03 04:10:28.791,0.77534,0.77544,1.69,1.00
2016.10.03 04:10:28.843,0.77534,0.77545,2.06,2.25
2016.10.03 04:10:28.895,0.77534,0.77546,1.69,1.65
2016.10.03 04:10:28.999,0.77534,0.77545,1.69,1.12
2016.10.03 04:10:29.051,0.77535,0.77544,1.00,1.00
2016.10.03 04:10:29.349,0.77535,0.77543,1.00,1.00
2016.10.03 04:10:29.400,0.77533,0.77544,1.00,1.00
2016.10.03 04:10:29.675,0.77533,0.77544,1.00,1.00
2016.10.03 04:10:29.929,0.77533,0.77544,1.00,1.00
2016.10.03 04:10:30.108,0.77533,0.77544,1.00,1.00
2016.10.03 04:10:30.159,0.77533,0.77544,1.50,1.00
2016.10.03 04:10:30.210,0.77533,0.77544,1.50,1.00
2016.10.03 04:10:31.108,0.77533,0.77544,1.50,1.00
2016.10.03 04:10:33.004,0.77533,0.77544,1.00,1.12
2016.10.03 04:10:33.210,0.77533,0.77544,1.50,1.12
2016.10.03 04:10:33.665,0.77533,0.77544,1.00,1.12
2016.10.03 04:10:33.716,0.77533,0.77544,1.00,1.12
2016.10.03 04:10:33.971,0.77533,0.77544,1.00,1.75
2016.10.03 04:10:34.021,0.77533,0.77542,1.00,1.00
2016.10.03 04:10:37.696,0.77533,0.77543,1.00,1.37
2016.10.03 04:10:37.851,0.77533,0.77544,1.00,1.87
2016.10.03 04:10:38.004,0.77533,0.77543,1.00,1.12
2016.10.03 04:10:39.247,0.77533,0.77543,1.00,1.12
2016.10.03 04:10:39.396,0.77531,0.77543,2.25,1.12
2016.10.03 04:10:39.447,0.77531,0.77543,1.50,1.87
2016.10.03 04:10:39.498,0.77531,0.77543,1.50,2.62
2016.10.03 04:10:39.913,0.77531,0.77543,1.00,2.62
2016.10.03 04:10:39.964,0.77531,0.77543,1.00,3.00
2016.10.03 04:10:40.251,0.77531,0.77542,1.00,1.12
2016.10.03 04:10:40.302,0.77531,0.7754,1.00,1.00
2016.10.03 04:10:40.557,0.77531,0.7754,1.00,1.00
2016.10.03 04:10:44.076,0.7753,0.7754,1.25,1.00
2016.10.03 04:10:50.087,0.77529,0.7754,1.19,1.00
2016.10.03 04:10:50.138,0.77529,0.7754,1.19,1.00
2016.10.03 04:10:50.189,0.77528,0.7754,3.56,1.00
2016.10.03 04:10:50.240,0.77528,0.7754,2.06,1.00
2016.10.03 04:10:50.291,0.77529,0.77539,1.00,1.00
2016.10.03 04:10:50.394,0.77529,0.77539,1.00,1.00
2016.10.03 04:10:50.560,0.77529,0.77539,1.00,1.50
2016.10.03 04:10:50.611,0.77527,0.77537,1.31,1.00
2016.10.03 04:10:50.662,0.77527,0.77537,1.19,1.00
2016.10.03 04:10:51.244,0.77527,0.77537,1.19,1.00
2016.10.03 04:10:51.295,0.77526,0.77537,1.37,1.00
2016.10.03 04:10:51.397,0.77526,0.77537,1.12,1.50
2016.10.03 04:10:51.499,0.77526,0.77537,1.00,1.50
2016.10.03 04:10:51.601,0.77526,0.77537,1.00,2.25
2016.10.03 04:10:51.652,0.77526,0.77537,1.00,1.50
2016.10.03 04:10:51.703,0.77526,0.77537,1.12,1.50
2016.10.03 04:10:51.805,0.77526,0.77537,1.50,1.50
2016.10.03 04:10:54.171,0.77526,0.77537,2.25,1.50
2016.10.03 04:10:54.331,0.77528,0.77537,1.00,1.50
2016.10.03 04:10:55.028,0.77529,0.77537,1.00,1.00
2016.10.03 04:10:55.122,0.77529,0.77539,1.00,1.12
2016.10.03 04:10:55.173,0.77529,0.7754,1.25,1.87
2016.10.03 04:10:55.224,0.77531,0.7754,1.00,1.50
2016.10.03 04:10:55.326,0.77531,0.7754,1.00,1.00
2016.10.03 04:10:55.989,0.77529,0.77542,1.69,1.50
2016.10.03 04:10:56.178,0.77529,0.77542,1.31,1.12
2016.10.03 04:10:57.185,0.77529,0.77542,2.06,1.12
2016.10.03 04:10:57.592,0.7753,0.77542,1.00,1.12
2016.10.03 04:10:57.693,0.7753,0.77542,1.12,1.12
2016.10.03 04:11:00.087,0.77531,0.77542,1.00,1.12
2016.10.03 04:11:00.138,0.7753,0.77542,1.87,1.12
2016.10.03 04:11:00.292,0.77532,0.77542,1.00,1.12
2016.10.03 04:11:00.343,0.77532,0.77543,1.00,1.87
2016.10.03 04:11:00.936,0.77532,0.77543,1.00,1.12
2016.10.03 04:11:03.848,0.77532,0.77543,1.50,1.12
2016.10.03 04:11:03.900,0.77533,0.77543,1.00,1.12
2016.10.03 04:11:04.104,0.77534,0.77544,1.00,2.06
2016.10.03 04:11:04.156,0.77536,0.77543,1.00,1.00
2016.10.03 04:11:04.207,0.77537,0.77546,1.00,1.87
2016.10.03 04:11:04.258,0.77538,0.77546,1.00,1.12
2016.10.03 04:11:04.311,0.77538,0.77547,1.00,1.50
2016.10.03 04:11:04.362,0.77538,0.77547,1.00,1.00
2016.10.03 04:11:04.414,0.77538,0.77548,1.50,1.87
2016.10.03 04:11:04.833,0.77538,0.77548,2.25,1.87
2016.10.03 04:11:12.125,0.77538,0.77548,1.50,1.37
2016.10.03 04:11:12.176,0.77537,0.77548,1.75,1.37
2016.10.03 04:11:12.228,0.77535,0.77543,1.87,1.00
2016.10.03 04:11:12.279,0.77535,0.77543,1.12,1.50
2016.10.03 04:11:12.331,0.77534,0.77542,1.87,1.00
2016.10.03 04:11:12.382,0.77534,0.77542,1.87,1.00
2016.10.03 04:11:12.433,0.77533,0.77541,1.00,1.00
2016.10.03 04:11:12.484,0.77532,0.77541,1.50,1.00
2016.10.03 04:11:12.535,0.77532,0.77541,1.12,1.00
2016.10.03 04:11:12.638,0.77533,0.77541,1.00,1.00
2016.10.03 04:11:13.171,0.77533,0.77542,1.00,1.00
2016.10.03 04:11:13.225,0.77533,0.77542,1.00,1.12
2016.10.03 04:11:13.377,0.77533,0.77542,1.00,1.12
2016.10.03 04:11:13.428,0.77533,0.77544,1.00,1.87
2016.10.03 04:11:13.480,0.77533,0.77544,1.00,1.12
2016.10.03 04:11:13.531,0.77533,0.77545,1.12,2.62
2016.10.03 04:11:13.582,0.77533,0.77545,1.12,2.62
2016.10.03 04:11:13.633,0.77532,0.77545,1.75,2.62
2016.10.03 04:11:14.525,0.77532,0.77545,2.25,2.62
2016.10.03 04:11:15.506,0.77534,0.77545,1.75,2.62
2016.10.03 04:11:15.557,0.77534,0.77545,1.75,1.87
2016.10.03 04:11:15.795,0.77534,0.77545,1.75,1.37
2016.10.03 04:11:17.817,0.77534,0.77544,2.25,1.12
2016.10.03 04:11:20.005,0.77534,0.77544,2.25,1.12
2016.10.03 04:11:20.261,0.77534,0.77543,1.50,1.00
2016.10.03 04:11:22.823,0.77533,0.77541,1.75,1.00
2016.10.03 04:11:22.874,0.77532,0.77541,1.87,1.00
2016.10.03 04:11:22.925,0.77532,0.77542,1.37,1.50
2016.10.03 04:11:22.976,0.77532,0.77541,1.87,1.00
2016.10.03 04:11:23.027,0.77532,0.77541,1.50,1.12
2016.10.03 04:11:23.129,0.7753,0.77541,3.00,1.12
2016.10.03 04:11:23.180,0.7753,0.77541,2.25,1.12
2016.10.03 04:11:23.694,0.7753,0.7754,2.25,1.00
2016.10.03 04:11:23.956,0.7753,0.7754,2.25,1.50
2016.10.03 04:11:25.169,0.7753,0.7754,1.50,1.50
2016.10.03 04:11:29.656,0.7753,0.77538,1.50,1.00
2016.10.03 04:11:30.118,0.77529,0.77539,1.75,1.00
2016.10.03 04:11:30.241,0.77528,0.77535,2.06,1.00
2016.10.03 04:11:30.293,0.77528,0.77535,2.06,1.00
2016.10.03 04:11:30.345,0.77527,0.77536,1.12,1.50
2016.10.03 04:11:30.396,0.77526,0.77535,1.12,1.00
2016.10.03 04:11:30.448,0.77526,0.77535,1.12,1.50
2016.10.03 04:11:30.666,0.77524,0.77534,2.89,1.00
2016.10.03 04:11:30.718,0.77524,0.77533,1.39,1.00
2016.10.03 04:11:30.770,0.77523,0.77532,2.89,1.50
2016.10.03 04:11:30.821,0.77523,0.77532,1.27,1.50
2016.10.03 04:11:30.873,0.77522,0.77532,2.06,1.50
2016.10.03 04:11:30.924,0.77521,0.77532,2.25,1.50
2016.10.03 04:11:30.975,0.77521,0.77529,1.00,1.00
2016.10.03 04:11:31.077,0.77518,0.77529,2.33,1.87
2016.10.03 04:11:31.128,0.77518,0.77529,1.52,1.87
2016.10.03 04:11:31.257,0.77518,0.77529,1.52,1.50
2016.10.03 04:11:31.358,0.77524,0.77534,1.02,1.31
2016.10.03 04:11:31.409,0.77524,0.77534,1.64,1.25
2016.10.03 04:11:31.460,0.77524,0.77534,1.64,1.00
2016.10.03 04:11:31.511,0.77522,0.77535,5.89,1.87
2016.10.03 04:11:31.613,0.77523,0.77535,1.39,1.87
2016.10.03 04:11:31.919,0.77523,0.77535,1.39,1.12
2016.10.03 04:11:32.141,0.77523,0.77536,2.89,2.25
2016.10.03 04:11:32.681,0.77523,0.77536,4.39,2.25
2016.10.03 04:11:33.118,0.77523,0.77533,4.39,1.00
2016.10.03 04:11:33.416,0.77523,0.77533,2.52,1.00
2016.10.03 04:11:33.518,0.77523,0.77533,2.52,1.12
2016.10.03 04:11:34.513,0.77523,0.77534,1.77,1.50
2016.10.03 04:11:34.674,0.77523,0.77535,1.77,1.87
2016.10.03 04:11:34.725,0.77523,0.77535,2.89,1.87
2016.10.03 04:11:35.274,0.77523,0.77534,2.89,1.50
2016.10.03 04:11:35.687,0.77523,0.77534,3.64,1.50
2016.10.03 04:11:35.738,0.77524,0.77534,1.87,1.50
2016.10.03 04:11:36.021,0.77524,0.77534,1.12,1.50
2016.10.03 04:11:36.123,0.77524,0.77534,1.12,1.75
2016.10.03 04:11:36.174,0.77524,0.77532,1.12,1.37
2016.10.03 04:11:36.269,0.77523,0.77532,2.89,1.87
2016.10.03 04:11:36.320,0.77523,0.77532,1.77,1.87
2016.10.03 04:11:36.474,0.77523,0.77532,1.02,1.00
2016.10.03 04:11:37.014,0.77523,0.77533,1.39,1.00
2016.10.03 04:11:39.679,0.77523,0.77533,1.39,1.87
2016.10.03 04:11:41.389,0.77523,0.77533,1.39,1.37
2016.10.03 04:11:41.440,0.77523,0.77533,1.02,1.37
2016.10.03 04:11:41.677,0.77523,0.77533,1.77,1.37
2016.10.03 04:11:41.728,0.77523,0.77533,2.14,1.37
2016.10.03 04:11:41.834,0.77523,0.77534,2.14,2.06
2016.10.03 04:11:41.885,0.77523,0.77534,2.14,1.25
2016.10.03 04:11:41.936,0.77523,0.77534,2.89,1.25
2016.10.03 04:11:44.094,0.77523,0.77534,3.64,1.25
2016.10.03 04:11:44.196,0.77523,0.77534,2.89,1.25
2016.10.03 04:11:45.984,0.77523,0.77533,2.89,1.00
2016.10.03 04:11:46.390,0.77523,0.77534,2.89,1.25
2016.10.03 04:11:46.734,0.77523,0.77534,2.14,1.25
2016.10.03 04:11:47.016,0.77523,0.77534,1.39,1.25
2016.10.03 04:11:47.067,0.77523,0.77532,1.02,1.00
2016.10.03 04:11:47.219,0.77523,0.77532,1.02,1.00
2016.10.03 04:11:47.780,0.77523,0.77532,1.39,1.00
2016.10.03 04:11:48.985,0.77522,0.77533,2.14,1.00
2016.10.03 04:11:50.186,0.77523,0.77533,1.39,1.00
2016.10.03 04:11:51.185,0.77523,0.77533,1.02,1.00
2016.10.03 04:11:51.260,0.77523,0.77533,1.02,1.00
2016.10.03 04:11:54.533,0.77523,0.77533,1.02,1.00
2016.10.03 04:11:54.693,0.77523,0.77534,1.02,1.00
2016.10.03 04:11:55.284,0.77523,0.77534,1.75,1.00
2016.10.03 04:11:55.644,0.77523,0.77534,2.25,1.00
2016.10.03 04:11:55.976,0.77523,0.77534,1.77,1.00
2016.10.03 04:11:56.078,0.77523,0.77536,1.50,2.44
2016.10.03 04:11:56.180,0.77523,0.77535,1.50,1.31
2016.10.03 04:11:57.070,0.77522,0.77533,1.50,1.00
2016.10.03 04:11:58.109,0.77524,0.77533,1.00,1.00
2016.10.03 04:11:58.251,0.77524,0.77533,1.00,1.00
2016.10.03 04:12:01.088,0.77522,0.77534,2.89,1.00
2016.10.03 04:12:01.139,0.77522,0.77534,4.39,1.00
2016.10.03 04:12:01.190,0.77523,0.77536,1.39,1.31
2016.10.03 04:12:01.241,0.77524,0.77536,1.00,1.31
2016.10.03 04:12:01.315,0.77525,0.77537,1.00,1.00
2016.10.03 04:12:01.514,0.77525,0.77538,2.14,1.00
2016.10.03 04:12:01.667,0.77525,0.77538,2.52,1.00
2016.10.03 04:12:01.718,0.77526,0.77538,1.00,1.00
2016.10.03 04:12:02.023,0.77526,0.77538,1.50,1.00
2016.10.03 04:12:02.074,0.77527,0.77539,1.00,1.31
2016.10.03 04:12:02.677,0.77526,0.77537,1.00,1.00
2016.10.03 04:12:02.780,0.77525,0.77537,2.14,1.00
2016.10.03 04:12:02.831,0.77525,0.77537,1.87,1.00
2016.10.03 04:12:02.882,0.77525,0.77537,1.50,1.00
2016.10.03 04:12:02.933,0.77525,0.77537,1.50,1.50
2016.10.03 04:12:03.060,0.77525,0.77537,1.50,2.62
2016.10.03 04:12:03.112,0.77525,0.77537,1.00,2.62
2016.10.03 04:12:03.786,0.77524,0.77537,1.77,2.62
2016.10.03 04:12:03.837,0.77524,0.77537,1.02,2.62
2016.10.03 04:12:03.888,0.77523,0.77535,3.27,1.00
2016.10.03 04:12:03.990,0.77523,0.77535,2.52,1.00
2016.10.03 04:12:04.273,0.77524,0.77535,1.02,1.00
2016.10.03 04:12:04.325,0.77523,0.77535,1.27,1.00
2016.10.03 04:12:04.427,0.77523,0.77535,1.02,1.00
2016.10.03 04:12:04.965,0.77523,0.77535,1.02,1.87
2016.10.03 04:12:05.418,0.77523,0.77535,1.02,1.87
2016.10.03 04:12:05.469,0.77523,0.77535,1.02,1.00
2016.10.03 04:12:06.917,0.77523,0.77535,1.27,1.00
2016.10.03 04:12:07.834,0.77523,0.77535,1.00,1.00
2016.10.03 04:12:16.927,0.77523,0.77535,1.00,1.12
2016.10.03 04:12:17.656,0.77523,0.77535,1.00,1.50
2016.10.03 04:12:17.758,0.77523,0.77535,1.00,1.12
2016.10.03 04:12:21.032,0.77523,0.77535,1.50,1.12
2016.10.03 04:12:22.371,0.77523,0.77535,1.69,1.12
2016.10.03 04:12:29.453,0.77523,0.77535,2.44,1.12
2016.10.03 04:12:30.138,0.77523,0.77535,2.44,1.87
2016.10.03 04:12:30.345,0.77523,0.77535,2.44,1.12
2016.10.03 04:12:33.410,0.77524,0.77535,1.69,1.12
2016.10.03 04:12:33.461,0.77524,0.77536,2.44,4.50
2016.10.03 04:12:33.513,0.77524,0.77536,2.44,2.62
2016.10.03 04:12:33.771,0.77526,0.77536,1.00,1.12
2016.10.03 04:12:33.823,0.77526,0.77536,1.00,1.00
2016.10.03 04:12:34.140,0.77528,0.77537,1.00,1.50
2016.10.03 04:12:34.243,0.77526,0.77537,1.25,1.00
2016.10.03 04:12:34.294,0.77526,0.77537,1.00,1.00
2016.10.03 04:12:34.345,0.77526,0.77537,1.50,1.00
2016.10.03 04:12:34.650,0.77526,0.77538,1.50,2.62
2016.10.03 04:12:35.747,0.77526,0.77537,1.50,1.12
2016.10.03 04:12:36.696,0.77526,0.77537,1.50,1.12
2016.10.03 04:12:36.747,0.77526,0.77538,1.50,2.62
2016.10.03 04:12:40.420,0.77526,0.77537,1.50,1.12
2016.10.03 04:12:42.259,0.77526,0.77537,1.50,1.00
2016.10.03 04:12:45.823,0.77526,0.77538,1.69,1.00
2016.10.03 04:12:45.875,0.77528,0.77539,1.00,1.87
2016.10.03 04:12:46.078,0.77528,0.77539,1.00,1.87
2016.10.03 04:12:52.304,0.77528,0.77539,1.00,2.62
2016.10.03 04:12:57.331,0.77528,0.77539,1.00,3.00
2016.10.03 04:12:57.440,0.77528,0.77539,1.00,2.62
2016.10.03 04:12:58.739,0.77528,0.77539,1.00,1.87
2016.10.03 04:12:59.039,0.77527,0.77539,3.19,1.87
2016.10.03 04:12:59.091,0.77527,0.77539,3.56,1.12
2016.10.03 04:12:59.142,0.77527,0.77539,2.81,1.12
2016.10.03 04:12:59.194,0.77527,0.77539,2.81,1.00
2016.10.03 04:13:00.556,0.77531,0.7754,1.00,1.50
2016.10.03 04:13:00.607,0.77531,0.7754,1.00,1.00
2016.10.03 04:13:00.659,0.7753,0.77541,1.00,1.50
2016.10.03 04:13:00.761,0.7753,0.77541,1.12,1.50
2016.10.03 04:13:00.863,0.7753,0.77541,1.00,1.12
2016.10.03 04:13:01.067,0.7753,0.77541,1.00,1.87
2016.10.03 04:13:01.220,0.77529,0.7754,1.12,1.00
2016.10.03 04:13:01.272,0.77529,0.7754,1.50,1.00
2016.10.03 04:13:01.374,0.77529,0.77541,1.00,3.37
2016.10.03 04:13:01.810,0.77529,0.77541,1.00,2.62
2016.10.03 04:13:02.594,0.7753,0.7754,1.12,1.00
2016.10.03 04:13:04.259,0.77528,0.7754,2.06,1.00
2016.10.03 04:13:04.430,0.77527,0.7754,3.56,1.00
2016.10.03 04:13:04.481,0.77527,0.7754,3.94,1.00
2016.10.03 04:13:04.961,0.77528,0.7754,2.00,1.00
2016.10.03 04:13:05.500,0.77528,0.7754,1.31,1.00
2016.10.03 04:13:06.305,0.77528,0.7754,2.06,1.00
2016.10.03 04:13:08.222,0.77528,0.7754,1.31,1.00
2016.10.03 04:13:12.788,0.77528,0.77539,1.31,1.00
2016.10.03 04:13:15.718,0.77528,0.77539,2.06,1.00
2016.10.03 04:13:15.769,0.77529,0.77541,1.00,1.50
2016.10.03 04:13:15.931,0.77529,0.77541,1.00,1.12
2016.10.03 04:13:15.982,0.77529,0.77541,2.06,1.12
2016.10.03 04:13:16.965,0.77529,0.77542,1.31,2.25
2016.10.03 04:13:17.315,0.77529,0.77542,1.31,1.50
2016.10.03 04:13:17.528,0.77529,0.77542,1.31,1.37
2016.10.03 04:13:18.101,0.77529,0.77542,1.69,1.00
2016.10.03 04:13:18.216,0.77529,0.77542,1.69,1.12
2016.10.03 04:13:18.952,0.77529,0.77542,1.69,1.00
2016.10.03 04:13:19.353,0.77529,0.77542,2.44,1.12
2016.10.03 04:13:19.404,0.7753,0.77542,1.00,1.87
2016.10.03 04:13:19.455,0.7753,0.77542,1.50,1.50
2016.10.03 04:13:19.867,0.77529,0.7754,2.81,1.00
2016.10.03 04:13:19.918,0.77529,0.7754,2.44,1.00
2016.10.03 04:13:20.020,0.77529,0.7754,2.25,1.00
2016.10.03 04:13:20.071,0.77529,0.7754,1.50,1.00
2016.10.03 04:13:20.244,0.77529,0.7754,1.12,1.00
2016.10.03 04:13:20.295,0.7753,0.77541,1.00,2.62
2016.10.03 04:13:20.522,0.7753,0.77541,1.00,4.50
2016.10.03 04:13:20.868,0.77529,0.7754,1.00,1.12
2016.10.03 04:13:27.084,0.77531,0.77541,1.00,1.50
2016.10.03 04:13:27.135,0.77531,0.77541,1.00,1.50
2016.10.03 04:13:27.186,0.77532,0.77541,1.00,1.37
2016.10.03 04:13:27.238,0.77532,0.77542,1.00,1.12
2016.10.03 04:13:27.289,0.77532,0.77542,1.00,1.87
2016.10.03 04:13:27.340,0.77532,0.77542,1.00,1.50
2016.10.03 04:13:27.464,0.77532,0.77542,1.00,1.12
2016.10.03 04:13:27.617,0.77532,0.77542,1.00,1.00
2016.10.03 04:13:27.668,0.77532,0.77542,1.00,1.12
2016.10.03 04:13:27.719,0.77532,0.77542,1.00,1.50
2016.10.03 04:13:27.822,0.77531,0.77542,1.00,1.00
2016.10.03 04:13:28.129,0.77531,0.77542,1.00,1.00
2016.10.03 04:13:28.180,0.77533,0.77542,1.00,1.00
2016.10.03 04:13:28.333,0.77533,0.77542,1.00,1.00
2016.10.03 04:13:28.440,0.77533,0.77543,1.00,2.25
2016.10.03 04:13:34.296,0.77533,0.77543,1.00,1.50
2016.10.03 04:13:34.898,0.77534,0.77544,1.00,2.25
2016.10.03 04:13:34.949,0.77534,0.77544,1.00,3.00
2016.10.03 04:13:35.000,0.77532,0.77544,1.00,3.00
2016.10.03 04:13:35.051,0.77532,0.77544,1.50,3.00
2016.10.03 04:13:35.102,0.77532,0.77544,2.25,2.62
2016.10.03 04:13:35.153,0.77532,0.77544,2.25,1.50
2016.10.03 04:13:35.267,0.77532,0.77544,1.87,1.50
2016.10.03 04:13:35.318,0.77532,0.77544,1.12,1.12
2016.10.03 04:13:35.420,0.77532,0.77544,1.12,1.50
2016.10.03 04:13:36.422,0.77533,0.77544,1.00,1.50
2016.10.03 04:13:36.621,0.77533,0.77545,1.00,2.25
2016.10.03 04:13:36.672,0.77533,0.77545,1.00,2.62
2016.10.03 04:13:36.774,0.77533,0.77541,1.00,1.00
2016.10.03 04:13:36.825,0.77531,0.77541,1.62,1.00
2016.10.03 04:13:36.877,0.77531,0.77541,1.50,1.00
2016.10.03 04:13:36.928,0.77529,0.77541,3.56,1.00
2016.10.03 04:13:37.030,0.77529,0.77541,3.56,1.37
2016.10.03 04:13:37.081,0.77529,0.77541,2.81,1.37
2016.10.03 04:13:37.183,0.7753,0.77541,1.00,1.37
2016.10.03 04:13:37.554,0.77529,0.77541,1.69,1.37
2016.10.03 04:13:37.783,0.77529,0.77541,2.06,1.37
2016.10.03 04:13:37.834,0.7753,0.77541,1.00,1.37
2016.10.03 04:13:39.226,0.7753,0.77542,1.00,3.56
2016.10.03 04:13:39.574,0.77529,0.77542,1.69,3.56
2016.10.03 04:13:40.238,0.77529,0.77542,2.06,3.56
2016.10.03 04:13:40.755,0.77529,0.77542,2.06,2.81
2016.10.03 04:13:41.331,0.77529,0.7754,1.62,1.12
2016.10.03 04:13:41.382,0.77528,0.77539,2.62,1.00
2016.10.03 04:13:41.433,0.77528,0.77539,1.12,1.37
2016.10.03 04:13:41.513,0.77529,0.77539,1.00,1.37
2016.10.03 04:13:41.615,0.77529,0.7754,1.00,2.06
2016.10.03 04:13:41.666,0.77529,0.77541,1.00,2.81
2016.10.03 04:13:41.844,0.77529,0.77541,1.00,2.44
2016.10.03 04:13:41.895,0.77529,0.77541,1.00,2.81
2016.10.03 04:13:41.997,0.77529,0.77541,1.00,2.81
2016.10.03 04:13:42.251,0.77529,0.77541,1.00,2.06
2016.10.03 04:13:42.403,0.7753,0.77541,1.00,2.06
2016.10.03 04:13:42.562,0.7753,0.77541,1.00,2.81
2016.10.03 04:13:43.862,0.7753,0.77541,1.00,2.06
2016.10.03 04:13:43.964,0.7753,0.77541,1.00,1.69
2016.10.03 04:13:48.285,0.7753,0.77541,1.00,1.50
2016.10.03 04:13:48.432,0.77532,0.77542,1.00,1.87
2016.10.03 04:13:48.484,0.77532,0.77543,1.12,1.50
2016.10.03 04:13:48.687,0.77532,0.77544,1.12,3.00
2016.10.03 04:13:49.305,0.77533,0.77542,1.00,1.00
2016.10.03 04:13:49.356,0.77533,0.77542,1.12,1.00
2016.10.03 04:13:49.407,0.77533,0.77543,1.12,1.12
2016.10.03 04:13:49.772,0.77533,0.77543,1.12,1.00
2016.10.03 04:13:49.823,0.77533,0.77543,1.12,1.50
2016.10.03 04:13:49.936,0.77531,0.77543,1.37,1.87
2016.10.03 04:13:50.038,0.77531,0.77543,1.12,1.87
2016.10.03 04:13:50.184,0.77531,0.77543,1.12,1.87
2016.10.03 04:13:50.656,0.77531,0.77543,1.12,1.87
2016.10.03 04:13:51.079,0.77531,0.77543,1.12,1.87
2016.10.03 04:13:51.284,0.77531,0.77543,1.87,1.87
2016.10.03 04:13:51.335,0.77532,0.77544,1.75,3.75
2016.10.03 04:13:51.682,0.77532,0.77544,1.75,3.94
2016.10.03 04:13:51.783,0.77532,0.77544,1.75,3.94
2016.10.03 04:13:52.354,0.77532,0.77545,1.75,4.69
2016.10.03 04:13:52.405,0.77532,0.77545,1.75,3.94
2016.10.03 04:13:54.334,0.77534,0.77544,1.12,1.69
2016.10.03 04:13:55.991,0.77534,0.77544,1.12,1.50
2016.10.03 04:13:56.426,0.77533,0.77543,1.12,1.12
2016.10.03 04:13:56.528,0.77532,0.77545,2.25,2.62
2016.10.03 04:13:56.630,0.77534,0.77545,1.00,1.50
2016.10.03 04:13:56.865,0.77534,0.77545,1.12,1.50
2016.10.03 04:13:59.745,0.77535,0.77546,1.00,1.31
2016.10.03 04:13:59.796,0.77535,0.77546,1.00,1.25
2016.10.03 04:13:59.949,0.77534,0.77546,1.50,1.25
2016.10.03 04:14:00.518,0.77535,0.77546,1.50,1.25
2016.10.03 04:14:01.776,0.77535,0.77548,1.50,2.44
2016.10.03 04:14:01.827,0.77536,0.77548,1.12,1.50
2016.10.03 04:14:01.929,0.77536,0.77548,1.87,1.50
2016.10.03 04:14:01.981,0.77537,0.77548,1.12,1.50
2016.10.03 04:14:02.032,0.77537,0.77548,1.87,1.00
2016.10.03 04:14:02.236,0.77537,0.77549,1.87,3.00
2016.10.03 04:14:02.288,0.77537,0.77548,1.87,1.25
2016.10.03 04:14:02.339,0.77537,0.77548,1.12,1.69
2016.10.03 04:14:02.441,0.77537,0.77548,1.87,1.25
2016.10.03 04:14:06.970,0.77537,0.77548,1.12,1.25
2016.10.03 04:14:07.044,0.77537,0.77548,1.12,1.25
2016.10.03 04:14:07.096,0.77537,0.77549,1.12,1.12
2016.10.03 04:14:07.147,0.77538,0.7755,1.00,1.87
2016.10.03 04:14:07.199,0.77538,0.7755,1.50,1.87
2016.10.03 04:14:07.376,0.77538,0.7755,1.50,1.12
2016.10.03 04:14:07.427,0.77538,0.77551,1.50,3.19
2016.10.03 04:14:07.478,0.77538,0.77551,1.50,2.81
2016.10.03 04:14:07.529,0.77539,0.77551,1.12,1.87
2016.10.03 04:14:07.580,0.77539,0.77551,1.12,1.37
2016.10.03 04:14:07.631,0.77539,0.77549,1.00,1.00
2016.10.03 04:14:07.682,0.77539,0.77548,1.00,1.00
2016.10.03 04:14:07.835,0.77539,0.77547,1.00,1.51
2016.10.03 04:14:07.886,0.77539,0.7755,1.00,2.38
2016.10.03 04:14:07.988,0.77539,0.7755,1.00,1.87
2016.10.03 04:14:08.294,0.77539,0.77545,1.00,1.00
2016.10.03 04:14:08.396,0.77539,0.77547,1.00,1.00
2016.10.03 04:14:08.447,0.77539,0.77548,1.00,1.00
2016.10.03 04:14:08.498,0.77539,0.7755,1.00,1.87
2016.10.03 04:14:08.600,0.77539,0.7755,1.00,1.50
2016.10.03 04:14:10.768,0.7754,0.7755,1.00,1.50
2016.10.03 04:14:13.066,0.77541,0.7755,1.00,1.00
2016.10.03 04:14:13.380,0.77541,0.77551,1.00,1.00
2016.10.03 04:14:13.913,0.7754,0.7755,1.00,1.00
2016.10.03 04:14:14.571,0.77538,0.77551,4.12,1.50
2016.10.03 04:14:14.630,0.77538,0.77551,4.12,1.87
2016.10.03 04:14:15.019,0.77538,0.77551,3.75,1.87
2016.10.03 04:14:15.669,0.77538,0.77551,1.50,1.87
2016.10.03 04:14:15.771,0.77537,0.77551,2.81,1.50
2016.10.03 04:14:15.822,0.77537,0.77551,3.56,1.00
2016.10.03 04:14:15.874,0.77539,0.77552,2.25,2.62
2016.10.03 04:14:15.925,0.77539,0.77552,2.25,2.25
2016.10.03 04:14:15.976,0.77539,0.77552,2.25,1.00
2016.10.03 04:14:16.129,0.77539,0.77552,2.25,1.50
2016.10.03 04:14:16.181,0.77539,0.77552,2.25,2.25
2016.10.03 04:14:16.232,0.77539,0.7755,1.00,1.12
2016.10.03 04:14:16.283,0.77539,0.7755,1.00,1.12
2016.10.03 04:14:16.441,0.77539,0.7755,1.00,1.12
2016.10.03 04:14:16.696,0.77539,0.7755,1.00,1.12
2016.10.03 04:14:16.747,0.77539,0.77549,1.00,1.00
2016.10.03 04:14:20.969,0.77539,0.77551,1.00,1.50
2016.10.03 04:14:21.071,0.77539,0.77551,1.00,1.37
2016.10.03 04:14:21.173,0.77539,0.7755,1.12,1.12
2016.10.03 04:14:21.606,0.77539,0.77551,1.12,1.00
2016.10.03 04:14:21.727,0.7754,0.77552,1.75,1.50
2016.10.03 04:14:21.779,0.7754,0.77553,1.37,3.19
2016.10.03 04:14:21.830,0.7754,0.77552,1.62,1.00
2016.10.03 04:14:21.882,0.7754,0.77552,1.62,1.50
2016.10.03 04:14:21.985,0.77542,0.77552,1.00,1.00
2016.10.03 04:14:22.088,0.77541,0.7755,1.12,1.00
2016.10.03 04:14:22.590,0.77539,0.77551,1.87,1.00
2016.10.03 04:14:23.008,0.77539,0.77551,2.62,1.00
2016.10.03 04:14:24.321,0.77539,0.77551,3.37,1.00
2016.10.03 04:14:24.479,0.7754,0.77551,1.50,1.00
2016.10.03 04:14:24.789,0.77545,0.77553,1.00,1.00
2016.10.03 04:14:24.840,0.77545,0.77554,1.00,1.00
2016.10.03 04:14:24.943,0.77543,0.77554,2.62,1.00
2016.10.03 04:14:24.995,0.77543,0.77554,3.37,1.00
2016.10.03 04:14:25.046,0.77543,0.77554,3.56,1.00
2016.10.03 04:14:25.098,0.77543,0.77554,4.31,1.00
2016.10.03 04:14:25.843,0.77543,0.77555,4.31,1.00
2016.10.03 04:14:26.148,0.77544,0.77555,1.12,1.00
2016.10.03 04:14:26.551,0.77546,0.77555,1.00,1.00
2016.10.03 04:14:26.656,0.77546,0.77555,1.00,1.00
2016.10.03 04:14:26.758,0.77546,0.77556,1.12,1.00
