2018.03.05 01:00:01.918,0.81875,0.81882,1.12,1.69
2018.03.05 01:00:01.972,0.81877,0.81885,2.62,1.31
2018.03.05 01:00:02.282,0.81882,0.81889,1.00,1.50
2018.03.05 01:00:02.591,0.81882,0.8189,1.87,1.19
2018.03.05 01:00:03.135,0.81883,0.81891,1.12,1.87
2018.03.05 01:00:03.651,0.81881,0.81889,1.50,1.31
2018.03.05 01:00:03.703,0.81881,0.81886,1.50,1.00
2018.03.05 01:00:03.913,0.81874,0.81881,1.31,1.12
2018.03.05 01:00:04.068,0.81876,0.81883,1.69,1.12
2018.03.05 01:00:04.119,0.81876,0.81884,2.06,1.50
2018.03.05 01:00:04.669,0.81878,0.81884,1.25,1.00
2018.03.05 01:00:05.254,0.81877,0.81885,3.00,1.12
2018.03.05 01:00:05.566,0.81886,0.81893,1.69,1.12
2018.03.05 01:00:05.868,0.81883,0.81891,2.81,1.87
2018.03.05 01:00:06.230,0.81881,0.81888,1.69,1.50
2018.03.05 01:00:06.386,0.8188,0.81887,1.50,1.25
2018.03.05 01:00:06.893,0.8188,0.81888,2.06,1.50
2018.03.05 01:00:07.910,0.81881,0.81888,1.87,1.00
2018.03.05 01:00:08.118,0.8188,0.81888,1.19,1.12
2018.03.05 01:00:08.642,0.8188,0.81887,1.08,1.12
2018.03.05 01:00:09.192,0.81879,0.81886,1.87,1.12
2018.03.05 01:00:10.138,0.81875,0.81883,3.19,1.00
2018.03.05 01:00:10.671,0.81876,0.81883,1.12,1.50
2018.03.05 01:00:11.194,0.81875,0.81882,2.25,1.00
2018.03.05 01:00:11.746,0.81875,0.81882,1.00,1.50
2018.03.05 01:00:12.259,0.81874,0.81881,1.50,1.50
2018.03.05 01:00:12.499,0.81872,0.8188,2.44,1.12
2018.03.05 01:00:13.113,0.81872,0.81879,1.87,1.00
2018.03.05 01:00:13.634,0.81872,0.81879,1.19,1.12
2018.03.05 01:00:14.354,0.81872,0.81879,1.50,1.31
2018.03.05 01:00:14.865,0.8187,0.81878,2.62,1.12
2018.03.05 01:00:15.382,0.81871,0.81879,2.06,1.87
2018.03.05 01:00:15.912,0.81871,0.81879,1.69,1.87
2018.03.05 01:00:16.025,0.81868,0.81872,4.31,1.00
2018.03.05 01:00:16.076,0.81868,0.81874,3.00,2.44
2018.03.05 01:00:16.129,0.81864,0.81871,1.00,1.12
2018.03.05 01:00:16.181,0.81863,0.81868,1.12,1.00
2018.03.05 01:00:16.285,0.81862,0.8187,2.44,1.12
2018.03.05 01:00:16.646,0.81863,0.8187,1.00,1.37
2018.03.05 01:00:16.950,0.81862,0.8187,1.31,1.50
2018.03.05 01:00:17.249,0.81862,0.81869,1.31,1.50
2018.03.05 01:00:19.766,0.81861,0.81869,1.31,1.50
2018.03.05 01:00:20.083,0.81857,0.81864,1.19,2.25
2018.03.05 01:00:20.238,0.81856,0.81863,1.12,1.62
2018.03.05 01:00:20.763,0.81854,0.81861,1.31,1.50
2018.03.05 01:00:20.918,0.81853,0.8186,1.25,1.00
2018.03.05 01:00:21.228,0.81851,0.81859,1.19,1.87
2018.03.05 01:00:23.783,0.8185,0.81858,1.31,1.50
2018.03.05 01:00:24.041,0.81848,0.81856,2.44,1.12
2018.03.05 01:00:24.803,0.81848,0.81854,1.25,1.75
2018.03.05 01:00:24.857,0.81846,0.81852,1.00,2.06
2018.03.05 01:00:24.909,0.81843,0.8185,1.19,1.12
2018.03.05 01:00:25.418,0.81842,0.81849,1.49,1.12
2018.03.05 01:00:25.920,0.81841,0.81848,2.29,1.00
2018.03.05 01:00:26.230,0.81843,0.8185,2.44,1.00
2018.03.05 01:00:26.524,0.81844,0.81852,1.56,1.12
2018.03.05 01:00:26.690,0.81849,0.81856,1.00,2.62
2018.03.05 01:00:26.793,0.8185,0.81858,1.25,1.87
2018.03.05 01:00:27.332,0.81851,0.81858,1.00,1.87
2018.03.05 01:00:27.690,0.81853,0.81859,1.31,1.12
2018.03.05 01:00:27.792,0.81855,0.81862,1.25,2.47
2018.03.05 01:00:27.844,0.81856,0.81862,1.69,1.30
2018.03.05 01:00:28.167,0.8186,0.81866,1.31,2.47
2018.03.05 01:00:28.707,0.81861,0.81866,1.25,2.10
2018.03.05 01:00:29.267,0.81862,0.8187,1.69,1.12
2018.03.05 01:00:29.424,0.81865,0.81873,1.00,2.06
2018.03.05 01:00:29.528,0.81865,0.81873,1.69,1.12
2018.03.05 01:00:29.840,0.81867,0.81874,1.00,1.00
2018.03.05 01:00:30.148,0.81867,0.81874,1.75,1.25
2018.03.05 01:00:30.537,0.81867,0.81874,1.12,1.25
2018.03.05 01:00:30.743,0.81866,0.81874,1.12,2.00
2018.03.05 01:00:31.051,0.81866,0.81874,1.75,1.69
2018.03.05 01:00:31.573,0.81866,0.81873,1.50,1.12
2018.03.05 01:00:31.782,0.81867,0.81875,1.87,1.50
2018.03.05 01:00:32.322,0.81867,0.81874,1.12,1.50
2018.03.05 01:00:32.973,0.81866,0.81874,1.12,2.06
2018.03.05 01:00:33.386,0.81864,0.81872,1.69,1.50
2018.03.05 01:00:33.907,0.81865,0.81872,1.00,1.00
2018.03.05 01:00:34.436,0.81865,0.81872,1.00,1.37
2018.03.05 01:00:36.220,0.81865,0.81872,1.00,1.87
2018.03.05 01:00:36.730,0.81865,0.81872,1.00,1.87
2018.03.05 01:00:37.300,0.81864,0.81872,1.87,1.87
2018.03.05 01:00:37.961,0.81865,0.81872,1.25,1.00
2018.03.05 01:00:38.492,0.81865,0.81872,1.00,1.87
2018.03.05 01:00:39.032,0.81865,0.81873,1.00,2.06
2018.03.05 01:00:39.539,0.81865,0.81873,1.00,1.87
2018.03.05 01:00:39.893,0.81865,0.81872,1.00,2.25
2018.03.05 01:00:40.437,0.81864,0.81872,3.56,1.12
2018.03.05 01:00:40.949,0.81865,0.81873,1.69,1.50
2018.03.05 01:00:41.464,0.81865,0.81873,2.06,1.50
2018.03.05 01:00:41.989,0.81866,0.81873,1.50,1.12
2018.03.05 01:00:44.393,0.81866,0.81874,2.25,1.87
2018.03.05 01:00:44.908,0.81866,0.81874,2.25,1.50
2018.03.05 01:00:45.321,0.81865,0.81872,1.31,1.50
2018.03.05 01:00:45.425,0.81863,0.81869,1.00,1.50
2018.03.05 01:00:45.476,0.81861,0.81869,1.87,1.87
2018.03.05 01:00:46.078,0.81861,0.81868,1.00,1.87
2018.03.05 01:00:46.750,0.8186,0.81868,1.31,1.87
2018.03.05 01:00:47.311,0.8186,0.81867,1.25,1.87
2018.03.05 01:00:48.085,0.81859,0.81867,1.69,2.25
2018.03.05 01:00:48.455,0.81859,0.81867,1.69,1.50
2018.03.05 01:00:49.236,0.8186,0.81867,1.00,1.37
2018.03.05 01:00:49.289,0.81863,0.81869,1.00,1.00
2018.03.05 01:00:49.392,0.81864,0.81871,1.25,1.50
2018.03.05 01:00:49.953,0.81863,0.8187,1.50,1.00
2018.03.05 01:00:50.489,0.81862,0.8187,2.06,1.50
2018.03.05 01:00:51.008,0.81863,0.81871,1.87,2.25
2018.03.05 01:00:51.317,0.81864,0.81872,1.50,1.50
2018.03.05 01:00:52.070,0.81864,0.81872,1.69,1.50
2018.03.05 01:00:52.831,0.81864,0.81872,1.00,1.50
2018.03.05 01:00:53.337,0.81865,0.81872,1.12,1.50
2018.03.05 01:00:55.229,0.81864,0.81871,1.12,1.00
2018.03.05 01:00:55.745,0.81865,0.81872,1.69,1.12
2018.03.05 01:00:57.134,0.81865,0.81873,1.87,2.25
2018.03.05 01:00:57.644,0.81865,0.81873,3.00,1.12
2018.03.05 01:00:58.196,0.81866,0.81873,1.00,1.87
2018.03.05 01:00:58.507,0.81864,0.81871,1.25,1.50
2018.03.05 01:00:59.462,0.81862,0.81869,1.50,1.00
2018.03.05 01:00:59.772,0.81861,0.81868,1.12,1.50
2018.03.05 01:01:00.322,0.81861,0.81867,1.50,1.00
2018.03.05 01:01:00.869,0.81859,0.81867,2.81,1.50
2018.03.05 01:01:01.602,0.81861,0.81867,1.69,1.00
2018.03.05 01:01:01.707,0.81863,0.81869,1.00,1.12
2018.03.05 01:01:02.214,0.81863,0.81871,3.56,1.87
2018.03.05 01:01:02.573,0.81865,0.81872,1.69,1.50
2018.03.05 01:01:02.804,0.81867,0.81874,1.50,1.50
2018.03.05 01:01:03.428,0.81868,0.81876,2.81,1.50
2018.03.05 01:01:08.221,0.81875,0.8188,1.50,1.87
2018.03.05 01:01:08.325,0.81876,0.81882,1.50,1.25
2018.03.05 01:01:08.377,0.81877,0.81884,1.50,1.69
2018.03.05 01:01:12.079,0.81877,0.81885,1.69,1.50
2018.03.05 01:01:13.691,0.81878,0.81884,1.12,1.00
2018.03.05 01:01:14.209,0.81878,0.81885,1.12,1.69
2018.03.05 01:01:14.949,0.81877,0.81885,1.50,1.69
2018.03.05 01:01:15.628,0.81877,0.81885,1.87,1.69
2018.03.05 01:01:17.934,0.81876,0.81884,2.00,1.00
2018.03.05 01:01:18.415,0.81876,0.81884,1.12,2.81
2018.03.05 01:01:21.586,0.81875,0.81883,2.44,1.12
2018.03.05 01:01:22.107,0.81876,0.81883,1.12,1.31
2018.03.05 01:01:26.320,0.81875,0.81883,2.25,1.69
2018.03.05 01:01:26.908,0.81875,0.81883,2.44,1.31
2018.03.05 01:01:31.275,0.81875,0.81883,1.69,1.87
2018.03.05 01:01:32.401,0.81875,0.81882,1.31,1.00
2018.03.05 01:01:32.934,0.81874,0.81881,1.31,1.12
2018.03.05 01:01:33.192,0.81871,0.81878,1.31,1.12
2018.03.05 01:01:33.296,0.81869,0.81875,1.00,1.00
2018.03.05 01:01:33.478,0.81867,0.81875,1.12,2.44
2018.03.05 01:01:33.746,0.81868,0.81876,1.19,1.87
2018.03.05 01:01:33.850,0.81867,0.81875,1.69,1.31
2018.03.05 01:01:34.398,0.81867,0.81874,1.69,1.12
2018.03.05 01:01:35.156,0.81867,0.81875,1.69,1.87
2018.03.05 01:01:35.700,0.81868,0.81875,2.06,1.00
2018.03.05 01:01:36.234,0.81869,0.81877,1.69,1.50
2018.03.05 01:01:36.949,0.81869,0.81876,1.69,1.00
2018.03.05 01:01:37.539,0.81869,0.81877,1.94,1.50
2018.03.05 01:01:38.784,0.81869,0.81876,1.94,1.00
2018.03.05 01:01:39.159,0.8187,0.81878,2.81,2.25
2018.03.05 01:01:39.692,0.81871,0.81878,1.56,1.12
2018.03.05 01:01:40.088,0.8187,0.81877,2.06,1.12
2018.03.05 01:01:40.462,0.81868,0.81876,2.81,2.25
2018.03.05 01:01:40.793,0.81868,0.81876,3.56,2.25
2018.03.05 01:01:41.341,0.81868,0.81876,2.81,2.25
2018.03.05 01:01:41.863,0.81868,0.81876,2.81,2.25
2018.03.05 01:01:43.214,0.81868,0.81875,2.44,1.00
2018.03.05 01:01:44.148,0.81868,0.81875,2.44,1.00
2018.03.05 01:01:44.680,0.81868,0.81875,2.44,1.00
2018.03.05 01:01:45.338,0.81868,0.81875,2.44,1.00
2018.03.05 01:01:48.137,0.81868,0.81875,2.06,1.00
2018.03.05 01:01:57.063,0.81868,0.81875,1.31,1.12
2018.03.05 01:01:57.558,0.81867,0.81875,1.31,1.69
2018.03.05 01:01:58.099,0.81866,0.81874,2.44,1.87
2018.03.05 01:01:59.574,0.81866,0.81874,2.44,1.87
2018.03.05 01:02:00.103,0.81866,0.81874,3.19,1.50
2018.03.05 01:02:01.461,0.81867,0.81874,1.19,1.00
2018.03.05 01:02:02.551,0.81866,0.81874,4.69,1.00
2018.03.05 01:02:03.746,0.81867,0.81874,1.37,1.00
2018.03.05 01:02:04.513,0.81868,0.81875,1.00,1.12
2018.03.05 01:02:07.685,0.81867,0.81875,1.50,1.87
2018.03.05 01:02:07.917,0.81867,0.81873,1.12,1.87
2018.03.05 01:02:08.073,0.81862,0.81869,1.56,1.12
2018.03.05 01:02:08.229,0.81861,0.81868,1.50,1.12
2018.03.05 01:02:08.724,0.8186,0.81867,1.50,1.50
2018.03.05 01:02:09.274,0.8186,0.81866,1.00,1.12
2018.03.05 01:02:14.645,0.81859,0.81866,1.50,1.12
2018.03.05 01:02:17.467,0.81858,0.81865,1.50,1.12
2018.03.05 01:02:19.648,0.81857,0.81865,1.50,1.50
2018.03.05 01:02:20.991,0.81857,0.81865,1.08,1.50
2018.03.05 01:02:22.129,0.81856,0.81863,1.87,1.00
2018.03.05 01:02:22.438,0.81852,0.8186,2.06,1.87
2018.03.05 01:02:23.576,0.81851,0.81859,1.50,1.50
2018.03.05 01:02:23.992,0.8185,0.81857,2.06,1.00
2018.03.05 01:02:26.031,0.8185,0.81858,1.87,1.69
2018.03.05 01:02:26.577,0.8185,0.81858,1.87,1.69
2018.03.05 01:02:28.638,0.8185,0.81858,2.06,1.12
2018.03.05 01:02:29.163,0.81851,0.81858,1.31,1.12
2018.03.05 01:02:30.186,0.81849,0.81857,1.87,1.31
2018.03.05 01:02:30.711,0.8185,0.81858,3.56,1.50
2018.03.05 01:02:31.244,0.8185,0.81858,2.06,1.12
2018.03.05 01:02:31.820,0.8185,0.81858,2.06,1.50
2018.03.05 01:02:35.870,0.81849,0.81857,2.06,1.50
2018.03.05 01:02:36.082,0.81848,0.81856,1.50,1.69
2018.03.05 01:02:36.135,0.81846,0.81853,1.00,2.81
2018.03.05 01:02:36.187,0.81843,0.81851,3.19,1.12
2018.03.05 01:02:36.708,0.81843,0.8185,1.50,1.00
2018.03.05 01:02:38.110,0.81843,0.81851,1.50,2.06
2018.03.05 01:02:39.186,0.81843,0.81851,1.50,2.06
2018.03.05 01:02:39.764,0.81843,0.81851,1.50,2.06
2018.03.05 01:02:40.692,0.81843,0.81851,1.50,2.06
2018.03.05 01:02:41.282,0.81843,0.81851,1.50,2.06
2018.03.05 01:02:41.886,0.81843,0.81851,1.50,2.06
2018.03.05 01:02:42.902,0.81843,0.81851,1.87,2.44
2018.03.05 01:02:44.183,0.81843,0.81851,1.87,2.44
2018.03.05 01:02:46.939,0.81843,0.81851,1.87,2.44
2018.03.05 01:02:47.786,0.81843,0.81851,1.50,2.44
2018.03.05 01:02:48.545,0.81843,0.81851,1.50,2.44
2018.03.05 01:02:50.671,0.81844,0.81852,3.00,1.69
2018.03.05 01:02:51.208,0.81846,0.81852,2.06,1.50
2018.03.05 01:02:51.722,0.81844,0.81851,3.00,1.50
2018.03.05 01:02:52.388,0.81845,0.81851,1.00,1.50
2018.03.05 01:02:58.909,0.81847,0.81851,1.00,1.50
2018.03.05 01:02:59.065,0.8185,0.81856,1.12,1.01
2018.03.05 01:02:59.485,0.81851,0.81859,1.94,1.57
2018.03.05 01:03:00.222,0.8185,0.81856,1.00,1.12
2018.03.05 01:03:00.274,0.81848,0.81855,1.31,1.50
2018.03.05 01:03:00.482,0.81848,0.81856,4.91,1.12
2018.03.05 01:03:01.764,0.81849,0.81857,3.94,1.50
2018.03.05 01:03:01.817,0.81851,0.81858,1.87,1.12
2018.03.05 01:03:02.666,0.81852,0.81859,1.31,2.25
2018.03.05 01:03:03.520,0.81852,0.8186,1.69,1.87
2018.03.05 01:03:03.624,0.81855,0.81862,1.31,1.00
2018.03.05 01:03:04.130,0.81856,0.81863,1.12,1.00
2018.03.05 01:03:04.285,0.81854,0.8186,2.44,1.00
2018.03.05 01:03:04.338,0.81853,0.8186,1.00,1.37
2018.03.05 01:03:04.878,0.81852,0.81859,2.44,1.12
2018.03.05 01:03:06.629,0.81851,0.81859,1.50,2.06
2018.03.05 01:03:07.530,0.81851,0.81858,1.87,1.12
2018.03.05 01:03:08.079,0.81853,0.81859,1.12,1.00
2018.03.05 01:03:08.388,0.81853,0.8186,1.75,2.25
2018.03.05 01:03:08.921,0.81853,0.8186,1.75,2.44
2018.03.05 01:03:09.409,0.81852,0.8186,1.50,2.81
2018.03.05 01:03:10.852,0.81852,0.8186,1.50,2.81
2018.03.05 01:03:11.583,0.81852,0.81859,1.00,1.69
2018.03.05 01:03:12.290,0.81851,0.81859,1.50,2.06
2018.03.05 01:03:14.159,0.81852,0.81859,1.00,1.50
2018.03.05 01:03:14.469,0.81854,0.8186,1.00,1.12
2018.03.05 01:03:15.001,0.81852,0.8186,3.00,1.12
2018.03.05 01:03:15.864,0.81853,0.8186,1.00,2.06
2018.03.05 01:03:16.415,0.81852,0.8186,2.62,2.06
2018.03.05 01:03:16.985,0.81853,0.8186,1.87,1.25
2018.03.05 01:03:17.304,0.81856,0.81863,1.12,1.87
2018.03.05 01:03:17.886,0.81856,0.81863,1.37,1.12
2018.03.05 01:03:21.297,0.81856,0.81862,1.37,1.00
2018.03.05 01:03:21.731,0.81858,0.81865,1.50,1.57
2018.03.05 01:03:22.513,0.81858,0.81865,1.50,1.57
2018.03.05 01:03:23.051,0.81858,0.81865,1.50,1.85
2018.03.05 01:03:23.618,0.81856,0.81863,2.44,1.00
2018.03.05 01:03:23.670,0.81856,0.81863,1.50,2.81
2018.03.05 01:03:23.885,0.81857,0.81864,1.12,1.69
2018.03.05 01:03:24.827,0.81857,0.81864,1.50,1.69
2018.03.05 01:03:25.452,0.81857,0.81865,1.87,2.81
2018.03.05 01:03:27.054,0.81858,0.81865,2.44,1.12
2018.03.05 01:03:27.242,0.8186,0.81867,1.12,1.31
2018.03.05 01:03:27.757,0.8186,0.81866,1.12,1.19
2018.03.05 01:03:27.808,0.81857,0.81864,2.25,1.69
2018.03.05 01:03:28.065,0.81858,0.81865,1.12,1.12
2018.03.05 01:03:28.117,0.81857,0.81863,1.00,1.00
2018.03.05 01:03:28.635,0.81855,0.81861,1.69,1.12
2018.03.05 01:03:28.995,0.81855,0.81859,1.25,1.00
2018.03.05 01:03:29.752,0.81855,0.81862,1.31,1.50
2018.03.05 01:03:30.109,0.81856,0.81863,3.56,1.00
2018.03.05 01:03:30.415,0.8186,0.81865,1.19,1.12
2018.03.05 01:03:30.467,0.8186,0.81866,1.19,1.12
2018.03.05 01:03:31.084,0.8186,0.81865,1.19,1.00
2018.03.05 01:03:32.444,0.8186,0.81866,1.19,1.50
2018.03.05 01:03:32.877,0.81861,0.81866,1.25,1.87
2018.03.05 01:03:33.417,0.8186,0.81866,1.19,1.50
2018.03.05 01:03:34.297,0.81861,0.81867,1.19,2.25
2018.03.05 01:03:34.833,0.81862,0.81867,1.19,1.12
2018.03.05 01:03:37.085,0.81862,0.81868,1.19,1.50
2018.03.05 01:03:38.010,0.81861,0.81868,1.00,1.00
2018.03.05 01:03:38.594,0.81861,0.81868,1.00,3.00
2018.03.05 01:03:39.083,0.81859,0.81866,1.69,1.87
2018.03.05 01:03:39.136,0.81857,0.81864,1.25,1.50
2018.03.05 01:03:39.345,0.81854,0.81861,1.25,1.12
2018.03.05 01:03:39.867,0.81853,0.81861,2.06,1.50
2018.03.05 01:03:40.663,0.81853,0.81861,1.50,1.69
2018.03.05 01:03:41.168,0.81853,0.8186,1.37,1.31
2018.03.05 01:03:41.750,0.81853,0.8186,1.12,1.31
2018.03.05 01:03:44.035,0.81853,0.81859,1.12,1.00
2018.03.05 01:03:44.674,0.81851,0.81859,3.37,1.12
2018.03.05 01:03:45.180,0.81851,0.81859,2.62,1.50
2018.03.05 01:03:45.734,0.81851,0.81858,1.87,1.00
2018.03.05 01:03:46.291,0.8185,0.81858,1.69,1.50
2018.03.05 01:03:46.968,0.8185,0.81858,1.69,1.50
2018.03.05 01:03:47.876,0.8185,0.81857,1.31,1.50
2018.03.05 01:03:47.928,0.81849,0.81857,2.62,1.50
2018.03.05 01:03:47.980,0.81849,0.81856,1.50,1.50
2018.03.05 01:03:48.095,0.81847,0.81854,1.31,1.50
2018.03.05 01:03:50.040,0.81847,0.81853,1.25,1.12
2018.03.05 01:03:50.196,0.81845,0.81852,1.87,1.12
2018.03.05 01:03:50.846,0.81847,0.81854,1.00,1.31
2018.03.05 01:03:50.897,0.81848,0.81855,1.00,1.50
2018.03.05 01:03:51.508,0.81849,0.81856,1.12,1.12
2018.03.05 01:03:51.933,0.81851,0.81859,2.00,3.19
2018.03.05 01:03:51.984,0.81851,0.81859,1.31,2.06
2018.03.05 01:03:52.442,0.8185,0.81857,2.81,1.00
2018.03.05 01:03:52.958,0.8185,0.81857,3.19,1.00
2018.03.05 01:03:53.475,0.81851,0.81858,1.25,1.50
2018.03.05 01:03:53.790,0.8185,0.81858,4.69,1.50
2018.03.05 01:03:54.319,0.8185,0.81858,3.19,1.50
2018.03.05 01:03:57.955,0.81848,0.81855,2.06,1.50
2018.03.05 01:03:58.266,0.81846,0.81853,2.06,1.50
2018.03.05 01:03:58.472,0.81845,0.81852,1.31,1.50
2018.03.05 01:03:58.990,0.81846,0.81852,1.00,1.00
2018.03.05 01:03:59.588,0.81845,0.81852,1.12,1.00
2018.03.05 01:04:00.374,0.81845,0.81852,1.31,1.00
2018.03.05 01:04:00.509,0.81845,0.81852,1.00,1.37
2018.03.05 01:04:01.016,0.81844,0.81851,1.50,1.00
2018.03.05 01:04:01.068,0.81841,0.81849,1.50,2.25
2018.03.05 01:04:01.596,0.81842,0.81848,1.00,1.12
2018.03.05 01:04:02.115,0.81841,0.81848,1.12,1.12
2018.03.05 01:04:02.657,0.8184,0.81847,1.12,1.00
2018.03.05 01:04:02.988,0.8184,0.81847,1.00,2.25
2018.03.05 01:04:03.537,0.81839,0.81847,1.25,2.25
2018.03.05 01:04:03.850,0.81841,0.81849,1.69,2.25
2018.03.05 01:04:04.161,0.81839,0.81846,1.25,1.37
2018.03.05 01:04:04.806,0.81838,0.81845,1.25,1.50
2018.03.05 01:04:05.999,0.81838,0.81845,1.25,1.87
2018.03.05 01:04:06.943,0.81837,0.81845,1.19,2.25
2018.03.05 01:04:07.761,0.81837,0.81845,1.69,1.50
2018.03.05 01:04:08.305,0.81838,0.81845,1.69,1.00
2018.03.05 01:04:08.787,0.8184,0.81847,1.00,1.50
2018.03.05 01:04:09.558,0.8184,0.81846,1.00,1.00
2018.03.05 01:04:09.660,0.81844,0.8185,1.87,1.19
2018.03.05 01:04:09.715,0.81844,0.8185,1.00,1.00
2018.03.05 01:04:09.819,0.81845,0.81852,1.50,2.25
2018.03.05 01:04:09.974,0.81847,0.81854,1.31,2.25
2018.03.05 01:04:10.697,0.81846,0.81852,2.44,1.00
2018.03.05 01:04:10.749,0.81846,0.81854,2.44,2.62
2018.03.05 01:04:11.157,0.81845,0.81852,1.69,1.00
2018.03.05 01:04:11.549,0.81844,0.81851,1.31,1.37
2018.03.05 01:04:11.913,0.8184,0.81847,1.50,1.87
2018.03.05 01:04:11.965,0.81837,0.81843,1.69,1.37
2018.03.05 01:04:12.275,0.81835,0.81841,1.19,1.87
2018.03.05 01:04:12.328,0.81834,0.8184,1.25,1.00
2018.03.05 01:04:12.838,0.81832,0.81839,2.06,1.12
2018.03.05 01:04:13.363,0.81832,0.8184,2.06,1.50
2018.03.05 01:04:13.894,0.81833,0.8184,1.31,1.12
2018.03.05 01:04:15.871,0.81833,0.81841,1.31,2.62
2018.03.05 01:04:16.527,0.81833,0.8184,1.31,1.12
2018.03.05 01:04:17.515,0.81833,0.8184,1.31,1.12
2018.03.05 01:04:18.436,0.81831,0.81839,1.69,1.50
2018.03.05 01:04:18.539,0.81829,0.81837,2.06,2.25
2018.03.05 01:04:19.120,0.81828,0.81836,1.69,1.50
2018.03.05 01:04:19.437,0.81828,0.81836,1.19,1.87
2018.03.05 01:04:21.755,0.81827,0.81835,1.31,1.87
2018.03.05 01:04:21.961,0.81825,0.81833,3.19,1.87
2018.03.05 01:04:22.483,0.81826,0.81833,1.31,1.12
2018.03.05 01:04:22.587,0.81827,0.81835,1.31,1.87
2018.03.05 01:04:23.101,0.81828,0.81836,1.31,1.87
2018.03.05 01:04:23.871,0.81829,0.81837,1.31,1.87
2018.03.05 01:04:24.335,0.8183,0.81836,1.25,1.12
2018.03.05 01:04:24.541,0.81827,0.81834,1.19,1.37
2018.03.05 01:04:25.011,0.81826,0.81832,1.25,1.00
2018.03.05 01:04:25.527,0.81825,0.81832,1.31,1.00
2018.03.05 01:04:26.046,0.81825,0.81831,1.25,1.12
2018.03.05 01:04:26.956,0.81821,0.81829,2.44,2.25
2018.03.05 01:04:27.166,0.81822,0.81829,1.37,1.00
2018.03.05 01:04:27.698,0.81823,0.81831,1.50,1.87
2018.03.05 01:04:29.235,0.81823,0.81831,1.87,2.25
2018.03.05 01:04:29.735,0.81825,0.81832,1.37,1.50
2018.03.05 01:04:29.839,0.81827,0.81833,1.00,1.12
2018.03.05 01:04:30.351,0.81827,0.81834,1.37,1.12
2018.03.05 01:04:35.386,0.81826,0.81833,2.44,1.12
2018.03.05 01:04:41.354,0.81823,0.81829,2.62,1.37
2018.03.05 01:04:41.460,0.81823,0.81831,1.69,2.06
2018.03.05 01:04:42.661,0.81823,0.81831,2.44,1.12
2018.03.05 01:04:43.359,0.81823,0.81831,2.06,1.50
2018.03.05 01:04:46.349,0.81825,0.81832,1.12,1.75
2018.03.05 01:04:46.561,0.81825,0.81832,1.50,1.12
2018.03.05 01:04:47.082,0.81826,0.81833,1.25,1.12
2018.03.05 01:04:47.692,0.81825,0.81833,1.56,1.87
2018.03.05 01:04:48.311,0.81825,0.81832,1.00,1.87
2018.03.05 01:04:48.857,0.81824,0.81832,2.62,1.87
2018.03.05 01:04:51.056,0.81822,0.8183,1.69,1.50
2018.03.05 01:04:51.738,0.81822,0.8183,1.69,1.50
2018.03.05 01:04:52.910,0.81822,0.8183,1.31,1.50
2018.03.05 01:04:53.443,0.81822,0.8183,1.69,1.50
2018.03.05 01:04:53.995,0.81823,0.8183,1.00,1.87
2018.03.05 01:04:56.877,0.81822,0.81829,1.12,1.12
2018.03.05 01:04:57.189,0.81817,0.81824,1.12,2.25
2018.03.05 01:04:57.562,0.81814,0.81821,2.06,1.00
2018.03.05 01:04:57.870,0.81813,0.8182,2.06,1.75
2018.03.05 01:04:58.309,0.81813,0.81819,1.50,1.75
2018.03.05 01:04:58.515,0.81812,0.81819,4.31,1.00
2018.03.05 01:04:58.818,0.81812,0.81819,2.25,1.31
2018.03.05 01:04:59.343,0.81811,0.81818,1.12,1.31
2018.03.05 01:05:00.019,0.81811,0.81818,1.12,1.31
2018.03.05 01:05:00.571,0.8181,0.81817,1.50,1.69
2018.03.05 01:05:01.073,0.8181,0.81818,1.50,2.81
2018.03.05 01:05:01.176,0.8181,0.81816,1.12,1.19
2018.03.05 01:05:01.487,0.81809,0.81814,1.50,1.19
2018.03.05 01:05:02.007,0.81809,0.81815,1.00,1.19
2018.03.05 01:05:02.466,0.81807,0.81814,1.12,1.31
2018.03.05 01:05:02.570,0.81807,0.81812,1.12,1.25
2018.03.05 01:05:03.087,0.81807,0.81814,1.00,2.06
2018.03.05 01:05:03.641,0.81807,0.81814,1.87,1.31
2018.03.05 01:05:04.189,0.81807,0.81814,2.62,1.31
2018.03.05 01:05:04.587,0.81807,0.81813,1.00,1.19
2018.03.05 01:05:05.201,0.81807,0.81813,1.00,1.25
2018.03.05 01:05:05.718,0.81806,0.81813,2.62,2.06
2018.03.05 01:05:06.231,0.81805,0.81812,1.50,2.06
2018.03.05 01:05:06.789,0.81804,0.81811,3.37,1.69
2018.03.05 01:05:07.301,0.81804,0.81811,3.00,1.69
2018.03.05 01:05:07.844,0.81804,0.81811,3.00,1.69
2018.03.05 01:05:08.998,0.81804,0.81811,3.00,1.25
2018.03.05 01:05:09.549,0.81804,0.8181,1.87,1.19
2018.03.05 01:05:10.171,0.81804,0.8181,1.12,1.19
2018.03.05 01:05:11.065,0.81803,0.81809,2.62,1.19
2018.03.05 01:05:11.373,0.81803,0.8181,2.62,1.31
2018.03.05 01:05:12.939,0.81803,0.8181,1.12,1.69
2018.03.05 01:05:14.534,0.81803,0.8181,3.00,1.69
2018.03.05 01:05:15.916,0.81803,0.8181,2.25,2.44
2018.03.05 01:05:16.545,0.81803,0.8181,2.62,1.12
2018.03.05 01:05:17.079,0.81804,0.81811,1.12,2.81
2018.03.05 01:05:17.600,0.81804,0.81811,1.50,1.69
2018.03.05 01:05:18.355,0.81805,0.81811,1.00,1.62
2018.03.05 01:05:18.927,0.81804,0.81811,2.62,1.31
2018.03.05 01:05:19.597,0.81804,0.81811,2.25,2.06
2018.03.05 01:05:19.714,0.81805,0.81812,3.37,1.31
2018.03.05 01:05:20.026,0.81812,0.81819,1.00,2.44
2018.03.05 01:05:21.123,0.81811,0.81818,2.25,1.69
2018.03.05 01:05:22.260,0.81811,0.81818,2.81,1.12
2018.03.05 01:05:22.365,0.81811,0.81818,2.81,1.12
2018.03.05 01:05:22.869,0.81811,0.81818,1.50,1.12
2018.03.05 01:05:24.216,0.81811,0.81818,1.50,1.31
2018.03.05 01:05:24.522,0.81813,0.81821,1.50,2.44
2018.03.05 01:05:24.781,0.81816,0.81822,1.00,1.12
2018.03.05 01:05:26.853,0.81817,0.81824,1.12,2.06
2018.03.05 01:05:27.355,0.81817,0.81824,1.12,2.06
2018.03.05 01:05:27.863,0.81817,0.81824,1.12,2.81
2018.03.05 01:05:29.594,0.81817,0.81824,1.12,1.69
2018.03.05 01:05:30.177,0.81817,0.81824,1.12,2.06
2018.03.05 01:05:32.842,0.81817,0.81824,1.50,1.31
2018.03.05 01:05:33.417,0.81817,0.81825,2.06,1.87
2018.03.05 01:05:34.147,0.81818,0.81825,1.12,2.81
2018.03.05 01:05:34.251,0.81816,0.81823,1.42,1.00
2018.03.05 01:05:34.796,0.81816,0.81823,1.25,1.87
2018.03.05 01:05:35.333,0.81816,0.81824,1.80,2.25
2018.03.05 01:05:36.967,0.81816,0.81823,1.61,1.50
2018.03.05 01:05:37.668,0.81815,0.81823,1.61,1.69
2018.03.05 01:05:38.191,0.81815,0.81823,1.80,1.50
2018.03.05 01:05:41.670,0.81816,0.81823,1.35,1.50
2018.03.05 01:05:43.143,0.81817,0.81824,1.31,2.25
2018.03.05 01:05:43.716,0.81817,0.81824,2.06,1.00
2018.03.05 01:05:44.159,0.81819,0.81826,1.69,1.50
2018.03.05 01:05:44.691,0.81819,0.81826,2.44,1.12
2018.03.05 01:05:45.019,0.8182,0.81827,1.31,1.87
2018.03.05 01:05:45.071,0.81822,0.81827,1.25,2.25
2018.03.05 01:05:48.505,0.81824,0.81828,1.31,1.00
2018.03.05 01:05:48.660,0.81825,0.81831,1.31,1.00
2018.03.05 01:05:48.767,0.81827,0.81833,1.19,1.12
2018.03.05 01:05:49.149,0.81829,0.81834,1.19,2.62
2018.03.05 01:05:49.696,0.81828,0.81833,1.19,1.12
2018.03.05 01:05:50.862,0.81829,0.81834,1.19,2.62
2018.03.05 01:05:51.922,0.8183,0.81834,1.19,1.50
2018.03.05 01:05:52.513,0.81829,0.81834,1.19,2.25
2018.03.05 01:05:52.831,0.8183,0.81835,1.19,1.50
2018.03.05 01:05:53.089,0.81831,0.81837,1.19,1.12
2018.03.05 01:05:55.776,0.81832,0.81837,1.19,1.12
2018.03.05 01:05:56.510,0.81832,0.81837,1.25,1.12
2018.03.05 01:05:57.055,0.81832,0.81837,1.19,1.12
2018.03.05 01:05:58.201,0.81832,0.81837,1.25,1.12
2018.03.05 01:06:00.282,0.81832,0.81837,1.19,1.12
2018.03.05 01:06:00.832,0.81832,0.81836,1.25,1.00
2018.03.05 01:06:01.339,0.81832,0.81836,1.25,1.00
2018.03.05 01:06:01.866,0.81832,0.81837,1.19,1.12
2018.03.05 01:06:03.872,0.81832,0.81836,1.25,1.00
2018.03.05 01:06:04.377,0.81832,0.81836,1.25,1.00
2018.03.05 01:06:04.920,0.81829,0.81835,1.69,1.00
2018.03.05 01:06:05.453,0.8183,0.81835,1.19,1.12
2018.03.05 01:06:06.147,0.8183,0.81835,1.25,1.50
2018.03.05 01:06:07.190,0.81829,0.81835,1.19,1.12
2018.03.05 01:06:07.956,0.81831,0.81836,1.25,1.65
2018.03.05 01:06:08.506,0.81833,0.81838,1.25,1.27
2018.03.05 01:06:09.145,0.81832,0.81838,1.25,1.50
2018.03.05 01:06:09.455,0.81836,0.81841,1.50,2.06
2018.03.05 01:06:09.798,0.81839,0.81843,1.00,1.87
2018.03.05 01:06:09.903,0.81837,0.81843,1.19,1.87
2018.03.05 01:06:10.451,0.81836,0.81843,1.31,1.87
2018.03.05 01:06:11.254,0.81838,0.81844,1.69,1.12
2018.03.05 01:06:12.467,0.81839,0.81845,1.31,1.87
2018.03.05 01:06:13.005,0.81839,0.81845,1.31,1.50
2018.03.05 01:06:13.549,0.81841,0.81846,1.25,1.00
2018.03.05 01:06:13.892,0.81843,0.81847,1.25,1.00
2018.03.05 01:06:14.202,0.81839,0.81846,1.69,1.87
2018.03.05 01:06:14.254,0.8184,0.81845,1.19,1.00
2018.03.05 01:06:14.358,0.8184,0.81845,1.00,1.75
2018.03.05 01:06:14.512,0.81838,0.81843,1.00,1.87
2018.03.05 01:06:15.036,0.81837,0.81841,1.25,1.50
2018.03.05 01:06:15.509,0.81834,0.8184,1.19,1.87
2018.03.05 01:06:16.283,0.81836,0.81841,1.19,2.25
2018.03.05 01:06:16.791,0.81834,0.8184,1.19,1.50
2018.03.05 01:06:17.397,0.81834,0.81839,1.19,1.00
2018.03.05 01:06:21.858,0.81836,0.8184,1.25,1.12
2018.03.05 01:06:23.094,0.81836,0.81841,1.19,1.12
2018.03.05 01:06:25.087,0.81835,0.81841,1.19,1.12
2018.03.05 01:06:25.141,0.81834,0.81838,1.19,1.00
2018.03.05 01:06:25.193,0.81833,0.81837,1.00,1.00
2018.03.05 01:06:25.246,0.8183,0.81837,1.31,1.87
2018.03.05 01:06:25.496,0.81827,0.81834,1.69,1.87
2018.03.05 01:06:25.652,0.81826,0.81833,2.06,1.12
2018.03.05 01:06:28.281,0.81826,0.81833,2.06,1.12
2018.03.05 01:06:28.388,0.81831,0.81838,1.50,3.37
2018.03.05 01:06:28.440,0.8183,0.81837,1.69,1.12
2018.03.05 01:06:28.944,0.81831,0.81838,1.50,1.87
2018.03.05 01:06:29.332,0.81831,0.81838,1.31,1.87
2018.03.05 01:06:29.987,0.8183,0.81837,2.81,1.00
2018.03.05 01:06:30.909,0.81832,0.81837,1.69,1.00
2018.03.05 01:06:31.460,0.81832,0.81839,1.69,2.25
2018.03.05 01:06:32.288,0.81834,0.8184,1.31,2.25
2018.03.05 01:06:32.546,0.81835,0.81842,1.31,2.62
2018.03.05 01:06:36.077,0.81834,0.81841,3.19,1.12
2018.03.05 01:06:36.837,0.81833,0.81839,1.69,1.50
2018.03.05 01:06:36.890,0.81831,0.81838,2.44,1.87
2018.03.05 01:06:37.439,0.8183,0.81836,1.31,1.00
2018.03.05 01:06:39.002,0.81829,0.81836,1.69,1.50
2018.03.05 01:06:39.547,0.81829,0.81835,1.19,1.00
2018.03.05 01:06:39.954,0.81828,0.81835,1.31,1.00
2018.03.05 01:06:41.032,0.81828,0.81835,2.44,1.00
2018.03.05 01:06:42.620,0.81828,0.81835,2.06,1.00
2018.03.05 01:06:44.917,0.81828,0.81835,2.06,1.00
2018.03.05 01:06:45.516,0.81828,0.81835,2.81,1.00
2018.03.05 01:06:47.018,0.81832,0.81838,1.25,1.00
2018.03.05 01:06:47.122,0.81832,0.81839,2.44,1.50
2018.03.05 01:06:47.675,0.81833,0.8184,4.31,1.00
2018.03.05 01:06:48.220,0.81835,0.81842,1.12,2.25
2018.03.05 01:06:48.377,0.81838,0.81845,1.25,1.50
2018.03.05 01:06:48.430,0.81838,0.81845,2.81,1.12
2018.03.05 01:06:48.485,0.81841,0.81848,1.69,1.12
2018.03.05 01:06:48.537,0.81843,0.8185,1.31,1.87
2018.03.05 01:06:49.013,0.81844,0.81851,1.19,2.25
2018.03.05 01:06:49.545,0.81843,0.8185,1.69,1.00
2018.03.05 01:06:49.597,0.81842,0.81849,1.31,1.12
2018.03.05 01:06:50.109,0.81841,0.81848,2.06,1.12
2018.03.05 01:06:50.787,0.81841,0.81848,1.25,1.50
2018.03.05 01:06:51.300,0.81842,0.81848,1.19,1.50
2018.03.05 01:06:51.758,0.81845,0.81852,1.00,2.62
2018.03.05 01:06:51.863,0.81846,0.81853,1.25,1.12
2018.03.05 01:06:52.020,0.81848,0.81855,1.25,2.25
2018.03.05 01:06:52.239,0.81848,0.81856,1.31,1.50
2018.03.05 01:06:52.395,0.81847,0.81854,1.19,1.12
2018.03.05 01:06:52.728,0.81844,0.81851,2.06,1.00
2018.03.05 01:06:53.273,0.81845,0.81852,1.56,1.12
2018.03.05 01:06:53.794,0.81844,0.81851,1.12,1.12
2018.03.05 01:06:54.325,0.81845,0.81852,1.00,1.87
2018.03.05 01:06:54.911,0.81845,0.81852,2.06,1.12
2018.03.05 01:06:56.806,0.81845,0.81852,1.31,1.00
2018.03.05 01:06:57.340,0.81846,0.81853,1.25,1.12
2018.03.05 01:06:57.859,0.81846,0.81853,1.19,1.12
2018.03.05 01:06:58.514,0.81847,0.81855,1.19,1.87
2018.03.05 01:06:59.781,0.81847,0.81854,1.00,1.87
2018.03.05 01:07:01.232,0.81848,0.81855,1.00,2.25
2018.03.05 01:07:01.446,0.81849,0.81856,1.25,1.00
2018.03.05 01:07:01.599,0.8185,0.81858,1.19,1.50
2018.03.05 01:07:01.994,0.81851,0.81858,1.00,3.00
2018.03.05 01:07:02.487,0.81851,0.81858,1.00,1.12
2018.03.05 01:07:03.004,0.81852,0.81859,1.00,1.87
2018.03.05 01:07:05.386,0.81851,0.81859,1.00,2.62
2018.03.05 01:07:06.092,0.81852,0.81859,1.00,2.81
2018.03.05 01:07:06.634,0.81851,0.81859,1.25,2.62
2018.03.05 01:07:07.143,0.8185,0.81857,1.00,1.50
2018.03.05 01:07:07.245,0.81849,0.81855,1.00,1.00
2018.03.05 01:07:07.789,0.81848,0.81855,1.25,1.37
2018.03.05 01:07:08.459,0.81846,0.81853,1.00,1.00
2018.03.05 01:07:08.616,0.81844,0.81851,1.00,1.12
2018.03.05 01:07:08.939,0.81844,0.8185,1.00,1.75
2018.03.05 01:07:09.409,0.81842,0.81849,1.00,1.37
2018.03.05 01:07:09.917,0.81841,0.81848,1.00,1.37
2018.03.05 01:07:10.492,0.8184,0.81847,1.00,1.50
2018.03.05 01:07:13.130,0.8184,0.81848,1.62,2.62
2018.03.05 01:07:13.286,0.81842,0.81849,1.00,1.50
2018.03.05 01:07:13.917,0.81843,0.81851,1.00,2.25
2018.03.05 01:07:14.320,0.81845,0.81852,1.50,1.00
2018.03.05 01:07:14.628,0.81847,0.81854,1.12,1.31
2018.03.05 01:07:15.789,0.81847,0.81854,1.69,1.12
2018.03.05 01:07:18.151,0.81852,0.81858,2.44,1.00
2018.03.05 01:07:18.278,0.81855,0.81862,1.31,1.37
2018.03.05 01:07:18.790,0.81856,0.81863,1.00,3.00
2018.03.05 01:07:19.773,0.81855,0.81863,1.25,3.75
2018.03.05 01:07:20.292,0.81856,0.81863,1.00,3.00
2018.03.05 01:07:20.714,0.81859,0.81865,1.00,1.00
2018.03.05 01:07:21.243,0.81859,0.81866,1.12,1.87
2018.03.05 01:07:22.191,0.8186,0.81867,1.50,1.69
2018.03.05 01:07:22.542,0.81863,0.8187,1.12,1.50
2018.03.05 01:07:23.195,0.81863,0.8187,1.50,1.12
2018.03.05 01:07:23.807,0.81865,0.81871,1.00,1.37
2018.03.05 01:07:24.013,0.81862,0.81869,1.50,2.25
2018.03.05 01:07:24.283,0.81861,0.81867,1.12,1.50
2018.03.05 01:07:24.810,0.81859,0.81866,1.50,1.12
2018.03.05 01:07:26.995,0.81859,0.81866,1.12,1.50
2018.03.05 01:07:28.157,0.81861,0.81868,1.12,1.50
2018.03.05 01:07:28.470,0.81863,0.8187,1.25,1.75
2018.03.05 01:07:35.886,0.81863,0.81869,1.12,1.00
2018.03.05 01:07:44.757,0.81863,0.81871,1.87,1.75
2018.03.05 01:07:45.295,0.8186,0.81866,1.00,1.87
2018.03.05 01:07:45.812,0.8186,0.81866,1.00,1.12
2018.03.05 01:07:47.086,0.8186,0.81866,1.00,1.87
2018.03.05 01:07:47.600,0.8186,0.81865,1.00,1.37
2018.03.05 01:07:48.104,0.8186,0.81865,1.00,1.00
2018.03.05 01:07:48.899,0.8186,0.81866,1.00,1.00
2018.03.05 01:07:49.868,0.8186,0.81867,1.12,1.00
2018.03.05 01:07:50.855,0.81861,0.81867,1.00,1.00
2018.03.05 01:07:51.729,0.8186,0.81868,1.12,2.62
2018.03.05 01:07:54.122,0.8186,0.81868,1.75,2.62
2018.03.05 01:07:55.988,0.8186,0.81868,1.12,2.62
2018.03.05 01:07:57.946,0.81862,0.81867,1.00,1.00
2018.03.05 01:07:58.475,0.81863,0.8187,1.25,2.62
2018.03.05 01:07:59.318,0.81864,0.8187,1.00,1.37
2018.03.05 01:08:00.025,0.81865,0.8187,1.00,1.37
2018.03.05 01:08:00.834,0.81865,0.8187,1.00,1.00
2018.03.05 01:08:01.993,0.81866,0.81872,1.00,1.12
2018.03.05 01:08:03.244,0.81867,0.81873,1.12,1.00
2018.03.05 01:08:03.400,0.81869,0.81876,1.00,1.35
2018.03.05 01:08:03.939,0.8187,0.81877,1.12,2.06
2018.03.05 01:08:09.148,0.81873,0.81879,1.00,1.69
2018.03.05 01:08:09.754,0.81874,0.81881,1.12,1.31
2018.03.05 01:08:10.373,0.81876,0.81882,1.12,1.69
2018.03.05 01:08:11.263,0.81875,0.81881,1.50,1.25
2018.03.05 01:08:11.807,0.81875,0.81881,1.50,1.19
2018.03.05 01:08:13.097,0.81875,0.81882,1.87,1.56
2018.03.05 01:08:13.612,0.81875,0.81882,1.50,1.69
2018.03.05 01:08:15.406,0.81875,0.81881,1.12,1.56
2018.03.05 01:08:16.196,0.81874,0.8188,1.12,1.56
2018.03.05 01:08:16.747,0.81875,0.81881,1.50,1.37
2018.03.05 01:08:17.073,0.81873,0.81879,1.00,1.31
2018.03.05 01:08:17.621,0.81872,0.81878,1.00,1.37
2018.03.05 01:08:17.778,0.81869,0.81876,1.12,1.69
2018.03.05 01:08:18.453,0.81868,0.81875,1.50,1.37
2018.03.05 01:08:18.985,0.81868,0.81875,1.12,1.37
2018.03.05 01:08:21.061,0.81867,0.81874,1.50,1.37
2018.03.05 01:08:23.967,0.81867,0.81874,1.12,1.31
2018.03.05 01:08:24.224,0.81867,0.81875,1.50,1.50
2018.03.05 01:08:24.484,0.81868,0.81876,1.50,2.06
2018.03.05 01:08:25.005,0.81868,0.81876,1.75,1.69
2018.03.05 01:08:31.298,0.81869,0.81874,1.50,1.00
2018.03.05 01:08:31.455,0.81868,0.81873,1.12,1.00
2018.03.05 01:08:31.963,0.81866,0.81872,1.50,1.12
2018.03.05 01:08:32.477,0.81865,0.81872,1.50,1.37
2018.03.05 01:08:34.406,0.81865,0.81872,1.50,1.00
2018.03.05 01:08:36.388,0.81865,0.81873,1.50,4.31
2018.03.05 01:08:36.916,0.81863,0.81871,3.00,1.75
2018.03.05 01:08:37.430,0.81863,0.81871,3.00,1.75
2018.03.05 01:08:38.957,0.81865,0.81872,1.00,1.75
2018.03.05 01:08:39.461,0.81865,0.81873,1.50,2.44
2018.03.05 01:08:39.769,0.81868,0.81874,1.12,1.31
2018.03.05 01:08:40.278,0.81869,0.81876,1.00,3.19
2018.03.05 01:08:40.522,0.81871,0.81878,1.50,1.50
2018.03.05 01:08:41.259,0.81872,0.81879,1.12,1.12
2018.03.05 01:08:41.968,0.81872,0.81878,1.12,1.00
2018.03.05 01:08:42.125,0.81872,0.8188,1.75,2.62
2018.03.05 01:08:42.694,0.81872,0.81879,1.12,1.00
2018.03.05 01:08:43.911,0.8187,0.81876,1.50,1.37
2018.03.05 01:08:44.420,0.81869,0.81875,1.50,1.00
2018.03.05 01:08:46.495,0.8187,0.81876,1.00,1.00
2018.03.05 01:08:47.661,0.8187,0.81875,1.00,1.12
2018.03.05 01:08:47.919,0.81868,0.81875,1.12,1.00
2018.03.05 01:08:51.141,0.81869,0.81876,1.00,1.87
2018.03.05 01:08:51.719,0.81869,0.81876,1.00,1.50
2018.03.05 01:08:55.280,0.81869,0.81876,1.69,1.12
2018.03.05 01:08:56.321,0.8187,0.81878,1.69,2.25
2018.03.05 01:08:56.994,0.8187,0.81878,1.69,2.25
2018.03.05 01:08:57.505,0.81871,0.81878,1.69,1.12
2018.03.05 01:09:00.747,0.81871,0.81879,3.19,1.50
2018.03.05 01:09:01.288,0.81872,0.81879,1.69,1.12
2018.03.05 01:09:01.596,0.81871,0.81878,1.69,1.00
2018.03.05 01:09:02.097,0.81872,0.81879,1.00,1.12
2018.03.05 01:09:02.405,0.81873,0.8188,1.37,1.87
2018.03.05 01:09:04.054,0.81872,0.8188,1.87,1.50
2018.03.05 01:09:05.435,0.81871,0.81878,1.00,1.87
2018.03.05 01:09:05.771,0.81868,0.81874,1.50,1.00
2018.03.05 01:09:11.910,0.81868,0.81876,1.31,2.25
2018.03.05 01:09:12.269,0.8187,0.81876,1.00,1.12
2018.03.05 01:09:12.772,0.81869,0.81876,1.50,1.00
2018.03.05 01:09:16.664,0.81868,0.81874,1.00,1.00
2018.03.05 01:09:16.771,0.81865,0.81873,1.50,1.50
2018.03.05 01:09:17.448,0.81864,0.81872,2.06,2.62
2018.03.05 01:09:17.984,0.81864,0.81872,1.50,2.81
2018.03.05 01:09:18.241,0.81865,0.81872,1.37,2.25
2018.03.05 01:09:18.773,0.81865,0.81872,1.00,2.25
2018.03.05 01:09:19.412,0.81864,0.81872,1.50,2.44
2018.03.05 01:09:20.632,0.81864,0.81872,1.12,2.81
2018.03.05 01:09:21.153,0.81863,0.8187,1.12,1.37
2018.03.05 01:09:23.370,0.81862,0.8187,1.50,3.19
2018.03.05 01:09:24.563,0.81863,0.8187,1.00,1.69
2018.03.05 01:09:26.376,0.81863,0.8187,1.50,1.50
2018.03.05 01:09:26.583,0.81865,0.81871,1.00,1.12
2018.03.05 01:09:27.187,0.81864,0.81872,1.00,2.62
2018.03.05 01:09:27.937,0.81863,0.81872,2.44,2.62
2018.03.05 01:09:28.697,0.81864,0.81872,1.00,2.62
2018.03.05 01:09:28.976,0.81866,0.81872,1.00,1.87
2018.03.05 01:09:29.209,0.81867,0.81874,1.31,1.50
2018.03.05 01:09:29.993,0.81868,0.81874,1.12,1.00
2018.03.05 01:09:31.934,0.81868,0.81876,1.12,3.07
2018.03.05 01:09:32.479,0.81869,0.81876,1.12,1.50
2018.03.05 01:09:32.982,0.81869,0.81876,2.06,1.12
2018.03.05 01:09:33.741,0.81869,0.81876,2.25,1.00
2018.03.05 01:09:35.307,0.81871,0.81878,1.00,1.12
2018.03.05 01:09:40.391,0.81871,0.81878,2.00,1.00
2018.03.05 01:09:41.323,0.81871,0.81879,2.81,1.00
2018.03.05 01:09:42.065,0.81871,0.81878,1.69,1.00
2018.03.05 01:09:42.376,0.81867,0.81875,1.94,2.25
2018.03.05 01:09:42.893,0.81867,0.81875,1.31,2.25
2018.03.05 01:09:43.534,0.81866,0.81873,1.31,1.37
2018.03.05 01:09:44.070,0.81866,0.81873,1.69,1.00
2018.03.05 01:09:46.474,0.81867,0.81874,1.69,1.00
2018.03.05 01:09:47.139,0.81868,0.81875,1.31,1.12
2018.03.05 01:09:47.293,0.81868,0.81874,1.00,1.37
2018.03.05 01:09:47.836,0.81867,0.81874,1.31,1.00
2018.03.05 01:09:48.173,0.81866,0.81873,2.06,1.50
2018.03.05 01:09:49.080,0.81866,0.81874,2.44,1.87
2018.03.05 01:09:51.283,0.81867,0.81875,1.69,2.62
2018.03.05 01:09:51.819,0.81868,0.81875,1.25,1.87
2018.03.05 01:09:53.368,0.81867,0.81875,1.69,3.75
2018.03.05 01:09:53.524,0.81866,0.81874,1.12,1.87
2018.03.05 01:09:54.038,0.81865,0.81873,1.87,1.87
2018.03.05 01:09:54.193,0.81864,0.8187,1.87,1.00
2018.03.05 01:09:54.714,0.81863,0.81869,1.19,1.00
2018.03.05 01:09:55.288,0.81863,0.81869,1.25,1.00
2018.03.05 01:09:56.726,0.81862,0.81869,1.19,1.87
2018.03.05 01:09:57.257,0.81861,0.81869,1.31,1.87
2018.03.05 01:09:58.033,0.81861,0.81868,1.19,1.37
2018.03.05 01:09:58.394,0.81861,0.81868,1.25,1.37
2018.03.05 01:09:58.897,0.8186,0.81868,2.44,1.87
2018.03.05 01:09:59.806,0.81861,0.81868,1.25,1.37
2018.03.05 01:10:00.451,0.8186,0.81868,2.06,1.87
2018.03.05 01:10:00.724,0.81863,0.8187,2.06,1.00
2018.03.05 01:10:01.140,0.81861,0.81869,2.06,1.75
2018.03.05 01:10:01.489,0.81863,0.81871,2.81,1.87
2018.03.05 01:10:01.593,0.81863,0.81871,1.69,2.25
2018.03.05 01:10:02.313,0.81862,0.8187,2.81,1.50
2018.03.05 01:10:02.684,0.81863,0.8187,2.44,1.00
2018.03.05 01:10:03.200,0.81864,0.81871,1.69,1.00
2018.03.05 01:10:04.985,0.81864,0.81872,1.50,2.44
2018.03.05 01:10:05.421,0.81865,0.81872,1.50,1.00
2018.03.05 01:10:06.629,0.81865,0.81873,1.50,3.00
2018.03.05 01:10:07.052,0.81863,0.81871,2.06,1.87
2018.03.05 01:10:09.406,0.81862,0.8187,2.25,1.87
2018.03.05 01:10:10.442,0.81863,0.81871,2.25,1.87
2018.03.05 01:10:11.564,0.81864,0.81871,1.62,1.12
2018.03.05 01:10:14.435,0.81863,0.81871,1.87,1.50
2018.03.05 01:10:15.590,0.81863,0.81871,1.31,1.87
2018.03.05 01:10:16.062,0.81862,0.8187,2.44,1.87
2018.03.05 01:10:16.270,0.81864,0.8187,1.31,1.00
2018.03.05 01:10:16.425,0.81866,0.81872,1.12,1.00
2018.03.05 01:10:16.738,0.81868,0.81875,1.50,1.50
2018.03.05 01:10:17.707,0.81869,0.81876,1.69,1.00
2018.03.05 01:10:18.425,0.81868,0.81875,2.06,1.37
2018.03.05 01:10:19.230,0.81868,0.81875,2.06,1.12
2018.03.05 01:10:19.644,0.81868,0.81875,2.44,1.00
2018.03.05 01:10:19.887,0.81872,0.81879,1.50,1.25
2018.03.05 01:10:20.304,0.81871,0.81878,1.50,1.62
2018.03.05 01:10:20.820,0.81871,0.81878,1.31,1.37
2018.03.05 01:10:22.544,0.81871,0.81877,1.12,1.37
2018.03.05 01:10:27.012,0.81869,0.81876,1.87,1.37
2018.03.05 01:10:27.599,0.8187,0.81876,1.87,1.00
2018.03.05 01:10:30.486,0.81871,0.81877,1.12,1.00
2018.03.05 01:10:33.458,0.81871,0.81878,1.50,1.12
2018.03.05 01:10:40.214,0.81871,0.81876,1.12,1.00
2018.03.05 01:10:41.485,0.8187,0.81875,2.25,1.00
2018.03.05 01:10:41.538,0.81868,0.81874,1.12,1.50
2018.03.05 01:10:41.591,0.81864,0.8187,1.50,1.25
2018.03.05 01:10:41.913,0.81862,0.8187,1.69,2.44
2018.03.05 01:10:42.457,0.81862,0.81869,1.31,1.50
2018.03.05 01:10:44.173,0.81861,0.81869,2.44,1.87
2018.03.05 01:10:44.692,0.8186,0.81866,1.31,1.50
2018.03.05 01:10:45.242,0.81859,0.81866,2.81,1.50
2018.03.05 01:10:45.346,0.8186,0.81867,1.69,1.12
2018.03.05 01:10:46.891,0.8186,0.81868,3.19,1.87
2018.03.05 01:10:47.398,0.81862,0.81868,1.69,1.50
2018.03.05 01:10:48.272,0.81863,0.81871,2.00,1.65
2018.03.05 01:10:49.822,0.81863,0.81871,2.81,1.50
2018.03.05 01:10:51.488,0.81862,0.8187,3.94,1.87
2018.03.05 01:10:53.722,0.81863,0.81871,2.81,1.87
2018.03.05 01:10:54.241,0.81864,0.81872,2.44,1.87
2018.03.05 01:10:55.373,0.81865,0.81872,1.19,1.50
2018.03.05 01:10:55.891,0.81864,0.81872,2.06,1.87
2018.03.05 01:10:57.206,0.81863,0.81871,3.19,1.50
2018.03.05 01:10:57.775,0.81863,0.81871,4.69,1.50
2018.03.05 01:10:58.376,0.81863,0.8187,3.94,1.50
2018.03.05 01:11:00.654,0.81864,0.8187,1.19,1.12
2018.03.05 01:11:00.965,0.81868,0.81875,2.06,1.87
2018.03.05 01:11:02.235,0.81868,0.81875,3.19,1.12
2018.03.05 01:11:02.795,0.81868,0.81876,3.94,1.87
2018.03.05 01:11:03.382,0.81868,0.81876,3.75,1.87
2018.03.05 01:11:04.034,0.81868,0.81876,3.94,1.50
2018.03.05 01:11:04.777,0.81867,0.81875,2.81,2.25
2018.03.05 01:11:05.290,0.81866,0.81873,1.31,1.50
2018.03.05 01:11:05.939,0.81866,0.81873,1.12,1.69
2018.03.05 01:11:06.149,0.81863,0.8187,1.87,1.50
2018.03.05 01:11:06.682,0.81863,0.81869,1.12,1.12
2018.03.05 01:11:07.287,0.81862,0.81869,1.69,1.37
2018.03.05 01:11:07.804,0.81861,0.81867,1.31,1.50
2018.03.05 01:11:08.246,0.81859,0.81866,1.87,1.00
2018.03.05 01:11:08.404,0.81857,0.81865,2.62,2.06
2018.03.05 01:11:09.002,0.81857,0.81864,2.25,1.12
2018.03.05 01:11:09.536,0.81857,0.81863,1.50,1.00
2018.03.05 01:11:10.881,0.81857,0.81864,1.50,1.12
2018.03.05 01:11:11.191,0.81855,0.81862,1.69,1.12
2018.03.05 01:11:13.168,0.81855,0.81863,3.19,1.87
2018.03.05 01:11:13.701,0.81855,0.81862,2.06,1.50
2018.03.05 01:11:13.862,0.81854,0.81861,1.25,1.87
2018.03.05 01:11:14.368,0.81855,0.81863,1.50,1.50
2018.03.05 01:11:14.472,0.81858,0.81865,1.00,2.06
2018.03.05 01:11:15.018,0.81857,0.81864,1.00,1.00
2018.03.05 01:11:15.533,0.81857,0.81864,1.00,1.37
2018.03.05 01:11:18.754,0.81857,0.81865,1.12,1.87
2018.03.05 01:11:19.123,0.81857,0.81865,1.12,2.06
2018.03.05 01:11:20.655,0.81855,0.81861,1.00,1.00
2018.03.05 01:11:20.805,0.81854,0.81861,1.31,1.50
2018.03.05 01:11:22.817,0.81853,0.8186,1.87,1.69
2018.03.05 01:11:23.161,0.8185,0.81857,2.81,1.37
2018.03.05 01:11:29.240,0.8185,0.81855,1.31,1.00
2018.03.05 01:11:31.085,0.81849,0.81856,3.56,1.00
2018.03.05 01:11:31.593,0.81849,0.81855,3.56,1.00
2018.03.05 01:11:32.537,0.81849,0.81854,1.87,1.00
2018.03.05 01:11:33.057,0.81849,0.81854,1.69,1.00
2018.03.05 01:11:33.566,0.81849,0.81855,2.44,1.00
2018.03.05 01:11:34.591,0.81851,0.81857,2.06,1.00
2018.03.05 01:11:37.752,0.81854,0.8186,1.69,1.12
2018.03.05 01:11:37.805,0.81854,0.8186,2.81,1.00
2018.03.05 01:11:37.911,0.81857,0.81862,1.00,1.00
2018.03.05 01:11:41.151,0.81856,0.81863,5.06,1.00
2018.03.05 01:11:42.728,0.81857,0.81862,1.31,1.00
2018.03.05 01:11:44.515,0.81857,0.81863,2.06,1.00
2018.03.05 01:11:44.879,0.81858,0.81864,2.81,1.00
2018.03.05 01:11:45.418,0.81858,0.81862,1.00,1.00
2018.03.05 01:11:45.944,0.81857,0.81862,1.25,1.00
2018.03.05 01:11:46.779,0.81856,0.81862,2.25,1.12
2018.03.05 01:11:47.091,0.81856,0.8186,1.12,1.00
2018.03.05 01:11:47.451,0.81856,0.81862,2.81,1.00
2018.03.05 01:11:48.002,0.81856,0.81862,2.81,1.00
2018.03.05 01:11:49.670,0.81858,0.81864,1.31,1.00
2018.03.05 01:11:50.401,0.8186,0.81865,1.69,1.00
2018.03.05 01:11:50.707,0.81863,0.81868,1.31,1.00
2018.03.05 01:11:50.860,0.81864,0.81868,1.25,1.00
2018.03.05 01:11:51.382,0.81864,0.81869,1.19,1.00
2018.03.05 01:11:52.417,0.81864,0.81869,1.31,1.00
2018.03.05 01:11:52.937,0.81863,0.81868,2.44,1.00
2018.03.05 01:11:53.420,0.81862,0.81866,1.31,1.00
2018.03.05 01:11:57.583,0.81862,0.81867,1.69,1.00
2018.03.05 01:11:57.994,0.81862,0.81868,3.19,1.00
2018.03.05 01:11:58.641,0.81862,0.81868,2.06,1.00
2018.03.05 01:11:59.370,0.81862,0.81868,2.06,1.00
2018.03.05 01:11:59.800,0.81862,0.81868,2.06,1.00
2018.03.05 01:12:00.783,0.81862,0.81868,2.44,1.00
2018.03.05 01:12:01.297,0.81864,0.81868,1.69,1.00
2018.03.05 01:12:02.996,0.81864,0.81869,1.31,1.00
2018.03.05 01:12:03.274,0.81867,0.81871,1.00,1.00
2018.03.05 01:12:03.539,0.81868,0.81873,2.25,1.00
2018.03.05 01:12:04.012,0.81869,0.81874,1.69,1.00
2018.03.05 01:12:04.374,0.81869,0.81875,3.19,1.00
2018.03.05 01:12:05.425,0.81869,0.81874,3.94,1.00
2018.03.05 01:12:06.345,0.81869,0.81874,3.19,1.00
2018.03.05 01:12:10.464,0.81868,0.81874,1.31,1.00
2018.03.05 01:12:10.928,0.81868,0.81872,1.12,1.00
2018.03.05 01:12:11.533,0.81868,0.81873,1.31,1.00
2018.03.05 01:12:12.207,0.81869,0.81873,1.00,1.00
2018.03.05 01:12:12.834,0.81869,0.81874,1.25,1.00
2018.03.05 01:12:18.084,0.81869,0.81873,1.31,1.00
2018.03.05 01:12:19.673,0.81869,0.81874,1.31,1.00
2018.03.05 01:12:20.187,0.81869,0.81874,1.19,1.00
2018.03.05 01:12:21.849,0.81869,0.81874,1.69,1.00
2018.03.05 01:12:22.381,0.81869,0.81874,1.31,1.00
2018.03.05 01:12:25.192,0.81868,0.81873,3.94,1.00
2018.03.05 01:12:25.506,0.81866,0.81871,1.62,1.00
2018.03.05 01:12:25.661,0.81868,0.81873,1.00,1.00
2018.03.05 01:12:26.278,0.81869,0.81873,1.25,1.00
2018.03.05 01:12:27.758,0.81868,0.81873,2.81,1.00
2018.03.05 01:12:28.016,0.81867,0.81871,4.31,1.00
2018.03.05 01:12:28.430,0.81868,0.81872,1.00,1.50
2018.03.05 01:12:29.065,0.81866,0.81871,1.31,1.00
2018.03.05 01:12:29.584,0.81866,0.81871,2.06,1.00
2018.03.05 01:12:32.154,0.81867,0.81874,2.06,1.50
2018.03.05 01:12:32.207,0.81868,0.81875,3.19,1.12
2018.03.05 01:12:33.055,0.81869,0.81876,1.12,2.44
2018.03.05 01:12:33.107,0.81867,0.81873,2.62,1.25
2018.03.05 01:12:33.160,0.81865,0.81871,2.62,1.00
2018.03.05 01:12:33.520,0.81868,0.81875,1.50,1.31
2018.03.05 01:12:34.059,0.81867,0.81874,3.37,1.00
2018.03.05 01:12:34.605,0.81867,0.81874,4.12,1.00
2018.03.05 01:12:35.677,0.81868,0.81875,1.50,1.31
2018.03.05 01:12:36.424,0.81868,0.81875,2.25,1.31
2018.03.05 01:12:36.891,0.81867,0.81874,1.87,1.31
2018.03.05 01:12:37.431,0.81868,0.81874,1.00,1.12
2018.03.05 01:12:37.834,0.81866,0.81871,1.00,2.81
2018.03.05 01:12:37.886,0.81864,0.81871,1.12,2.81
2018.03.05 01:12:40.608,0.81862,0.81869,1.12,1.69
2018.03.05 01:12:41.084,0.81862,0.81869,2.25,1.69
2018.03.05 01:12:41.136,0.81864,0.81871,1.50,3.00
2018.03.05 01:12:41.433,0.81864,0.8187,2.25,1.94
2018.03.05 01:12:42.134,0.81864,0.81869,2.25,1.25
2018.03.05 01:12:42.530,0.81864,0.8187,2.25,1.00
2018.03.05 01:12:43.047,0.81864,0.81871,2.25,1.69
2018.03.05 01:12:43.413,0.81865,0.81872,3.37,1.12
2018.03.05 01:12:44.141,0.81866,0.81873,3.37,2.06
2018.03.05 01:12:44.670,0.81867,0.81874,1.50,2.06
2018.03.05 01:12:47.767,0.81867,0.81874,2.25,2.06
2018.03.05 01:12:48.316,0.81867,0.81874,1.87,2.06
2018.03.05 01:12:50.206,0.81869,0.81875,1.00,2.44
2018.03.05 01:12:51.103,0.81867,0.81874,3.00,2.44
2018.03.05 01:12:51.698,0.81866,0.81872,2.25,1.31
2018.03.05 01:12:52.008,0.81864,0.8187,1.50,1.19
2018.03.05 01:12:54.228,0.81863,0.8187,1.50,2.06
2018.03.05 01:12:56.478,0.81861,0.81868,1.50,2.06
2018.03.05 01:12:59.420,0.81862,0.81869,1.50,1.69
2018.03.05 01:13:00.077,0.81862,0.81869,1.50,1.69
2018.03.05 01:13:02.596,0.81863,0.8187,3.00,1.31
2018.03.05 01:13:02.906,0.81866,0.81873,1.50,2.44
2018.03.05 01:13:03.412,0.81866,0.81873,1.50,2.25
2018.03.05 01:13:03.723,0.8187,0.81876,2.06,1.12
2018.03.05 01:13:04.054,0.81867,0.81874,3.75,1.31
2018.03.05 01:13:04.581,0.81868,0.81875,3.37,1.69
2018.03.05 01:13:05.187,0.81869,0.81873,1.00,1.25
2018.03.05 01:13:11.643,0.81868,0.81873,1.87,1.25
2018.03.05 01:13:12.439,0.81869,0.81875,1.00,1.31
2018.03.05 01:13:13.334,0.81869,0.81875,1.50,1.69
2018.03.05 01:13:29.483,0.81868,0.81875,2.25,1.31
2018.03.05 01:13:29.987,0.8187,0.81876,1.50,1.00
2018.03.05 01:13:30.489,0.8187,0.81877,1.75,1.69
2018.03.05 01:13:35.875,0.8187,0.81877,2.25,1.50
2018.03.05 01:13:35.928,0.81869,0.81875,1.50,1.19
2018.03.05 01:13:36.032,0.81867,0.81873,4.50,1.62
2018.03.05 01:13:36.137,0.81868,0.81874,1.50,1.19
2018.03.05 01:13:36.690,0.81868,0.81874,2.62,1.00
2018.03.05 01:13:37.495,0.81869,0.81875,2.62,1.12
2018.03.05 01:13:40.174,0.8187,0.81877,3.00,2.81
2018.03.05 01:13:40.979,0.8187,0.81877,1.50,2.44
2018.03.05 01:13:41.032,0.81868,0.81875,1.50,2.81
2018.03.05 01:13:41.139,0.8187,0.81877,1.50,3.19
2018.03.05 01:13:41.777,0.81871,0.81878,1.37,2.06
2018.03.05 01:13:42.302,0.81871,0.81878,1.87,2.06
2018.03.05 01:13:42.455,0.8187,0.81877,2.25,1.50
2018.03.05 01:13:42.966,0.81869,0.81876,1.50,1.87
2018.03.05 01:13:53.880,0.81868,0.81875,2.62,1.50
2018.03.05 01:13:54.494,0.81868,0.81875,3.37,1.12
2018.03.05 01:13:55.548,0.81868,0.81875,2.62,1.12
2018.03.05 01:13:56.962,0.81868,0.81874,1.50,1.19
2018.03.05 01:13:57.170,0.81866,0.81873,2.25,1.69
2018.03.05 01:13:57.325,0.81866,0.81873,2.25,1.69
2018.03.05 01:14:04.036,0.81865,0.81871,1.75,1.25
2018.03.05 01:14:05.012,0.81866,0.81872,1.00,1.69
2018.03.05 01:14:05.304,0.81864,0.81871,2.62,2.06
2018.03.05 01:14:05.897,0.81864,0.81868,2.25,1.25
2018.03.05 01:14:06.998,0.8186,0.81866,3.75,2.06
2018.03.05 01:14:07.103,0.81858,0.81863,1.50,1.00
2018.03.05 01:14:07.307,0.81856,0.81863,1.50,2.44
2018.03.05 01:14:12.222,0.81854,0.81861,2.25,1.31
2018.03.05 01:14:12.290,0.81854,0.81859,2.25,1.19
2018.03.05 01:14:12.871,0.81853,0.8186,1.50,2.06
2018.03.05 01:14:14.482,0.81852,0.8186,2.25,2.06
2018.03.05 01:14:16.608,0.81852,0.81859,3.00,1.31
2018.03.05 01:14:17.182,0.81852,0.81859,2.25,2.06
2018.03.05 01:14:17.738,0.81853,0.81859,1.12,1.12
2018.03.05 01:14:18.049,0.81856,0.81861,1.00,1.12
2018.03.05 01:14:18.593,0.81855,0.81862,2.62,1.12
2018.03.05 01:14:19.342,0.81855,0.81862,1.87,2.06
2018.03.05 01:14:20.873,0.81856,0.81862,1.00,2.06
2018.03.05 01:14:21.464,0.81855,0.81861,1.75,1.25
2018.03.05 01:14:22.695,0.81856,0.81862,1.00,2.06
2018.03.05 01:14:23.007,0.81851,0.81857,1.12,2.44
2018.03.05 01:14:24.156,0.8185,0.81857,1.12,2.44
2018.03.05 01:14:25.471,0.81849,0.81855,1.50,1.31
2018.03.05 01:14:28.536,0.8185,0.81857,1.50,2.44
2018.03.05 01:14:29.320,0.81848,0.81855,2.25,2.81
2018.03.05 01:14:29.372,0.81848,0.81854,1.50,1.31
2018.03.05 01:14:29.424,0.81846,0.81853,1.12,2.81
2018.03.05 01:14:30.026,0.81845,0.81852,1.50,1.31
2018.03.05 01:14:30.130,0.81844,0.81851,3.37,1.00
2018.03.05 01:14:32.415,0.81846,0.81852,1.00,1.69
2018.03.05 01:14:32.520,0.81847,0.81853,1.50,1.12
2018.03.05 01:14:33.799,0.81847,0.81854,1.87,1.69
2018.03.05 01:14:34.346,0.81845,0.81852,1.87,1.31
2018.03.05 01:14:34.742,0.81845,0.81851,1.00,1.50
2018.03.05 01:14:36.437,0.81846,0.81851,1.00,1.50
2018.03.05 01:14:37.211,0.81845,0.81851,1.12,1.50
2018.03.05 01:14:37.727,0.81846,0.81852,2.81,1.50
2018.03.05 01:14:38.262,0.81847,0.81853,1.69,1.50
2018.03.05 01:14:40.039,0.81846,0.81852,1.50,1.12
2018.03.05 01:14:41.348,0.81845,0.81852,2.81,1.12
2018.03.05 01:14:41.616,0.81846,0.81854,4.31,1.12
2018.03.05 01:14:44.607,0.81846,0.81854,2.06,1.50
2018.03.05 01:14:45.027,0.81844,0.81851,2.25,1.50
2018.03.05 01:14:45.557,0.81845,0.81852,3.19,1.12
2018.03.05 01:14:45.763,0.81847,0.81854,1.31,1.50
2018.03.05 01:14:46.389,0.81848,0.81854,1.31,1.00
2018.03.05 01:14:47.321,0.81848,0.81855,2.06,1.12
2018.03.05 01:14:48.627,0.81848,0.81855,2.44,1.12
2018.03.05 01:14:49.262,0.81848,0.81856,2.81,1.12
2018.03.05 01:14:49.812,0.81848,0.81855,2.44,1.00
2018.03.05 01:14:57.840,0.81848,0.81855,1.50,1.00
2018.03.05 01:14:58.150,0.81846,0.81853,1.75,1.12
2018.03.05 01:14:58.713,0.81846,0.81853,1.50,1.12
2018.03.05 01:14:59.262,0.81845,0.81852,2.25,1.12
2018.03.05 01:14:59.933,0.81844,0.81852,1.75,1.31
2018.03.05 01:15:00.442,0.81843,0.81851,3.00,1.12
2018.03.05 01:15:02.222,0.81843,0.8185,2.25,1.00
2018.03.05 01:15:02.325,0.81842,0.81849,2.25,1.00
2018.03.05 01:15:03.286,0.81842,0.81848,1.50,1.00
2018.03.05 01:15:04.659,0.81841,0.81848,1.50,1.12
2018.03.05 01:15:05.862,0.81841,0.81848,1.50,1.31
2018.03.05 01:15:06.916,0.8184,0.81847,2.25,1.31
2018.03.05 01:15:07.587,0.81839,0.81846,2.25,1.12
2018.03.05 01:15:08.026,0.81838,0.81845,1.50,1.50
2018.03.05 01:15:08.337,0.81833,0.81838,1.12,2.06
2018.03.05 01:15:08.493,0.81833,0.8184,2.25,1.12
2018.03.05 01:15:09.016,0.81833,0.81841,2.25,1.31
2018.03.05 01:15:09.577,0.81833,0.81841,2.25,1.69
2018.03.05 01:15:10.089,0.81834,0.81841,3.00,1.00
2018.03.05 01:15:10.244,0.81835,0.81843,2.62,1.31
2018.03.05 01:15:10.348,0.81835,0.81841,1.12,1.00
2018.03.05 01:15:10.875,0.81834,0.81841,1.87,1.31
2018.03.05 01:15:11.989,0.81832,0.8184,3.00,1.31
2018.03.05 01:15:12.299,0.81829,0.81836,2.62,1.00
2018.03.05 01:15:12.818,0.81828,0.81835,3.75,1.00
2018.03.05 01:15:13.397,0.81828,0.81834,1.12,1.00
2018.03.05 01:15:16.404,0.81829,0.81834,1.00,1.00
2018.03.05 01:15:16.937,0.81829,0.81835,1.00,1.12
2018.03.05 01:15:17.446,0.81828,0.81835,3.75,1.12
2018.03.05 01:15:17.960,0.81826,0.81833,4.12,1.12
2018.03.05 01:15:18.463,0.81827,0.81833,1.50,1.12
2018.03.05 01:15:18.987,0.81828,0.81833,1.00,1.12
2018.03.05 01:15:19.503,0.81828,0.81834,2.25,1.12
2018.03.05 01:15:19.941,0.81831,0.81839,1.87,1.50
2018.03.05 01:15:19.993,0.81833,0.81839,1.00,1.50
2018.03.05 01:15:20.147,0.81832,0.8184,3.37,1.31
2018.03.05 01:15:20.353,0.81832,0.81839,2.25,1.19
2018.03.05 01:15:21.078,0.81832,0.81839,1.12,1.69
2018.03.05 01:15:22.164,0.81832,0.81839,1.12,1.69
2018.03.05 01:15:24.510,0.81831,0.81837,1.50,1.19
2018.03.05 01:15:25.042,0.81832,0.81839,2.25,1.31
2018.03.05 01:15:25.145,0.81833,0.8184,2.25,1.25
2018.03.05 01:15:25.790,0.81833,0.8184,1.50,1.19
2018.03.05 01:15:26.310,0.81832,0.81839,1.50,1.31
2018.03.05 01:15:26.849,0.81832,0.8184,3.37,2.44
2018.03.05 01:15:28.267,0.81833,0.8184,1.12,2.44
2018.03.05 01:15:28.524,0.81835,0.81841,1.12,1.31
2018.03.05 01:15:28.834,0.81836,0.81843,2.25,1.31
2018.03.05 01:15:29.297,0.81838,0.81845,1.50,2.44
2018.03.05 01:15:29.843,0.81837,0.81845,1.12,2.44
2018.03.05 01:15:30.358,0.81838,0.81845,1.00,1.69
2018.03.05 01:15:35.100,0.81842,0.81849,1.50,2.06
2018.03.05 01:15:35.610,0.81845,0.81851,1.00,2.44
2018.03.05 01:15:36.124,0.81845,0.81851,1.12,1.19
2018.03.05 01:15:36.675,0.81843,0.81851,3.00,2.06
2018.03.05 01:15:37.352,0.81844,0.81851,1.12,2.06
2018.03.05 01:15:37.661,0.81847,0.81853,1.00,1.25
2018.03.05 01:15:38.023,0.81846,0.81851,1.12,1.19
2018.03.05 01:15:38.549,0.81845,0.81851,1.00,1.19
2018.03.05 01:15:38.880,0.81844,0.8185,1.87,1.19
2018.03.05 01:15:39.410,0.81845,0.81851,1.00,1.31
2018.03.05 01:15:39.939,0.81845,0.81852,1.50,2.44
2018.03.05 01:15:41.570,0.81845,0.81852,1.50,1.50
2018.03.05 01:15:42.234,0.81846,0.81852,1.00,1.50
2018.03.05 01:15:42.453,0.81846,0.81853,1.12,1.31
2018.03.05 01:15:43.058,0.81846,0.81853,1.50,1.31
2018.03.05 01:15:43.328,0.81845,0.81853,2.25,1.31
2018.03.05 01:15:43.852,0.81847,0.81853,1.00,2.44
2018.03.05 01:15:44.016,0.8185,0.81857,2.25,1.31
2018.03.05 01:15:44.954,0.8185,0.81857,1.50,1.19
2018.03.05 01:15:45.012,0.8185,0.81856,1.50,1.19
2018.03.05 01:15:45.117,0.8185,0.81857,1.50,1.19
2018.03.05 01:15:47.233,0.81852,0.81858,2.62,1.25
2018.03.05 01:15:47.285,0.81854,0.8186,1.00,2.44
2018.03.05 01:15:50.218,0.81856,0.81862,1.50,1.19
2018.03.05 01:15:50.776,0.81856,0.81862,1.50,1.19
2018.03.05 01:15:51.299,0.81856,0.8186,1.12,1.19
2018.03.05 01:15:53.487,0.81856,0.81861,1.50,1.19
2018.03.05 01:15:54.119,0.81856,0.8186,1.12,1.19
2018.03.05 01:16:01.037,0.81856,0.81863,1.50,2.06
2018.03.05 01:16:02.160,0.81856,0.81863,1.50,1.12
2018.03.05 01:16:02.626,0.81857,0.81864,2.62,1.12
2018.03.05 01:16:03.427,0.81858,0.81865,1.87,1.31
2018.03.05 01:16:04.780,0.81859,0.81865,1.37,1.25
2018.03.05 01:16:07.077,0.81859,0.81866,1.37,1.31
2018.03.05 01:16:07.390,0.8186,0.81868,3.00,2.06
2018.03.05 01:16:09.345,0.8186,0.81868,1.50,2.06
2018.03.05 01:16:09.941,0.8186,0.81868,1.50,2.81
2018.03.05 01:16:10.502,0.81858,0.81866,5.62,1.31
2018.03.05 01:16:11.017,0.81857,0.81865,1.87,1.12
2018.03.05 01:16:11.638,0.81857,0.81864,1.50,1.12
2018.03.05 01:16:12.690,0.81856,0.81864,3.75,1.12
2018.03.05 01:16:14.497,0.81857,0.81864,1.50,1.12
2018.03.05 01:16:17.138,0.81857,0.81865,2.25,1.12
2018.03.05 01:16:17.393,0.81857,0.81864,2.25,1.69
2018.03.05 01:16:18.629,0.81857,0.81864,1.27,1.31
2018.03.05 01:16:19.759,0.81857,0.81864,2.25,1.31
2018.03.05 01:16:24.282,0.81857,0.81864,1.12,1.31
2018.03.05 01:16:24.911,0.81856,0.81863,1.12,1.31
2018.03.05 01:16:25.424,0.81856,0.81862,1.12,1.31
2018.03.05 01:16:25.529,0.81854,0.81861,3.00,1.19
2018.03.05 01:16:27.482,0.81854,0.81861,1.12,2.06
2018.03.05 01:16:27.947,0.81852,0.81859,1.50,1.19
2018.03.05 01:16:30.577,0.81851,0.81858,1.87,1.56
2018.03.05 01:16:30.891,0.81848,0.81855,2.62,1.19
2018.03.05 01:16:31.696,0.81848,0.81855,1.12,2.44
2018.03.05 01:16:32.235,0.81848,0.81854,1.00,1.19
2018.03.05 01:16:33.086,0.81846,0.81853,1.00,2.44
2018.03.05 01:16:33.241,0.81844,0.81852,4.12,1.31
2018.03.05 01:16:33.883,0.81845,0.81853,2.62,2.81
2018.03.05 01:16:34.042,0.81847,0.81854,1.50,1.31
2018.03.05 01:16:36.296,0.81847,0.81854,2.25,1.31
2018.03.05 01:16:36.808,0.81849,0.81855,1.12,1.31
2018.03.05 01:16:37.343,0.81849,0.81856,1.12,2.44
2018.03.05 01:16:41.174,0.8185,0.81858,2.25,3.19
2018.03.05 01:16:41.229,0.81851,0.81858,1.50,2.06
2018.03.05 01:16:41.781,0.81851,0.81858,1.87,1.31
2018.03.05 01:16:42.293,0.81852,0.81859,2.25,1.31
2018.03.05 01:16:42.907,0.81851,0.81857,1.00,2.06
2018.03.05 01:16:43.010,0.81849,0.81856,1.87,2.44
2018.03.05 01:16:43.164,0.8185,0.81856,1.37,1.00
2018.03.05 01:16:43.697,0.8185,0.81857,1.50,1.31
2018.03.05 01:16:44.865,0.81854,0.8186,1.00,1.69
2018.03.05 01:16:44.917,0.81855,0.81861,1.00,1.12
2018.03.05 01:16:45.019,0.81855,0.81862,1.87,1.12
2018.03.05 01:16:45.564,0.81856,0.81863,1.87,1.12
2018.03.05 01:16:46.575,0.81855,0.81862,3.00,1.00
2018.03.05 01:16:47.091,0.81855,0.81861,1.12,1.00
2018.03.05 01:16:47.686,0.81856,0.81864,3.75,1.31
2018.03.05 01:16:48.230,0.81859,0.81865,1.00,1.25
2018.03.05 01:16:49.989,0.81858,0.81865,3.37,1.25
2018.03.05 01:16:53.502,0.81859,0.81865,1.00,1.69
2018.03.05 01:16:54.490,0.81859,0.81865,1.00,1.50
2018.03.05 01:16:54.954,0.81861,0.81868,3.00,1.00
2018.03.05 01:16:55.083,0.81863,0.8187,3.00,1.69
2018.03.05 01:16:55.658,0.81863,0.8187,2.62,1.69
2018.03.05 01:16:56.129,0.81864,0.8187,1.37,1.69
2018.03.05 01:16:56.233,0.81865,0.81872,1.12,2.06
2018.03.05 01:16:56.786,0.81865,0.81872,2.25,1.19
2018.03.05 01:16:57.404,0.81865,0.81872,1.50,1.69
2018.03.05 01:16:57.926,0.81864,0.81871,1.37,1.69
2018.03.05 01:17:01.015,0.81861,0.81867,1.37,1.19
2018.03.05 01:17:01.067,0.8186,0.81868,2.25,2.81
2018.03.05 01:17:03.444,0.81863,0.81869,1.50,1.25
2018.03.05 01:17:03.944,0.81861,0.81867,1.12,1.00
2018.03.05 01:17:04.462,0.8186,0.81866,1.12,1.00
2018.03.05 01:17:06.588,0.81861,0.81866,1.00,1.00
2018.03.05 01:17:07.301,0.8186,0.81866,1.12,1.00
2018.03.05 01:17:07.817,0.81861,0.81866,1.00,1.25
2018.03.05 01:17:08.326,0.81861,0.81867,1.12,1.12
2018.03.05 01:17:13.616,0.81861,0.81867,1.75,1.00
2018.03.05 01:17:17.938,0.81861,0.81867,1.37,1.00
2018.03.05 01:17:18.897,0.81861,0.81867,1.00,1.00
2018.03.05 01:17:19.267,0.81859,0.81866,2.25,2.06
2018.03.05 01:17:20.416,0.81859,0.81865,1.50,1.12
2018.03.05 01:17:23.206,0.81857,0.81864,1.50,2.06
2018.03.05 01:17:23.516,0.81855,0.81861,1.50,1.19
2018.03.05 01:17:24.512,0.81856,0.81861,1.12,1.19
2018.03.05 01:17:24.565,0.81856,0.81864,2.62,1.50
2018.03.05 01:17:24.670,0.81857,0.81864,3.37,1.00
2018.03.05 01:17:25.095,0.81855,0.81863,2.62,2.44
2018.03.05 01:17:25.353,0.81855,0.81861,1.00,1.31
2018.03.05 01:17:27.201,0.81853,0.8186,2.25,1.31
2018.03.05 01:17:28.142,0.81853,0.8186,2.25,1.31
2018.03.05 01:17:28.457,0.81855,0.81861,1.37,1.69
2018.03.05 01:17:29.896,0.81855,0.81861,1.00,1.31
2018.03.05 01:17:30.426,0.81854,0.81861,1.00,1.12
2018.03.05 01:17:30.983,0.81854,0.81861,1.00,1.31
2018.03.05 01:17:32.051,0.81853,0.8186,2.25,1.31
2018.03.05 01:17:32.602,0.81853,0.8186,1.50,2.06
2018.03.05 01:17:32.991,0.81855,0.81861,1.00,2.44
2018.03.05 01:17:33.357,0.81852,0.8186,2.25,2.44
2018.03.05 01:17:33.920,0.81852,0.8186,1.50,2.44
2018.03.05 01:17:35.086,0.81851,0.81857,1.87,1.19
2018.03.05 01:17:35.605,0.8185,0.81856,1.87,1.19
2018.03.05 01:17:37.473,0.8185,0.81856,2.25,1.19
2018.03.05 01:17:38.078,0.8185,0.81857,1.50,1.31
2018.03.05 01:17:38.635,0.8185,0.81857,1.50,2.44
2018.03.05 01:17:39.351,0.8185,0.81857,1.50,2.06
2018.03.05 01:17:40.713,0.8185,0.81857,1.12,1.25
2018.03.05 01:17:41.249,0.81849,0.81857,2.25,2.06
2018.03.05 01:17:41.352,0.81848,0.81855,1.12,1.25
2018.03.05 01:17:43.226,0.81848,0.81855,1.12,2.06
2018.03.05 01:17:43.332,0.81849,0.81856,1.75,2.81
2018.03.05 01:17:43.943,0.81849,0.81857,1.75,2.06
2018.03.05 01:17:48.893,0.8185,0.81857,1.00,2.81
2018.03.05 01:17:49.566,0.81849,0.81856,1.12,1.69
2018.03.05 01:17:51.207,0.81845,0.8185,1.00,1.31
2018.03.05 01:17:51.402,0.81845,0.81852,2.25,1.12
2018.03.05 01:17:51.607,0.81846,0.81853,2.25,1.00
2018.03.05 01:17:52.448,0.81846,0.81854,1.87,2.44
2018.03.05 01:17:52.990,0.81846,0.81853,1.50,1.69
2018.03.05 01:17:55.743,0.81846,0.81853,1.50,2.44
2018.03.05 01:17:56.262,0.81845,0.81852,2.25,1.69
2018.03.05 01:17:58.086,0.81845,0.81852,2.25,2.06
2018.03.05 01:17:58.861,0.81845,0.81851,1.12,1.50
2018.03.05 01:17:59.172,0.81843,0.8185,1.50,1.56
2018.03.05 01:17:59.408,0.81843,0.8185,3.37,1.12
2018.03.05 01:17:59.891,0.81844,0.81851,1.87,1.00
2018.03.05 01:18:00.199,0.81847,0.81855,2.25,2.44
2018.03.05 01:18:00.404,0.81848,0.81855,1.87,1.31
2018.03.05 01:18:02.055,0.81848,0.81856,2.62,1.12
2018.03.05 01:18:02.398,0.8185,0.81858,1.87,2.44
2018.03.05 01:18:02.711,0.81853,0.8186,1.37,1.31
2018.03.05 01:18:03.387,0.81855,0.81861,1.37,1.12
2018.03.05 01:18:04.258,0.81855,0.8186,1.00,2.44
2018.03.05 01:18:04.362,0.81852,0.81859,1.75,2.44
2018.03.05 01:18:04.878,0.81852,0.81859,1.50,2.81
2018.03.05 01:18:05.598,0.81853,0.8186,1.87,1.31
2018.03.05 01:18:05.959,0.81855,0.81863,2.25,3.56
2018.03.05 01:18:06.475,0.81855,0.81863,3.37,1.31
2018.03.05 01:18:06.786,0.81854,0.81862,2.25,1.69
2018.03.05 01:18:07.334,0.81855,0.81862,1.87,1.25
2018.03.05 01:18:07.683,0.81854,0.81861,2.25,1.31
2018.03.05 01:18:07.945,0.81853,0.81861,2.25,2.81
2018.03.05 01:18:08.495,0.81853,0.81861,2.25,2.81
2018.03.05 01:18:09.669,0.81854,0.81861,1.50,1.50
2018.03.05 01:18:11.066,0.81854,0.81861,3.00,1.50
2018.03.05 01:18:11.582,0.81854,0.81861,1.12,1.69
2018.03.05 01:18:12.133,0.81854,0.81861,1.12,1.69
2018.03.05 01:18:14.377,0.81854,0.81861,1.12,2.81
2018.03.05 01:18:15.900,0.81854,0.81859,1.12,1.19
2018.03.05 01:18:20.110,0.81853,0.81858,1.00,1.19
2018.03.05 01:18:21.005,0.81852,0.81858,1.50,1.19
2018.03.05 01:18:26.288,0.81851,0.81859,1.75,2.44
2018.03.05 01:18:27.325,0.81851,0.81858,1.50,2.06
2018.03.05 01:18:27.826,0.8185,0.81857,1.50,1.56
2018.03.05 01:18:29.023,0.81849,0.81856,1.75,1.62
2018.03.05 01:18:29.527,0.81849,0.81856,1.50,2.00
2018.03.05 01:18:30.341,0.81849,0.81856,1.50,1.69
2018.03.05 01:18:31.508,0.81847,0.81854,1.75,1.69
2018.03.05 01:18:31.819,0.81847,0.81852,1.50,1.25
2018.03.05 01:18:33.765,0.81846,0.81852,1.50,1.00
2018.03.05 01:18:34.075,0.81844,0.8185,1.75,1.25
2018.03.05 01:18:34.615,0.81845,0.81852,1.50,3.56
2018.03.05 01:18:35.146,0.81845,0.81852,1.75,1.37
2018.03.05 01:18:35.901,0.81845,0.81853,2.25,2.25
2018.03.05 01:18:39.090,0.81845,0.81851,2.25,1.00
2018.03.05 01:18:39.608,0.81845,0.81853,2.25,2.25
2018.03.05 01:18:41.568,0.81845,0.81851,1.75,1.00
2018.03.05 01:18:42.321,0.81849,0.81853,1.00,1.12
2018.03.05 01:18:42.437,0.8185,0.81857,1.75,1.50
2018.03.05 01:18:43.005,0.81851,0.81858,1.75,1.12
2018.03.05 01:18:46.570,0.81851,0.81858,1.75,1.37
2018.03.05 01:18:47.711,0.81851,0.81858,1.75,1.12
2018.03.05 01:18:50.134,0.81851,0.81858,1.75,1.37
2018.03.05 01:18:53.951,0.81851,0.81858,1.75,1.12
2018.03.05 01:18:54.274,0.81853,0.8186,1.87,1.87
2018.03.05 01:18:54.590,0.81856,0.81862,1.12,1.12
2018.03.05 01:18:54.642,0.81856,0.81864,1.75,2.62
2018.03.05 01:18:58.357,0.81861,0.81866,1.50,1.12
2018.03.05 01:18:58.462,0.81857,0.81864,1.12,2.06
2018.03.05 01:18:58.669,0.8186,0.81867,1.75,2.44
2018.03.05 01:18:58.882,0.81862,0.81869,1.50,1.69
2018.03.05 01:18:59.143,0.81865,0.81873,1.12,2.44
2018.03.05 01:18:59.246,0.81865,0.81873,1.87,1.12
2018.03.05 01:19:02.753,0.81865,0.81873,2.44,1.12
2018.03.05 01:19:04.026,0.81866,0.81873,1.37,1.12
2018.03.05 01:19:04.929,0.81869,0.81876,1.75,1.00
2018.03.05 01:19:07.484,0.81869,0.81876,1.50,1.00
2018.03.05 01:19:09.079,0.81869,0.81876,1.50,1.12
2018.03.05 01:19:12.599,0.8187,0.81877,1.12,1.12
2018.03.05 01:19:13.212,0.8187,0.81877,1.50,1.00
2018.03.05 01:19:13.538,0.81872,0.81879,1.00,1.12
2018.03.05 01:19:14.215,0.81872,0.81879,1.37,1.12
2018.03.05 01:19:16.167,0.81873,0.8188,1.50,1.12
2018.03.05 01:19:16.769,0.81875,0.81882,1.12,1.50
2018.03.05 01:19:18.009,0.81875,0.81883,1.69,1.50
2018.03.05 01:19:18.366,0.81874,0.81881,1.12,1.12
2018.03.05 01:19:20.843,0.81873,0.8188,1.00,1.12
2018.03.05 01:19:21.579,0.81872,0.8188,2.62,1.50
2018.03.05 01:19:24.697,0.81872,0.81879,3.56,1.12
2018.03.05 01:19:26.548,0.81872,0.81879,3.94,1.12
2018.03.05 01:19:28.378,0.81872,0.81879,3.94,1.12
2018.03.05 01:19:29.071,0.81872,0.81879,3.94,1.12
2018.03.05 01:19:29.655,0.81873,0.8188,1.31,1.50
2018.03.05 01:19:31.747,0.81875,0.81883,1.56,1.75
2018.03.05 01:19:31.804,0.81876,0.81884,1.31,2.62
2018.03.05 01:19:31.857,0.81878,0.81884,1.00,1.50
2018.03.05 01:19:31.910,0.81879,0.81886,1.25,1.50
2018.03.05 01:19:32.460,0.81879,0.81887,1.50,1.69
2018.03.05 01:19:33.040,0.8188,0.81887,1.00,1.69
2018.03.05 01:19:33.633,0.81881,0.81888,1.00,2.06
2018.03.05 01:19:34.938,0.8188,0.81888,1.50,1.69
2018.03.05 01:19:35.533,0.81879,0.81886,1.50,1.25
2018.03.05 01:19:36.039,0.81878,0.81886,1.57,2.44
2018.03.05 01:19:37.331,0.81878,0.81885,1.85,1.31
2018.03.05 01:19:39.404,0.81878,0.81885,1.85,2.81
2018.03.05 01:19:39.944,0.81878,0.81885,2.51,1.25
2018.03.05 01:19:40.447,0.81877,0.81885,1.95,1.31
2018.03.05 01:19:45.237,0.81878,0.81885,1.57,1.50
2018.03.05 01:19:47.991,0.81878,0.81885,1.57,2.44
2018.03.05 01:19:50.444,0.81877,0.81885,1.95,3.94
2018.03.05 01:19:51.163,0.81877,0.81885,1.95,3.19
2018.03.05 01:19:51.670,0.81877,0.81885,1.57,4.31
2018.03.05 01:19:52.667,0.81877,0.81885,1.82,3.56
2018.03.05 01:19:59.342,0.81878,0.81884,1.20,1.00
2018.03.05 01:20:00.649,0.81884,0.81886,1.00,1.87
2018.03.05 01:20:00.703,0.81886,0.81891,1.37,1.50
2018.03.05 01:20:00.810,0.81888,0.81894,1.12,1.69
2018.03.05 01:20:01.225,0.81886,0.81894,2.44,3.37
2018.03.05 01:20:02.035,0.81887,0.81891,1.00,1.00
2018.03.05 01:20:02.242,0.81885,0.81891,1.84,1.00
2018.03.05 01:20:02.353,0.81886,0.81892,1.75,1.00
2018.03.05 01:20:02.756,0.81886,0.81893,1.37,2.81
2018.03.05 01:20:03.636,0.81885,0.8189,1.57,1.00
2018.03.05 01:20:04.141,0.81885,0.81892,1.20,1.87
2018.03.05 01:20:05.307,0.81886,0.8189,1.00,1.00
2018.03.05 01:20:05.856,0.81885,0.8189,1.00,1.00
2018.03.05 01:20:06.390,0.81884,0.8189,1.12,1.00
2018.03.05 01:20:06.907,0.81884,0.81891,1.12,1.87
2018.03.05 01:20:08.922,0.81883,0.81889,1.31,1.00
2018.03.05 01:20:11.267,0.81883,0.81889,1.31,1.00
2018.03.05 01:20:11.774,0.81883,0.81889,1.31,1.00
2018.03.05 01:20:11.877,0.81883,0.81889,1.31,1.00
2018.03.05 01:20:12.941,0.81883,0.81889,1.31,1.00
2018.03.05 01:20:13.559,0.81883,0.81889,1.31,1.00
2018.03.05 01:20:14.664,0.81885,0.81891,1.00,2.06
2018.03.05 01:20:14.767,0.81886,0.81892,1.00,1.69
2018.03.05 01:20:15.313,0.81887,0.81892,1.00,1.12
2018.03.05 01:20:15.885,0.81887,0.81892,1.31,1.00
2018.03.05 01:20:16.244,0.8189,0.81894,1.12,1.00
2018.03.05 01:20:16.348,0.81891,0.81895,1.00,1.00
2018.03.05 01:20:16.990,0.8189,0.81894,1.00,1.12
2018.03.05 01:20:20.600,0.8189,0.81895,1.00,1.25
2018.03.05 01:20:21.985,0.81891,0.81897,1.00,1.69
2018.03.05 01:20:22.692,0.81891,0.81897,1.00,1.50
2018.03.05 01:20:23.255,0.8189,0.81897,1.25,1.50
2018.03.05 01:20:27.787,0.81891,0.81898,1.19,2.25
2018.03.05 01:20:27.996,0.81892,0.81899,1.19,1.50
2018.03.05 01:20:28.400,0.81891,0.81898,1.00,1.12
2018.03.05 01:20:28.452,0.81888,0.81894,2.70,1.87
2018.03.05 01:20:28.609,0.81885,0.81891,1.00,1.00
2018.03.05 01:20:29.158,0.81884,0.81891,1.31,1.50
2018.03.05 01:20:30.813,0.81885,0.81891,1.00,1.00
2018.03.05 01:20:31.342,0.81885,0.81892,1.12,1.12
2018.03.05 01:20:31.858,0.81886,0.81893,1.00,1.50
2018.03.05 01:20:31.910,0.8189,0.81897,1.31,3.37
2018.03.05 01:20:32.242,0.81892,0.81899,1.31,1.50
2018.03.05 01:20:32.749,0.81893,0.819,1.19,1.87
2018.03.05 01:20:33.345,0.81893,0.819,1.00,2.06
2018.03.05 01:20:33.611,0.81895,0.81902,1.87,1.31
2018.03.05 01:20:33.714,0.81897,0.81903,1.00,1.00
2018.03.05 01:20:35.100,0.81897,0.81903,1.19,1.00
2018.03.05 01:20:36.142,0.81897,0.81903,1.00,1.00
2018.03.05 01:20:36.952,0.81897,0.81903,1.19,1.00
2018.03.05 01:20:37.533,0.81897,0.81903,1.00,1.00
2018.03.05 01:20:43.375,0.81898,0.81904,1.00,2.06
2018.03.05 01:20:43.743,0.81896,0.81902,1.12,1.50
2018.03.05 01:20:44.433,0.81895,0.81902,1.72,25.69
2018.03.05 01:20:44.955,0.81895,0.81902,1.35,52.31
2018.03.05 01:20:45.752,0.81895,0.81902,1.30,33.94
2018.03.05 01:20:46.698,0.81895,0.81901,1.30,13.31
2018.03.05 01:20:46.953,0.81889,0.81895,1.00,1.12
2018.03.05 01:20:48.168,0.81887,0.81894,1.50,1.87
2018.03.05 01:20:49.307,0.81887,0.81893,1.50,1.00
2018.03.05 01:20:50.391,0.81887,0.81892,1.50,1.00
2018.03.05 01:20:50.455,0.81887,0.81894,1.50,2.62
2018.03.05 01:20:52.202,0.81888,0.81895,1.87,1.12
2018.03.05 01:20:53.918,0.81888,0.81895,1.87,2.25
2018.03.05 01:20:54.790,0.81888,0.81895,1.50,1.87
2018.03.05 01:20:56.443,0.81888,0.81894,1.50,1.00
2018.03.05 01:20:56.995,0.81888,0.81895,1.50,1.50
2018.03.05 01:20:58.441,0.81888,0.81894,1.50,1.00
2018.03.05 01:20:59.484,0.81888,0.81895,1.50,1.50
2018.03.05 01:21:00.008,0.81889,0.81896,1.50,2.25
2018.03.05 01:21:00.523,0.8189,0.81896,1.12,2.25
2018.03.05 01:21:03.785,0.81891,0.81897,1.50,1.00
2018.03.05 01:21:04.117,0.81893,0.81899,1.12,1.50
2018.03.05 01:21:04.378,0.81894,0.81901,1.87,1.50
2018.03.05 01:21:04.694,0.81898,0.81903,1.12,1.19
2018.03.05 01:21:04.951,0.81898,0.81904,1.50,1.25
2018.03.05 01:21:06.939,0.81899,0.81905,1.50,2.06
2018.03.05 01:21:07.783,0.81899,0.81904,1.00,1.31
2018.03.05 01:21:08.828,0.81894,0.819,1.00,3.19
2018.03.05 01:21:10.319,0.81892,0.81899,2.62,3.19
2018.03.05 01:21:10.909,0.81892,0.81898,1.37,2.06
2018.03.05 01:21:11.546,0.81892,0.81898,1.00,3.19
2018.03.05 01:21:11.599,0.8189,0.81897,1.12,1.69
2018.03.05 01:21:12.052,0.81889,0.81896,1.50,2.44
2018.03.05 01:21:15.073,0.81888,0.81894,1.50,1.69
2018.03.05 01:21:15.389,0.81885,0.81892,2.25,2.06
2018.03.05 01:21:15.496,0.81884,0.8189,1.50,2.06
2018.03.05 01:21:16.074,0.81883,0.8189,1.87,1.12
2018.03.05 01:21:20.487,0.81884,0.81891,1.87,1.31
2018.03.05 01:21:21.005,0.81884,0.81891,2.62,1.31
2018.03.05 01:21:21.885,0.81884,0.81891,1.87,2.06
2018.03.05 01:21:22.398,0.81884,0.81891,1.87,1.31
2018.03.05 01:21:23.115,0.81884,0.81891,1.87,1.31
2018.03.05 01:21:23.838,0.81884,0.81891,1.87,1.31
2018.03.05 01:21:27.036,0.81884,0.81891,1.87,1.69
2018.03.05 01:21:38.448,0.81883,0.8189,1.12,2.44
2018.03.05 01:21:49.811,0.81882,0.81889,1.12,1.87
2018.03.05 01:21:49.915,0.81879,0.81886,3.60,1.12
2018.03.05 01:21:50.018,0.81878,0.81885,2.25,1.31
2018.03.05 01:21:50.538,0.81877,0.81884,1.87,1.31
2018.03.05 01:21:51.447,0.81877,0.81884,1.12,1.31
2018.03.05 01:21:54.535,0.81877,0.81884,1.50,1.50
2018.03.05 01:21:55.140,0.81878,0.81884,1.00,1.12
2018.03.05 01:21:59.762,0.81877,0.81883,1.37,1.00
2018.03.05 01:22:00.840,0.81874,0.81881,1.87,1.00
2018.03.05 01:22:00.943,0.81873,0.8188,2.81,1.12
2018.03.05 01:22:01.159,0.81873,0.81879,1.25,1.50
2018.03.05 01:22:05.808,0.81872,0.81879,2.81,1.50
2018.03.05 01:22:06.579,0.81873,0.81879,1.31,1.12
2018.03.05 01:22:08.052,0.81874,0.8188,1.69,1.50
2018.03.05 01:22:08.623,0.81874,0.81881,2.44,1.87
2018.03.05 01:22:09.941,0.81874,0.81881,2.00,1.50
2018.03.05 01:22:10.539,0.81876,0.81882,1.69,1.12
2018.03.05 01:22:10.865,0.8188,0.81887,1.69,2.62
2018.03.05 01:22:11.379,0.81881,0.81887,1.25,1.87
2018.03.05 01:22:12.118,0.81881,0.81887,1.69,1.12
2018.03.05 01:22:12.624,0.81881,0.81888,2.81,1.12
2018.03.05 01:22:13.151,0.81882,0.81888,1.69,1.12
2018.03.05 01:22:20.173,0.81881,0.81888,2.06,1.12
2018.03.05 01:22:20.703,0.8188,0.81887,2.81,1.00
2018.03.05 01:22:21.442,0.8188,0.81887,1.69,1.50
2018.03.05 01:22:22.278,0.8188,0.81887,1.50,1.37
2018.03.05 01:22:22.563,0.81877,0.81883,1.12,1.12
2018.03.05 01:22:23.082,0.81874,0.8188,1.00,1.12
2018.03.05 01:22:24.695,0.81873,0.8188,2.62,1.50
2018.03.05 01:22:28.356,0.81874,0.81881,1.50,1.12
2018.03.05 01:22:28.407,0.81876,0.81881,1.00,1.12
2018.03.05 01:22:28.717,0.8188,0.81886,1.00,1.50
2018.03.05 01:22:29.268,0.8188,0.81886,1.62,1.12
2018.03.05 01:22:29.773,0.81879,0.81886,2.06,1.12
2018.03.05 01:22:30.555,0.81881,0.81888,2.44,1.12
2018.03.05 01:22:31.071,0.81881,0.81887,1.50,1.00
2018.03.05 01:22:31.404,0.8188,0.81887,1.50,3.19
2018.03.05 01:22:31.946,0.81879,0.81886,2.25,1.50
2018.03.05 01:22:40.088,0.81879,0.81886,2.25,1.00
2018.03.05 01:22:40.862,0.81879,0.81886,2.25,1.87
2018.03.05 01:22:56.970,0.8188,0.81886,2.25,1.12
2018.03.05 01:22:57.299,0.81883,0.8189,1.87,1.12
2018.03.05 01:22:57.559,0.81889,0.81896,1.50,1.12
2018.03.05 01:22:58.127,0.8189,0.81897,1.75,1.50
2018.03.05 01:22:58.695,0.81891,0.81898,1.75,1.12
2018.03.05 01:23:04.142,0.81893,0.81899,1.37,1.50
2018.03.05 01:23:04.297,0.81895,0.81902,1.87,1.12
2018.03.05 01:23:04.517,0.81897,0.81904,2.44,1.00
2018.03.05 01:23:05.050,0.81899,0.81905,1.00,1.00
2018.03.05 01:23:05.597,0.81899,0.81906,1.50,1.00
2018.03.05 01:23:06.239,0.81899,0.81906,1.50,1.00
2018.03.05 01:23:07.980,0.81898,0.81905,2.25,1.00
2018.03.05 01:23:08.241,0.81895,0.81902,1.69,1.00
2018.03.05 01:23:09.866,0.81895,0.81902,1.50,2.06
2018.03.05 01:23:10.367,0.81893,0.819,1.75,1.12
2018.03.05 01:23:11.857,0.81893,0.819,1.50,1.50
2018.03.05 01:23:14.005,0.81893,0.819,1.12,2.06
2018.03.05 01:23:14.551,0.81893,0.819,1.50,2.06
2018.03.05 01:23:18.908,0.81893,0.819,1.12,2.06
2018.03.05 01:23:27.052,0.81892,0.81899,1.75,1.12
2018.03.05 01:23:29.447,0.81895,0.81902,1.75,2.25
2018.03.05 01:23:34.169,0.81896,0.81903,1.87,1.31
2018.03.05 01:23:34.531,0.81899,0.81906,1.50,2.06
2018.03.05 01:23:34.847,0.81899,0.81906,1.50,1.69
2018.03.05 01:23:35.374,0.81899,0.81906,1.50,2.06
2018.03.05 01:23:37.703,0.81902,0.8191,2.62,2.06
2018.03.05 01:23:37.759,0.81904,0.81912,2.06,2.62
2018.03.05 01:23:38.661,0.81903,0.8191,1.50,1.50
2018.03.05 01:23:39.193,0.81903,0.8191,2.44,1.12
2018.03.05 01:23:39.727,0.81905,0.81912,1.12,1.12
2018.03.05 01:23:40.388,0.81904,0.8191,1.12,1.62
2018.03.05 01:23:40.708,0.81903,0.81909,1.50,2.00
2018.03.05 01:23:40.760,0.81901,0.81907,1.50,1.00
2018.03.05 01:23:40.863,0.819,0.81906,1.12,1.37
2018.03.05 01:23:41.332,0.81899,0.81905,1.12,1.31
2018.03.05 01:23:41.437,0.81897,0.81902,1.12,1.00
2018.03.05 01:23:41.944,0.81896,0.81903,1.12,1.69
2018.03.05 01:23:42.402,0.81893,0.81901,1.75,2.62
2018.03.05 01:23:42.916,0.81893,0.81899,1.50,1.00
2018.03.05 01:24:00.404,0.81896,0.81902,1.00,1.50
2018.03.05 01:24:00.953,0.81896,0.81902,1.00,1.12
2018.03.05 01:24:05.072,0.81896,0.81903,1.50,1.50
2018.03.05 01:24:08.158,0.81897,0.81904,1.50,1.50
2018.03.05 01:24:11.502,0.81897,0.81904,1.87,1.12
2018.03.05 01:24:16.490,0.81897,0.81904,1.87,1.19
2018.03.05 01:24:16.592,0.81896,0.81903,1.87,1.69
2018.03.05 01:24:37.290,0.81895,0.81902,1.87,1.69
2018.03.05 01:24:37.860,0.81894,0.81901,1.87,1.50
2018.03.05 01:24:38.829,0.81893,0.81899,2.25,1.00
2018.03.05 01:24:47.273,0.81891,0.81898,1.12,2.25
2018.03.05 01:24:47.778,0.81889,0.81896,3.79,1.50
2018.03.05 01:24:47.830,0.8189,0.81897,1.37,1.12
2018.03.05 01:24:47.915,0.81892,0.81899,2.25,1.37
2018.03.05 01:24:48.448,0.81893,0.81899,1.12,1.12
2018.03.05 01:24:56.974,0.81891,0.81898,3.75,1.31
2018.03.05 01:24:57.026,0.8189,0.81896,1.12,2.25
2018.03.05 01:24:57.889,0.81888,0.81895,1.75,1.69
2018.03.05 01:24:58.520,0.81888,0.81894,1.50,1.12
2018.03.05 01:24:59.171,0.81888,0.81894,1.50,1.37
2018.03.05 01:25:00.632,0.81887,0.81895,2.44,1.87
2018.03.05 01:25:01.214,0.81887,0.81895,3.19,1.50
2018.03.05 01:25:01.523,0.81891,0.81897,1.00,2.25
2018.03.05 01:25:01.626,0.8189,0.81897,2.06,1.12
2018.03.05 01:25:02.192,0.81892,0.819,1.69,1.87
2018.03.05 01:25:02.728,0.81891,0.81899,2.25,2.06
2018.03.05 01:25:05.523,0.8189,0.81897,1.62,1.50
2018.03.05 01:25:29.937,0.8189,0.81896,1.12,1.62
2018.03.05 01:25:30.041,0.81887,0.81894,1.50,1.50
2018.03.05 01:25:30.557,0.81887,0.81894,1.87,1.87
2018.03.05 01:25:32.992,0.81888,0.81895,1.50,2.44
2018.03.05 01:25:34.643,0.81887,0.81894,1.50,1.50
2018.03.05 01:25:35.877,0.81886,0.81892,1.75,1.00
2018.03.05 01:25:36.465,0.81886,0.81892,1.50,1.12
2018.03.05 01:25:36.980,0.81886,0.81892,1.50,1.37
2018.03.05 01:25:37.564,0.81886,0.81893,1.50,1.50
2018.03.05 01:25:42.607,0.81885,0.81891,1.12,1.50
2018.03.05 01:25:49.083,0.81884,0.8189,1.12,1.37
2018.03.05 01:25:53.490,0.81883,0.81887,1.00,1.00
2018.03.05 01:25:53.542,0.81881,0.81887,1.12,1.12
2018.03.05 01:25:53.852,0.81883,0.81889,1.50,1.12
2018.03.05 01:25:54.307,0.8188,0.81887,3.75,1.37
2018.03.05 01:25:54.786,0.81879,0.81886,1.00,1.75
2018.03.05 01:25:56.572,0.81878,0.81884,1.50,1.37
2018.03.05 01:25:57.109,0.81877,0.81883,1.50,1.00
2018.03.05 01:25:57.641,0.81877,0.81883,1.50,1.37
2018.03.05 01:25:58.166,0.81877,0.81882,1.12,1.00
2018.03.05 01:26:05.288,0.81875,0.81882,1.50,1.50
2018.03.05 01:26:10.927,0.81876,0.81882,1.31,1.00
2018.03.05 01:26:11.444,0.81876,0.81882,1.12,1.00
2018.03.05 01:26:23.810,0.81877,0.81883,1.50,1.00
2018.03.05 01:26:24.070,0.81879,0.81886,1.12,1.87
2018.03.05 01:26:24.578,0.81879,0.81886,1.50,1.87
2018.03.05 01:26:26.861,0.81879,0.81886,1.75,1.00
2018.03.05 01:26:41.664,0.81882,0.81889,1.00,2.25
2018.03.05 01:26:42.023,0.81883,0.81889,1.37,1.12
2018.03.05 01:26:44.514,0.81884,0.81891,1.62,1.50
2018.03.05 01:26:45.062,0.81885,0.81892,1.12,2.62
2018.03.05 01:26:45.807,0.81885,0.81892,1.87,1.50
2018.03.05 01:26:53.238,0.81886,0.81892,1.12,1.00
2018.03.05 01:26:54.057,0.81887,0.81893,1.37,1.50
2018.03.05 01:26:54.206,0.81888,0.81896,2.06,1.12
2018.03.05 01:26:54.311,0.81891,0.81898,2.06,1.87
2018.03.05 01:26:57.246,0.81892,0.81899,1.50,1.12
2018.03.05 01:26:58.902,0.81894,0.81901,1.12,3.00
2018.03.05 01:26:59.681,0.81894,0.81901,1.69,1.12
2018.03.05 01:27:00.192,0.81895,0.81902,1.50,1.87
2018.03.05 01:27:01.039,0.81895,0.81902,1.50,1.12
2018.03.05 01:27:10.469,0.81894,0.81901,1.75,1.00
2018.03.05 01:27:17.385,0.81894,0.81902,2.00,1.50
2018.03.05 01:27:20.648,0.81896,0.81903,1.87,1.50
2018.03.05 01:27:21.515,0.81896,0.81903,1.87,1.12
2018.03.05 01:27:22.924,0.81898,0.81906,1.87,4.31
2018.03.05 01:27:22.977,0.81899,0.81906,1.50,2.44
2018.03.05 01:27:25.109,0.81899,0.81907,3.79,1.12
2018.03.05 01:27:25.165,0.81902,0.81909,1.50,1.87
2018.03.05 01:27:25.476,0.81906,0.81914,2.00,1.50
2018.03.05 01:27:28.119,0.81907,0.81914,1.00,1.50
2018.03.05 01:27:28.786,0.81906,0.81913,2.06,1.00
2018.03.05 01:27:52.198,0.81906,0.81913,1.69,1.87
2018.03.05 01:27:52.783,0.81905,0.81912,1.50,1.62
2018.03.05 01:27:53.341,0.81905,0.81911,1.12,1.00
2018.03.05 01:27:57.694,0.81904,0.81912,2.00,1.87
2018.03.05 01:27:58.686,0.81904,0.81911,2.00,1.00
2018.03.05 01:27:59.868,0.81904,0.81911,1.50,1.12
2018.03.05 01:28:14.128,0.81905,0.81912,1.37,1.50
2018.03.05 01:28:30.829,0.81905,0.81912,1.50,1.69
2018.03.05 01:28:31.924,0.81905,0.81912,1.50,2.44
2018.03.05 01:28:38.759,0.81905,0.81912,1.12,2.44
2018.03.05 01:28:44.363,0.81904,0.81911,1.87,1.19
2018.03.05 01:28:45.637,0.81903,0.8191,1.12,1.31
2018.03.05 01:28:45.949,0.81896,0.81904,2.25,2.44
2018.03.05 01:28:46.457,0.81895,0.81903,2.62,2.44
2018.03.05 01:28:46.920,0.81894,0.819,1.12,1.00
2018.03.05 01:28:47.833,0.81893,0.819,1.50,2.44
2018.03.05 01:28:48.419,0.81893,0.819,1.12,1.56
2018.03.05 01:28:50.179,0.81893,0.819,1.50,1.69
2018.03.05 01:28:50.232,0.81895,0.81902,3.00,2.06
2018.03.05 01:28:50.772,0.81897,0.81904,1.12,2.06
2018.03.05 01:28:51.246,0.81897,0.81904,1.87,1.31
2018.03.05 01:28:51.942,0.81898,0.81905,1.75,1.69
2018.03.05 01:28:52.271,0.81898,0.81905,1.75,1.69
2018.03.05 01:28:52.322,0.81899,0.81905,1.00,2.44
2018.03.05 01:28:55.213,0.81898,0.81905,1.75,1.19
2018.03.05 01:28:55.519,0.81901,0.81908,1.75,1.56
2018.03.05 01:28:57.239,0.81901,0.81909,1.87,2.06
2018.03.05 01:28:59.227,0.81906,0.8191,2.25,1.87
2018.03.05 01:28:59.280,0.81908,0.81913,1.87,1.50
2018.03.05 01:28:59.435,0.81906,0.81913,2.62,1.31
2018.03.05 01:28:59.561,0.81909,0.81916,1.75,2.44
2018.03.05 01:28:59.617,0.8191,0.81917,1.75,1.19
2018.03.05 01:29:01.485,0.81909,0.81916,1.37,1.31
2018.03.05 01:29:01.999,0.8191,0.81917,1.69,1.12
2018.03.05 01:29:02.546,0.81909,0.81917,1.75,3.56
2018.03.05 01:29:02.600,0.81908,0.81915,1.75,1.69
2018.03.05 01:29:03.109,0.81909,0.81915,1.00,3.19
2018.03.05 01:29:08.470,0.81908,0.81915,1.50,2.44
2018.03.05 01:29:09.121,0.81908,0.81915,1.75,1.69
2018.03.05 01:29:09.533,0.8191,0.81916,1.50,1.00
2018.03.05 01:29:09.704,0.8191,0.81916,1.87,1.00
2018.03.05 01:29:09.862,0.8191,0.81916,1.87,1.50
2018.03.05 01:29:10.229,0.8191,0.81917,1.50,3.56
2018.03.05 01:29:10.781,0.81912,0.81917,1.12,1.19
2018.03.05 01:29:11.288,0.81911,0.81917,1.87,1.19
2018.03.05 01:29:11.833,0.81911,0.81918,1.50,2.06
2018.03.05 01:29:14.433,0.81911,0.81918,1.50,1.31
2018.03.05 01:29:14.485,0.81911,0.81918,1.50,1.31
2018.03.05 01:29:17.023,0.81911,0.81918,1.50,1.31
2018.03.05 01:29:17.558,0.81911,0.81918,1.50,1.31
2018.03.05 01:29:20.536,0.81916,0.81922,1.00,1.31
2018.03.05 01:29:21.090,0.81915,0.81922,1.12,1.31
2018.03.05 01:29:21.814,0.81915,0.81922,1.50,1.31
2018.03.05 01:29:22.407,0.81915,0.81922,1.12,1.56
2018.03.05 01:29:29.356,0.81915,0.81922,1.00,2.06
2018.03.05 01:29:31.579,0.81914,0.81921,1.50,1.19
2018.03.05 01:29:35.690,0.81913,0.81919,1.00,1.12
2018.03.05 01:29:36.004,0.81905,0.81911,1.12,1.00
2018.03.05 01:29:38.171,0.81904,0.81911,1.31,1.37
2018.03.05 01:29:43.279,0.81902,0.8191,2.44,2.06
2018.03.05 01:29:43.935,0.81902,0.81908,1.12,1.25
2018.03.05 01:29:44.769,0.81901,0.81907,1.12,1.25
2018.03.05 01:29:45.352,0.81901,0.81907,1.00,1.31
2018.03.05 01:29:49.831,0.81901,0.81908,1.00,2.06
2018.03.05 01:29:53.921,0.81902,0.81908,1.00,1.62
2018.03.05 01:29:54.462,0.81903,0.81909,1.00,1.31
2018.03.05 01:29:54.566,0.81898,0.81905,1.50,1.69
2018.03.05 01:29:54.731,0.81897,0.81904,1.12,1.69
2018.03.05 01:29:54.989,0.81897,0.81904,1.72,1.12
2018.03.05 01:29:55.964,0.81896,0.81903,1.50,1.50
2018.03.05 01:29:57.237,0.81898,0.81905,1.12,1.31
2018.03.05 01:29:58.363,0.81901,0.81908,1.00,2.06
2018.03.05 01:29:58.882,0.81901,0.81908,1.50,1.50
2018.03.05 01:30:00.216,0.81904,0.81911,2.25,1.87
2018.03.05 01:30:00.730,0.81905,0.81913,1.87,1.87
2018.03.05 01:30:01.246,0.81905,0.81913,2.25,1.87
2018.03.05 01:30:01.699,0.81905,0.81913,3.00,1.87
2018.03.05 01:30:03.682,0.81907,0.81914,1.50,1.31
2018.03.05 01:30:03.941,0.81909,0.81916,1.00,2.06
2018.03.05 01:30:08.611,0.81909,0.81916,1.50,2.06
2018.03.05 01:30:10.212,0.81909,0.81916,1.50,1.50
2018.03.05 01:30:10.730,0.81909,0.81916,1.75,1.19
2018.03.05 01:30:11.032,0.81912,0.81917,1.12,1.25
2018.03.05 01:30:11.084,0.81913,0.81918,1.50,1.00
2018.03.05 01:30:11.205,0.81914,0.8192,1.12,1.62
2018.03.05 01:30:11.630,0.81914,0.81921,1.75,2.06
2018.03.05 01:30:13.037,0.81916,0.81921,1.50,1.00
2018.03.05 01:30:13.309,0.81915,0.81921,1.12,1.62
2018.03.05 01:30:15.502,0.81914,0.81922,3.37,1.50
2018.03.05 01:30:15.816,0.81918,0.81924,1.00,1.75
2018.03.05 01:30:16.023,0.8192,0.81925,1.00,1.00
2018.03.05 01:30:16.332,0.8192,0.81927,1.75,2.06
2018.03.05 01:30:16.927,0.8192,0.81927,1.87,1.31
2018.03.05 01:30:17.029,0.81918,0.81925,1.87,2.44
2018.03.05 01:30:17.475,0.81922,0.81928,1.12,1.62
2018.03.05 01:30:18.104,0.81922,0.81928,1.12,1.25
2018.03.05 01:30:18.613,0.81923,0.81929,1.12,1.56
2018.03.05 01:30:19.788,0.81923,0.8193,1.50,2.06
2018.03.05 01:30:20.322,0.81923,0.81929,1.12,1.56
2018.03.05 01:30:22.194,0.81923,0.8193,1.50,2.06
2018.03.05 01:30:22.759,0.81924,0.81929,1.50,1.25
2018.03.05 01:30:23.414,0.81924,0.8193,1.12,1.31
2018.03.05 01:30:23.948,0.81922,0.81929,2.25,2.06
2018.03.05 01:30:24.949,0.81922,0.81929,2.25,2.06
2018.03.05 01:30:25.723,0.81923,0.8193,1.50,2.06
2018.03.05 01:30:26.622,0.81923,0.81929,1.12,1.37
2018.03.05 01:30:33.627,0.81922,0.81926,2.25,1.00
2018.03.05 01:30:33.936,0.81923,0.81928,1.12,1.12
2018.03.05 01:30:34.144,0.81924,0.81931,2.81,2.25
2018.03.05 01:30:34.325,0.81927,0.81932,1.12,1.00
2018.03.05 01:30:34.838,0.81926,0.81933,2.06,1.87
2018.03.05 01:30:37.608,0.81926,0.81933,2.81,1.87
2018.03.05 01:30:38.126,0.81926,0.81933,2.81,1.87
2018.03.05 01:30:38.766,0.81926,0.81933,3.94,1.87
2018.03.05 01:30:39.144,0.81928,0.81935,3.79,1.75
2018.03.05 01:30:39.299,0.8193,0.81936,1.31,1.50
2018.03.05 01:30:39.713,0.81932,0.81937,1.62,1.00
2018.03.05 01:30:39.919,0.81932,0.81939,2.00,1.87
2018.03.05 01:30:40.996,0.81934,0.8194,1.12,1.50
2018.03.05 01:30:41.511,0.81935,0.8194,1.12,1.00
2018.03.05 01:30:41.780,0.81936,0.81941,1.50,1.00
2018.03.05 01:30:42.868,0.81937,0.81942,1.50,1.00
2018.03.05 01:30:43.369,0.81939,0.81943,2.29,1.00
2018.03.05 01:30:43.472,0.81942,0.81947,1.12,1.00
2018.03.05 01:30:43.524,0.81945,0.81949,1.31,1.00
2018.03.05 01:30:43.679,0.81946,0.8195,1.00,1.00
2018.03.05 01:30:44.650,0.81945,0.81951,1.31,1.00
2018.03.05 01:30:44.969,0.81947,0.81951,1.00,1.00
2018.03.05 01:30:45.022,0.81946,0.81952,2.06,1.00
2018.03.05 01:30:45.869,0.81946,0.81953,1.87,1.12
2018.03.05 01:30:46.158,0.81945,0.81951,2.44,1.00
2018.03.05 01:30:46.774,0.81946,0.81953,1.31,2.44
2018.03.05 01:30:47.277,0.81946,0.81953,1.50,2.25
2018.03.05 01:30:47.459,0.81946,0.81953,2.25,1.00
2018.03.05 01:30:48.032,0.81947,0.81953,1.00,1.50
2018.03.05 01:30:48.349,0.81946,0.81952,2.44,1.75
2018.03.05 01:30:48.454,0.81946,0.81953,1.50,1.75
2018.03.05 01:30:49.072,0.81944,0.81951,3.75,1.00
2018.03.05 01:30:49.587,0.81944,0.81951,3.75,1.00
2018.03.05 01:30:50.092,0.81946,0.81953,1.69,1.50
2018.03.05 01:30:50.617,0.81947,0.81953,1.69,1.50
2018.03.05 01:30:51.296,0.81946,0.81953,2.44,1.75
2018.03.05 01:30:51.783,0.81948,0.81953,1.00,1.00
2018.03.05 01:30:52.442,0.81946,0.81953,1.62,1.12
2018.03.05 01:30:52.494,0.81945,0.81951,3.19,1.12
2018.03.05 01:30:53.653,0.81945,0.81951,1.87,1.50
2018.03.05 01:30:54.054,0.81944,0.8195,1.50,1.12
2018.03.05 01:30:54.576,0.81944,0.8195,1.50,1.12
2018.03.05 01:30:55.150,0.81945,0.81952,1.12,2.44
2018.03.05 01:30:55.697,0.81946,0.8195,1.00,1.00
2018.03.05 01:30:58.405,0.81944,0.81951,2.81,1.75
2018.03.05 01:30:59.573,0.81944,0.81951,1.87,1.87
2018.03.05 01:31:00.287,0.81944,0.81951,1.87,1.12
2018.03.05 01:31:00.392,0.81947,0.81953,1.12,2.25
2018.03.05 01:31:00.445,0.81945,0.81951,2.62,1.75
2018.03.05 01:31:00.497,0.81946,0.81951,2.06,1.00
2018.03.05 01:31:00.549,0.81946,0.81951,1.50,1.00
2018.03.05 01:31:01.619,0.81946,0.81951,1.19,1.00
2018.03.05 01:31:01.805,0.81948,0.81953,1.56,1.50
2018.03.05 01:31:02.115,0.81949,0.81954,1.12,3.19
2018.03.05 01:31:02.693,0.81949,0.81954,1.87,1.75
2018.03.05 01:31:03.185,0.81952,0.81954,1.00,1.50
2018.03.05 01:31:03.238,0.81952,0.81958,1.00,2.81
2018.03.05 01:31:03.496,0.8195,0.81956,1.25,1.00
2018.03.05 01:31:04.021,0.8195,0.81956,1.38,1.00
2018.03.05 01:31:04.772,0.81951,0.81957,1.25,1.00
2018.03.05 01:31:05.316,0.81951,0.81957,1.69,1.00
2018.03.05 01:31:05.372,0.81953,0.81959,1.50,1.12
2018.03.05 01:31:05.485,0.81954,0.8196,1.19,1.12
2018.03.05 01:31:06.027,0.81955,0.81961,1.00,1.75
2018.03.05 01:31:06.080,0.81955,0.81961,1.00,1.50
2018.03.05 01:31:06.317,0.81954,0.8196,1.25,1.87
2018.03.05 01:31:07.481,0.81952,0.81959,1.69,1.50
2018.03.05 01:31:08.191,0.81951,0.81958,1.19,1.50
2018.03.05 01:31:08.347,0.8195,0.81957,1.25,1.50
2018.03.05 01:31:09.672,0.81947,0.81955,2.06,1.75
2018.03.05 01:31:09.726,0.81946,0.81952,1.00,1.69
2018.03.05 01:31:09.831,0.81944,0.8195,1.00,1.50
2018.03.05 01:31:09.988,0.81942,0.81949,1.00,1.50
2018.03.05 01:31:11.338,0.81942,0.81948,1.00,1.50
2018.03.05 01:31:14.231,0.81943,0.81949,1.00,1.75
2018.03.05 01:31:15.781,0.81942,0.81949,1.00,1.75
2018.03.05 01:31:16.818,0.81941,0.81947,1.20,1.00
2018.03.05 01:31:17.776,0.81938,0.81944,2.62,1.12
2018.03.05 01:31:17.880,0.81934,0.81941,1.69,1.50
2018.03.05 01:31:18.426,0.81933,0.81939,1.00,1.00
2018.03.05 01:31:19.987,0.81932,0.81939,1.50,1.50
2018.03.05 01:31:20.550,0.81933,0.81939,1.00,1.50
2018.03.05 01:31:20.950,0.8193,0.81937,1.50,1.69
2018.03.05 01:31:21.006,0.81926,0.81932,3.19,1.00
2018.03.05 01:31:21.060,0.81926,0.81932,1.00,1.37
2018.03.05 01:31:21.114,0.81924,0.8193,1.31,1.00
2018.03.05 01:31:21.477,0.81922,0.81929,1.31,1.12
2018.03.05 01:31:21.923,0.81921,0.81927,1.00,1.00
2018.03.05 01:31:22.433,0.8192,0.81927,1.12,1.50
2018.03.05 01:31:23.507,0.81921,0.81927,1.00,1.50
2018.03.05 01:31:24.041,0.81922,0.81929,1.00,1.87
2018.03.05 01:31:24.398,0.81923,0.8193,1.25,1.50
2018.03.05 01:31:24.917,0.81923,0.81929,1.00,1.50
2018.03.05 01:31:25.688,0.81923,0.81929,1.00,1.50
2018.03.05 01:31:26.025,0.81921,0.81927,1.00,1.37
2018.03.05 01:31:26.281,0.81922,0.81928,1.00,1.87
2018.03.05 01:31:27.953,0.81923,0.81929,1.00,1.87
2018.03.05 01:31:28.512,0.81924,0.81929,1.00,1.37
2018.03.05 01:31:29.049,0.81923,0.81929,1.00,1.37
2018.03.05 01:31:29.583,0.81924,0.81929,1.00,1.37
2018.03.05 01:31:31.689,0.81923,0.81929,1.00,1.69
2018.03.05 01:31:32.361,0.81924,0.8193,1.12,1.00
2018.03.05 01:31:32.414,0.81927,0.81932,1.00,1.25
2018.03.05 01:31:32.571,0.81929,0.81935,1.00,1.25
2018.03.05 01:31:32.858,0.81931,0.81937,1.00,1.69
2018.03.05 01:31:33.267,0.81933,0.81938,1.00,1.50
2018.03.05 01:31:33.461,0.81933,0.81939,1.00,2.58
2018.03.05 01:31:33.718,0.81936,0.81941,1.00,1.00
2018.03.05 01:31:33.821,0.81937,0.81943,1.00,1.12
2018.03.05 01:31:33.925,0.81939,0.81946,1.00,3.94
2018.03.05 01:31:34.445,0.8194,0.81946,1.00,1.31
2018.03.05 01:31:34.755,0.81938,0.81944,1.00,2.25
2018.03.05 01:31:35.084,0.81931,0.81938,1.22,1.31
2018.03.05 01:31:35.600,0.8193,0.81936,1.00,1.00
2018.03.05 01:31:36.152,0.8193,0.81937,1.00,2.25
2018.03.05 01:31:36.669,0.81931,0.81937,1.00,1.00
2018.03.05 01:31:36.907,0.81932,0.81939,1.25,2.25
2018.03.05 01:31:36.961,0.81934,0.8194,1.00,2.25
2018.03.05 01:31:38.120,0.81934,0.81941,1.25,3.00
2018.03.05 01:31:40.281,0.81935,0.81941,1.00,1.00
2018.03.05 01:31:40.540,0.81936,0.81943,1.25,2.62
2018.03.05 01:31:43.095,0.81936,0.81943,1.19,1.87
2018.03.05 01:31:43.147,0.81936,0.81943,1.00,2.62
2018.03.05 01:31:43.199,0.81936,0.81943,1.00,3.00
2018.03.05 01:31:43.513,0.81934,0.8194,1.31,1.37
2018.03.05 01:31:43.830,0.81937,0.81941,1.00,2.44
2018.03.05 01:31:43.883,0.81938,0.81943,1.00,1.00
2018.03.05 01:31:44.041,0.8194,0.81945,1.25,1.00
2018.03.05 01:31:44.579,0.8194,0.81946,1.25,1.00
2018.03.05 01:31:48.654,0.8194,0.81948,1.12,3.56
2018.03.05 01:31:49.177,0.81941,0.81948,1.00,3.19
2018.03.05 01:31:49.854,0.81941,0.81947,1.00,1.50
2018.03.05 01:31:54.025,0.81941,0.81948,1.00,3.19
2018.03.05 01:31:57.994,0.8194,0.81947,1.19,1.50
2018.03.05 01:31:58.305,0.81946,0.81953,1.69,1.12
2018.03.05 01:31:58.458,0.81948,0.81954,1.00,1.50
2018.03.05 01:31:59.339,0.81948,0.81955,1.00,2.62
2018.03.05 01:31:59.648,0.81947,0.81953,1.00,1.00
2018.03.05 01:32:00.797,0.81947,0.81954,1.00,1.50
2018.03.05 01:32:01.392,0.81946,0.81953,1.12,1.37
2018.03.05 01:32:02.937,0.81947,0.81953,1.00,1.37
2018.03.05 01:32:03.309,0.81947,0.81954,1.00,1.50
2018.03.05 01:32:04.029,0.81947,0.81953,1.00,1.00
2018.03.05 01:32:05.127,0.81947,0.81954,1.00,1.50
2018.03.05 01:32:05.689,0.81946,0.81953,1.25,1.00
2018.03.05 01:32:06.193,0.81945,0.81953,1.69,1.00
2018.03.05 01:32:06.781,0.81947,0.81954,1.19,1.12
2018.03.05 01:32:07.209,0.81949,0.81956,1.00,2.25
2018.03.05 01:32:07.363,0.81951,0.81957,1.00,1.37
2018.03.05 01:32:07.730,0.81951,0.81958,1.87,1.00
2018.03.05 01:32:07.886,0.81954,0.8196,1.00,2.21
2018.03.05 01:32:08.422,0.81953,0.81959,1.00,2.06
2018.03.05 01:32:09.028,0.81951,0.81957,1.00,1.25
2018.03.05 01:32:12.786,0.81952,0.81959,1.00,2.44
2018.03.05 01:32:12.838,0.81953,0.8196,1.50,2.25
2018.03.05 01:32:12.942,0.81955,0.81962,1.50,2.44
2018.03.05 01:32:13.261,0.81958,0.81965,1.12,1.50
2018.03.05 01:32:13.572,0.8196,0.81967,1.00,2.06
2018.03.05 01:32:14.290,0.8196,0.81967,1.00,2.06
2018.03.05 01:32:15.284,0.81959,0.81966,1.12,1.31
2018.03.05 01:32:15.591,0.81961,0.81968,1.12,1.56
2018.03.05 01:32:15.897,0.81964,0.81971,1.00,1.69
2018.03.05 01:32:16.795,0.81964,0.81971,1.00,1.69
2018.03.05 01:32:17.739,0.81965,0.81972,1.31,1.87
2018.03.05 01:32:18.052,0.81967,0.81973,1.25,1.37
2018.03.05 01:32:18.596,0.81966,0.81972,1.00,1.00
2018.03.05 01:32:18.956,0.81964,0.81971,1.12,1.12
2018.03.05 01:32:19.215,0.81962,0.81968,1.00,1.00
2018.03.05 01:32:19.317,0.8196,0.81967,1.12,1.00
2018.03.05 01:32:19.851,0.8196,0.81967,1.12,2.25
2018.03.05 01:32:20.057,0.81958,0.81965,1.00,2.81
2018.03.05 01:32:20.585,0.81958,0.81965,1.00,1.87
2018.03.05 01:32:20.689,0.81958,0.81965,1.25,1.12
2018.03.05 01:32:20.809,0.8196,0.81967,1.12,2.44
2018.03.05 01:32:21.343,0.81962,0.81969,1.00,3.19
2018.03.05 01:32:22.193,0.81962,0.81969,1.50,1.50
2018.03.05 01:32:22.709,0.81963,0.8197,1.50,2.25
2018.03.05 01:32:25.436,0.81966,0.81973,1.12,1.87
2018.03.05 01:32:25.622,0.81966,0.81974,1.69,2.81
2018.03.05 01:32:25.726,0.81968,0.81974,1.00,1.25
2018.03.05 01:32:26.037,0.8197,0.81977,1.00,3.19
2018.03.05 01:32:26.242,0.81972,0.81979,1.12,1.87
2018.03.05 01:32:27.123,0.81972,0.81979,1.12,1.37
2018.03.05 01:32:28.394,0.81974,0.81981,1.12,1.87
2018.03.05 01:32:29.066,0.81974,0.81981,1.50,2.44
2018.03.05 01:32:29.787,0.81975,0.8198,1.12,1.00
2018.03.05 01:32:30.712,0.81975,0.81982,1.12,2.06
2018.03.05 01:32:31.226,0.81975,0.8198,1.12,1.00
2018.03.05 01:32:32.200,0.81975,0.8198,1.50,1.00
2018.03.05 01:32:32.779,0.81974,0.8198,1.50,1.00
2018.03.05 01:32:33.326,0.81975,0.81982,1.12,2.25
2018.03.05 01:32:33.590,0.81976,0.81983,1.12,1.12
2018.03.05 01:32:34.107,0.81976,0.81983,1.00,1.50
2018.03.05 01:32:34.532,0.81978,0.81985,1.00,1.87
2018.03.05 01:32:35.112,0.81982,0.81986,1.00,1.50
2018.03.05 01:32:35.215,0.81977,0.81984,2.21,1.12
2018.03.05 01:32:35.369,0.8198,0.81987,1.31,1.75
2018.03.05 01:32:35.702,0.81981,0.81988,1.50,1.75
2018.03.05 01:32:40.114,0.81981,0.81988,1.00,1.87
2018.03.05 01:32:40.219,0.81981,0.81988,1.00,1.87
2018.03.05 01:32:40.426,0.81984,0.8199,1.00,1.50
2018.03.05 01:32:40.500,0.81982,0.81989,1.12,2.25
2018.03.05 01:32:40.552,0.81982,0.81988,1.12,2.06
2018.03.05 01:32:40.862,0.8198,0.81986,2.25,1.19
2018.03.05 01:32:41.291,0.81982,0.81987,1.12,1.87
2018.03.05 01:32:43.151,0.81983,0.81988,1.12,1.00
2018.03.05 01:32:43.502,0.81982,0.81986,1.00,1.00
2018.03.05 01:32:43.555,0.8198,0.81986,1.87,1.00
2018.03.05 01:32:44.076,0.81981,0.81987,1.00,1.87
2018.03.05 01:32:44.742,0.8198,0.81987,1.31,2.62
2018.03.05 01:32:46.392,0.8198,0.81987,1.12,4.69
2018.03.05 01:32:46.911,0.81979,0.81986,1.50,1.50
2018.03.05 01:32:47.455,0.81979,0.81986,1.50,1.87
2018.03.05 01:32:47.948,0.81976,0.81982,1.00,1.12
2018.03.05 01:32:48.363,0.81974,0.81981,1.50,1.12
2018.03.05 01:32:48.909,0.81974,0.81982,2.44,1.12
2018.03.05 01:32:49.153,0.81974,0.81982,2.44,1.12
2018.03.05 01:32:52.125,0.81976,0.81983,1.12,1.12
2018.03.05 01:32:52.769,0.81977,0.81984,1.12,1.00
2018.03.05 01:32:52.873,0.81979,0.81987,1.12,1.50
2018.03.05 01:32:53.380,0.81979,0.81986,1.12,1.00
2018.03.05 01:32:54.149,0.81979,0.81987,1.12,1.12
2018.03.05 01:32:54.899,0.81979,0.81986,1.12,1.00
2018.03.05 01:32:55.468,0.8198,0.81987,1.00,1.12
2018.03.05 01:32:56.943,0.81979,0.81986,1.12,1.00
2018.03.05 01:33:00.729,0.81978,0.81986,3.19,1.12
2018.03.05 01:33:01.081,0.8198,0.81987,2.40,1.50
2018.03.05 01:33:02.811,0.81981,0.81987,1.25,1.00
2018.03.05 01:33:03.121,0.81981,0.81987,2.06,1.00
2018.03.05 01:33:03.563,0.81983,0.8199,1.50,1.00
2018.03.05 01:33:03.615,0.81983,0.8199,1.69,1.00
2018.03.05 01:33:04.050,0.81986,0.81993,4.27,1.00
2018.03.05 01:33:04.247,0.81988,0.81995,2.44,1.00
2018.03.05 01:33:05.635,0.81987,0.81994,2.44,1.12
2018.03.05 01:33:06.187,0.81986,0.81993,2.44,1.00
2018.03.05 01:33:12.880,0.81985,0.81991,3.56,1.00
2018.03.05 01:33:13.203,0.8198,0.81986,1.87,1.00
2018.03.05 01:33:13.776,0.8198,0.81985,1.00,1.00
2018.03.05 01:33:14.418,0.8198,0.81984,1.00,1.00
2018.03.05 01:33:14.941,0.81976,0.81984,6.19,1.00
2018.03.05 01:33:15.474,0.81976,0.81983,2.44,1.00
2018.03.05 01:33:17.327,0.81976,0.81982,1.31,1.00
2018.03.05 01:33:17.837,0.81976,0.81981,1.31,1.00
2018.03.05 01:33:27.723,0.81977,0.81981,1.25,1.00
2018.03.05 01:33:27.775,0.81978,0.81982,1.25,1.00
2018.03.05 01:33:28.135,0.8198,0.81985,1.69,1.00
2018.03.05 01:33:28.240,0.81979,0.81984,1.69,1.00
2018.03.05 01:33:28.433,0.81979,0.81986,3.56,1.00
2018.03.05 01:33:28.947,0.81981,0.81986,1.69,1.00
2018.03.05 01:33:29.255,0.8198,0.81986,1.19,1.00
2018.03.05 01:33:29.755,0.81982,0.81987,1.19,1.00
2018.03.05 01:33:30.273,0.8198,0.81987,1.69,1.12
2018.03.05 01:33:31.255,0.8198,0.81985,2.81,1.00
2018.03.05 01:33:33.215,0.8198,0.81986,2.44,1.00
2018.03.05 01:33:37.639,0.81981,0.81988,1.69,1.12
2018.03.05 01:33:37.846,0.81983,0.8199,1.31,1.87
2018.03.05 01:33:37.899,0.81983,0.8199,2.44,1.50
2018.03.05 01:33:37.976,0.81983,0.81989,1.31,1.00
2018.03.05 01:33:38.028,0.81983,0.81989,1.31,1.00
2018.03.05 01:33:38.130,0.81983,0.8199,2.81,1.12
2018.03.05 01:33:38.337,0.81983,0.81989,1.31,1.00
2018.03.05 01:33:38.494,0.81982,0.81989,2.44,1.00
2018.03.05 01:33:38.914,0.81982,0.81989,1.69,1.00
2018.03.05 01:33:39.493,0.81981,0.81988,2.44,1.12
2018.03.05 01:33:40.283,0.81982,0.81989,1.69,1.87
2018.03.05 01:33:40.336,0.81982,0.81989,3.94,1.00
2018.03.05 01:33:40.576,0.81983,0.81991,3.94,1.50
2018.03.05 01:33:41.128,0.81985,0.81992,1.31,1.50
2018.03.05 01:33:41.336,0.81986,0.81993,2.44,1.20
2018.03.05 01:33:41.832,0.81988,0.81995,1.69,1.00
2018.03.05 01:33:42.168,0.81986,0.81993,1.31,1.12
2018.03.05 01:33:42.219,0.81985,0.81993,2.14,2.25
2018.03.05 01:33:42.738,0.81985,0.81992,1.87,1.00
2018.03.05 01:33:43.592,0.81984,0.81991,2.81,1.00
2018.03.05 01:33:46.078,0.81982,0.81989,2.70,1.00
2018.03.05 01:33:46.721,0.81982,0.81988,1.19,1.00
2018.03.05 01:33:47.243,0.81982,0.81989,1.31,1.12
2018.03.05 01:33:48.175,0.81981,0.81988,4.69,1.00
2018.03.05 01:33:49.563,0.81981,0.81988,2.81,1.00
2018.03.05 01:33:49.968,0.81982,0.81988,1.31,1.00
2018.03.05 01:33:50.226,0.81984,0.81989,1.19,1.00
2018.03.05 01:33:50.384,0.81985,0.81991,1.31,1.00
2018.03.05 01:33:52.172,0.81985,0.81991,1.00,1.00
2018.03.05 01:33:52.764,0.81984,0.81991,1.75,1.00
2018.03.05 01:33:53.247,0.81984,0.8199,1.12,1.12
2018.03.05 01:33:53.763,0.81982,0.81988,1.31,1.00
2018.03.05 01:33:54.310,0.81982,0.81989,1.31,1.12
2018.03.05 01:33:56.552,0.81982,0.81988,1.69,1.00
2018.03.05 01:33:57.065,0.81982,0.81989,1.31,1.12
2018.03.05 01:33:57.574,0.81982,0.81988,1.31,1.00
2018.03.05 01:33:59.058,0.81982,0.81988,1.69,1.00
2018.03.05 01:33:59.995,0.81982,0.81989,2.44,1.00
2018.03.05 01:34:01.806,0.81982,0.81989,2.44,1.00
2018.03.05 01:34:02.428,0.81982,0.81989,2.44,1.00
2018.03.05 01:34:04.396,0.81982,0.81989,3.56,1.00
2018.03.05 01:34:04.706,0.81984,0.81991,1.19,1.87
2018.03.05 01:34:05.214,0.81984,0.81991,4.31,1.00
2018.03.05 01:34:05.751,0.81985,0.81992,1.19,1.50
2018.03.05 01:34:06.050,0.81989,0.81994,1.87,1.12
2018.03.05 01:34:06.103,0.81991,0.81997,1.69,1.00
2018.03.05 01:34:06.155,0.81992,0.81998,2.44,1.12
2018.03.05 01:34:16.650,0.81991,0.81998,2.81,1.00
2018.03.05 01:34:17.181,0.81991,0.81998,3.56,1.00
2018.03.05 01:34:17.938,0.81993,0.81999,2.44,1.00
2018.03.05 01:34:18.439,0.81993,0.81999,2.44,1.00
2018.03.05 01:34:18.981,0.81993,0.81999,2.44,1.00
2018.03.05 01:34:20.265,0.81996,0.82002,1.19,2.25
2018.03.05 01:34:20.814,0.81996,0.82,1.25,1.00
2018.03.05 01:34:24.039,0.81995,0.82001,1.56,1.00
2018.03.05 01:34:24.679,0.81995,0.82002,1.37,2.25
2018.03.05 01:34:24.731,0.81994,0.82001,1.25,1.12
2018.03.05 01:34:24.784,0.81995,0.82001,1.69,1.00
