2009.06.05 13:00:00.255,0.78525,0.78555,5.20,1.60
2009.06.05 13:00:00.595,0.7852,0.78555,2.00,1.60
2009.06.05 13:00:01.185,0.78515,0.78535,5.20,1.60
2009.06.05 13:00:01.535,0.78515,0.78545,5.20,3.00
2009.06.05 13:00:01.894,0.7851,0.7854,1.40,1.80
2009.06.05 13:00:02.934,0.7851,0.7854,10.40,1.80
2009.06.05 13:00:03.504,0.7851,0.7854,8.60,1.60
2009.06.05 13:00:04.104,0.7852,0.78545,1.40,1.00
2009.06.05 13:00:05.044,0.78505,0.7853,5.20,1.60
2009.06.05 13:00:05.633,0.78485,0.785,5.20,4.80
2009.06.05 13:00:05.964,0.785,0.78505,1.00,4.00
2009.06.05 13:00:06.574,0.78485,0.78505,1.80,6.60
2009.06.05 13:00:07.253,0.7849,0.78505,3.00,1.80
2009.06.05 13:00:07.873,0.7849,0.785,2.20,1.60
2009.06.05 13:00:08.213,0.78485,0.7851,10.80,1.00
2009.06.05 13:00:08.563,0.78495,0.7851,5.20,1.00
2009.06.05 13:00:09.133,0.78485,0.7851,15.00,1.00
2009.06.05 13:00:09.883,0.78495,0.7853,5.20,8.00
2009.06.05 13:00:10.232,0.785,0.7852,1.00,2.40
2009.06.05 13:00:10.524,0.78495,0.7852,5.20,2.40
2009.06.05 13:00:10.862,0.78495,0.7852,5.20,6.40
2009.06.05 13:00:11.142,0.78485,0.7852,6.00,7.80
2009.06.05 13:00:11.832,0.78485,0.78495,5.20,2.40
2009.06.05 13:00:12.112,0.78475,0.7848,6.00,2.80
2009.06.05 13:00:12.452,0.7847,0.78475,8.00,9.90
2009.06.05 13:00:12.802,0.78465,0.7847,5.20,7.60
2009.06.05 13:00:13.072,0.78435,0.7847,5.20,8.60
2009.06.05 13:00:13.642,0.7844,0.78465,1.00,1.00
2009.06.05 13:00:13.992,0.7844,0.78465,4.60,1.00
2009.06.05 13:00:14.591,0.7844,0.78465,2.20,1.00
2009.06.05 13:00:14.922,0.7844,0.78465,2.40,1.00
2009.06.05 13:00:15.224,0.7845,0.78465,1.00,1.00
2009.06.05 13:00:15.561,0.7845,0.78475,1.40,1.00
2009.06.05 13:00:15.861,0.7845,0.78475,8.60,1.00
2009.06.05 13:00:16.151,0.7845,0.78485,8.60,2.60
2009.06.05 13:00:16.491,0.7847,0.78485,1.00,1.00
2009.06.05 13:00:17.121,0.7847,0.7849,1.00,1.80
2009.06.05 13:00:17.411,0.78455,0.78485,13.40,1.00
2009.06.05 13:00:17.751,0.78455,0.78485,6.00,1.00
2009.06.05 13:00:18.151,0.78465,0.78485,6.00,1.00
2009.06.05 13:00:18.680,0.7847,0.7849,1.00,1.00
2009.06.05 13:00:19.310,0.7847,0.785,1.00,5.60
2009.06.05 13:00:19.950,0.7847,0.785,8.80,5.60
2009.06.05 13:00:20.310,0.78465,0.78495,6.00,4.80
2009.06.05 13:00:20.840,0.78465,0.78495,5.20,5.60
2009.06.05 13:00:21.240,0.7847,0.785,1.40,2.80
2009.06.05 13:00:21.510,0.78455,0.785,13.60,2.80
2009.06.05 13:00:21.810,0.78455,0.78495,13.40,1.00
2009.06.05 13:00:22.430,0.78455,0.785,15.20,4.40
2009.06.05 13:00:22.780,0.7847,0.785,1.00,4.40
2009.06.05 13:00:23.299,0.7848,0.785,1.00,1.00
2009.06.05 13:00:23.469,0.78475,0.785,10.80,1.00
2009.06.05 13:00:24.039,0.7849,0.78505,1.00,11.20
2009.06.05 13:00:24.389,0.78485,0.78505,5.20,1.00
2009.06.05 13:00:24.789,0.78485,0.7851,5.20,1.60
2009.06.05 13:00:25.129,0.78485,0.78515,5.20,8.00
2009.06.05 13:00:25.459,0.78485,0.78515,5.20,1.60
2009.06.05 13:00:26.098,0.7848,0.78515,13.20,1.60
2009.06.05 13:00:26.709,0.7849,0.7851,1.00,1.60
2009.06.05 13:00:27.348,0.78485,0.7851,7.40,1.60
2009.06.05 13:00:27.690,0.7849,0.7851,1.00,1.60
2009.06.05 13:00:28.428,0.78485,0.7851,10.20,1.60
2009.06.05 13:00:28.828,0.7849,0.78515,1.00,1.00
2009.06.05 13:00:29.398,0.78495,0.78525,8.00,1.60
2009.06.05 13:00:29.758,0.78485,0.78515,15.40,1.60
2009.06.05 13:00:30.058,0.78485,0.7851,15.40,1.60
2009.06.05 13:00:30.358,0.78495,0.7851,8.60,1.60
2009.06.05 13:00:30.638,0.78485,0.78515,5.20,1.60
2009.06.05 13:00:30.928,0.7848,0.78515,10.80,2.80
2009.06.05 13:00:31.558,0.78495,0.78525,1.60,4.40
2009.06.05 13:00:32.197,0.785,0.7853,1.40,1.60
2009.06.05 13:00:32.487,0.78495,0.7853,6.00,1.00
2009.06.05 13:00:32.827,0.7851,0.7854,4.40,5.80
2009.06.05 13:00:33.127,0.7852,0.78545,2.20,11.20
2009.06.05 13:00:33.717,0.7852,0.7855,1.00,2.40
2009.06.05 13:00:34.097,0.7852,0.78545,1.00,4.00
2009.06.05 13:00:34.377,0.78515,0.7853,5.20,1.60
2009.06.05 13:00:34.657,0.7851,0.78535,3.40,1.60
2009.06.05 13:00:35.277,0.7851,0.78535,1.00,1.60
2009.06.05 13:00:36.237,0.78505,0.78525,5.20,1.60
2009.06.05 13:00:36.986,0.78505,0.78525,9.40,1.60
2009.06.05 13:00:37.566,0.78495,0.78525,14.60,1.60
2009.06.05 13:00:38.226,0.785,0.78525,1.00,1.60
2009.06.05 13:00:38.816,0.78495,0.78525,5.20,1.60
2009.06.05 13:00:39.755,0.7851,0.7853,1.00,1.00
2009.06.05 13:00:40.085,0.78515,0.7853,5.20,1.60
2009.06.05 13:00:40.375,0.78505,0.7854,6.00,1.60
2009.06.05 13:00:41.345,0.78515,0.7853,9.40,1.60
2009.06.05 13:00:41.635,0.78505,0.7853,6.00,1.60
2009.06.05 13:00:42.316,0.78505,0.78525,5.20,1.60
2009.06.05 13:00:42.615,0.78495,0.7853,8.20,1.60
2009.06.05 13:00:43.195,0.785,0.7852,11.80,1.60
2009.06.05 13:00:43.545,0.78495,0.7852,5.20,1.60
2009.06.05 13:00:44.544,0.78485,0.7851,6.60,4.00
2009.06.05 13:00:45.064,0.78485,0.78515,6.60,1.60
2009.06.05 13:00:45.404,0.78485,0.7851,1.40,1.00
2009.06.05 13:00:45.744,0.7848,0.7851,5.20,1.00
2009.06.05 13:00:46.364,0.7849,0.7852,1.00,4.20
2009.06.05 13:00:46.704,0.7849,0.7852,2.20,2.80
2009.06.05 13:00:46.984,0.7849,0.7852,3.80,1.80
2009.06.05 13:00:47.334,0.785,0.7852,1.00,1.80
2009.06.05 13:00:47.684,0.785,0.7852,1.00,5.80
2009.06.05 13:00:48.033,0.78495,0.78525,5.20,1.60
2009.06.05 13:00:48.333,0.78495,0.7853,5.20,9.00
2009.06.05 13:00:48.913,0.78495,0.7853,5.20,6.20
2009.06.05 13:00:49.313,0.785,0.78525,1.40,11.60
2009.06.05 13:00:49.543,0.78505,0.78525,1.40,9.00
2009.06.05 13:00:49.873,0.78505,0.78525,1.40,1.00
2009.06.05 13:00:50.233,0.78505,0.78535,3.80,1.00
2009.06.05 13:00:50.943,0.78505,0.78535,6.00,1.00
2009.06.05 13:00:51.543,0.78505,0.78525,5.20,1.40
2009.06.05 13:00:51.892,0.78505,0.78525,5.20,3.00
2009.06.05 13:00:52.183,0.78505,0.78525,8.80,6.20
2009.06.05 13:00:52.522,0.78495,0.78525,5.20,6.20
2009.06.05 13:00:52.872,0.785,0.78525,1.00,6.60
2009.06.05 13:00:53.382,0.78505,0.78525,1.40,2.60
2009.06.05 13:00:53.722,0.785,0.78525,3.00,1.00
2009.06.05 13:00:53.892,0.785,0.78525,12.40,1.00
2009.06.05 13:00:54.442,0.785,0.7853,12.40,7.20
2009.06.05 13:00:54.802,0.785,0.7853,4.40,8.40
2009.06.05 13:00:55.092,0.785,0.78525,3.00,1.40
2009.06.05 13:00:55.372,0.78485,0.7852,8.20,2.40
2009.06.05 13:00:55.973,0.7849,0.7852,11.80,3.60
2009.06.05 13:00:56.671,0.78485,0.7852,14.00,5.00
2009.06.05 13:00:56.951,0.78485,0.78505,19.40,2.40
2009.06.05 13:00:57.581,0.78485,0.7851,5.20,1.20
2009.06.05 13:00:58.221,0.7849,0.78515,1.00,1.00
2009.06.05 13:00:58.571,0.785,0.7852,1.00,1.00
2009.06.05 13:00:59.191,0.785,0.7852,8.60,1.00
2009.06.05 13:00:59.531,0.785,0.78525,1.60,1.00
2009.06.05 13:01:00.091,0.785,0.7853,3.00,3.60
2009.06.05 13:01:00.431,0.78505,0.78535,5.20,1.00
2009.06.05 13:01:00.710,0.785,0.7853,1.40,3.60
2009.06.05 13:01:00.990,0.785,0.78525,1.40,1.00
2009.06.05 13:01:01.340,0.78495,0.7853,5.20,3.60
2009.06.05 13:01:01.920,0.78495,0.78525,5.20,1.60
2009.06.05 13:01:02.270,0.78495,0.78515,5.20,3.20
2009.06.05 13:01:02.890,0.78495,0.7851,5.20,1.60
2009.06.05 13:01:03.190,0.78475,0.7849,6.70,4.00
2009.06.05 13:01:03.540,0.7848,0.78505,4.60,1.00
2009.06.05 13:01:04.100,0.785,0.7851,1.00,12.40
2009.06.05 13:01:04.470,0.78495,0.785,1.50,1.00
2009.06.05 13:01:04.739,0.785,0.78505,1.00,1.00
2009.06.05 13:01:05.039,0.7851,0.78515,1.00,1.50
2009.06.05 13:01:05.389,0.78485,0.78515,6.40,1.00
2009.06.05 13:01:05.689,0.7849,0.78505,4.60,1.00
2009.06.05 13:01:05.969,0.7849,0.785,2.20,1.60
2009.06.05 13:01:06.599,0.7849,0.78495,1.60,1.60
2009.06.05 13:01:06.879,0.78475,0.785,5.20,1.60
2009.06.05 13:01:07.888,0.78485,0.785,6.00,1.60
2009.06.05 13:01:08.279,0.78495,0.785,5.20,1.60
2009.06.05 13:01:08.609,0.7849,0.78495,1.00,1.00
2009.06.05 13:01:08.898,0.7849,0.78505,2.20,1.80
2009.06.05 13:01:09.478,0.7849,0.78515,1.00,1.80
2009.06.05 13:01:09.768,0.7849,0.78495,3.00,1.00
2009.06.05 13:01:10.178,0.7849,0.785,3.00,1.00
2009.06.05 13:01:10.818,0.7849,0.785,6.80,1.00
2009.06.05 13:01:11.158,0.7849,0.78505,1.40,1.00
2009.06.05 13:01:11.439,0.7849,0.7851,2.80,1.80
2009.06.05 13:01:11.798,0.7849,0.7851,10.80,1.00
2009.06.05 13:01:12.088,0.7849,0.7851,9.40,1.00
2009.06.05 13:01:12.428,0.7849,0.7852,9.40,6.60
2009.06.05 13:01:13.007,0.7849,0.78495,1.00,1.60
2009.06.05 13:01:13.337,0.78475,0.78495,5.20,1.60
2009.06.05 13:01:13.957,0.78475,0.78495,5.20,1.00
2009.06.05 13:01:14.249,0.78485,0.785,5.20,3.20
2009.06.05 13:01:14.587,0.78485,0.78495,5.20,3.20
2009.06.05 13:01:14.877,0.78485,0.78495,5.20,4.00
2009.06.05 13:01:15.147,0.78475,0.7849,5.20,1.60
2009.06.05 13:01:15.747,0.78485,0.7849,5.20,1.60
2009.06.05 13:01:16.107,0.78475,0.7849,5.20,1.60
2009.06.05 13:01:16.397,0.78475,0.78485,5.20,1.60
2009.06.05 13:01:16.686,0.78465,0.78485,5.20,1.60
2009.06.05 13:01:17.017,0.78455,0.78485,5.20,1.60
2009.06.05 13:01:17.926,0.7847,0.78485,1.00,1.60
2009.06.05 13:01:18.286,0.7849,0.78495,1.00,1.00
2009.06.05 13:01:18.626,0.7848,0.78495,1.40,2.80
2009.06.05 13:01:19.226,0.7847,0.78495,3.00,1.00
2009.06.05 13:01:19.576,0.7848,0.78495,1.00,1.00
2009.06.05 13:01:19.916,0.7848,0.7849,3.00,1.00
2009.06.05 13:01:20.725,0.78485,0.785,5.20,1.60
2009.06.05 13:01:21.345,0.78475,0.7848,8.60,1.60
2009.06.05 13:01:21.695,0.7847,0.78475,9.10,1.60
2009.06.05 13:01:21.985,0.78465,0.78475,14.60,1.60
2009.06.05 13:01:22.285,0.78455,0.78465,18.60,1.60
2009.06.05 13:01:22.625,0.78465,0.78475,12.60,1.60
2009.06.05 13:01:22.975,0.7845,0.78465,1.00,1.60
2009.06.05 13:01:24.015,0.7847,0.7848,1.00,1.80
2009.06.05 13:01:24.554,0.78455,0.78475,2.20,1.60
2009.06.05 13:01:24.895,0.7846,0.78475,1.00,1.60
2009.06.05 13:01:25.174,0.7846,0.78475,2.40,1.60
2009.06.05 13:01:25.525,0.7846,0.7849,3.00,1.60
2009.06.05 13:01:26.214,0.78475,0.7849,1.40,1.80
2009.06.05 13:01:26.514,0.7846,0.7849,11.60,1.00
2009.06.05 13:01:26.864,0.7847,0.78495,1.00,1.00
2009.06.05 13:01:27.214,0.78475,0.7849,8.60,1.00
2009.06.05 13:01:27.504,0.78475,0.785,8.00,3.60
2009.06.05 13:01:27.844,0.7849,0.785,1.00,1.00
2009.06.05 13:01:28.134,0.7849,0.78505,1.00,11.20
2009.06.05 13:01:28.663,0.7848,0.785,3.00,1.00
2009.06.05 13:01:29.064,0.78475,0.78495,8.60,5.60
2009.06.05 13:01:29.573,0.78475,0.78495,5.20,5.60
2009.06.05 13:01:30.168,0.78475,0.7849,5.20,1.00
2009.06.05 13:01:30.793,0.7848,0.7849,1.00,1.00
2009.06.05 13:01:31.703,0.78475,0.78495,5.20,1.00
2009.06.05 13:01:32.043,0.7849,0.78515,1.00,2.80
2009.06.05 13:01:33.312,0.7849,0.7851,1.00,1.60
2009.06.05 13:01:33.663,0.7849,0.78515,1.00,1.00
2009.06.05 13:01:34.192,0.7849,0.78515,2.20,1.00
2009.06.05 13:01:34.532,0.785,0.7852,1.00,1.00
2009.06.05 13:01:35.752,0.785,0.78525,1.00,1.60
2009.06.05 13:01:36.722,0.7852,0.7853,2.60,3.20
2009.06.05 13:01:37.022,0.7853,0.78535,1.00,7.20
2009.06.05 13:01:37.371,0.7852,0.7853,1.60,1.00
2009.06.05 13:01:37.712,0.78515,0.7855,6.80,1.60
2009.06.05 13:01:38.291,0.7852,0.7854,11.00,1.60
2009.06.05 13:01:38.951,0.7852,0.7854,3.00,1.60
2009.06.05 13:01:39.811,0.78515,0.78535,5.20,1.60
2009.06.05 13:01:40.161,0.78525,0.7854,8.60,4.00
2009.06.05 13:01:40.461,0.78525,0.7853,8.60,4.00
2009.06.05 13:01:40.811,0.78515,0.7853,5.20,5.60
2009.06.05 13:01:41.680,0.78505,0.78525,1.00,2.40
2009.06.05 13:01:41.800,0.7851,0.7853,1.00,2.80
2009.06.05 13:01:42.350,0.7851,0.7853,3.00,2.80
2009.06.05 13:01:42.980,0.78515,0.78535,1.40,1.00
2009.06.05 13:01:43.370,0.7851,0.7854,3.00,6.00
2009.06.05 13:01:43.900,0.7851,0.7854,3.00,7.60
2009.06.05 13:01:44.300,0.7851,0.78535,2.40,2.40
2009.06.05 13:01:44.541,0.7851,0.78525,2.20,1.00
2009.06.05 13:01:44.880,0.7851,0.78525,1.00,1.00
2009.06.05 13:01:45.180,0.7852,0.78525,1.00,1.00
2009.06.05 13:01:45.470,0.7852,0.78535,2.20,1.00
2009.06.05 13:01:46.669,0.7853,0.78555,1.00,2.80
2009.06.05 13:01:46.990,0.7852,0.78555,4.40,2.80
2009.06.05 13:01:47.679,0.7852,0.78555,12.40,1.60
2009.06.05 13:01:48.329,0.7852,0.78555,12.40,2.80
2009.06.05 13:01:48.679,0.7853,0.78555,3.00,2.80
2009.06.05 13:01:49.069,0.7853,0.78565,4.40,3.60
2009.06.05 13:01:49.419,0.7854,0.78565,1.00,1.80
2009.06.05 13:01:49.759,0.78535,0.7857,7.40,1.60
2009.06.05 13:01:52.038,0.7854,0.78565,1.00,5.60
2009.06.05 13:01:52.418,0.78525,0.78545,14.60,1.60
2009.06.05 13:01:52.718,0.78525,0.78535,14.60,1.60
2009.06.05 13:01:53.297,0.78535,0.78545,8.00,4.60
2009.06.05 13:01:53.698,0.78515,0.78545,5.20,3.00
2009.06.05 13:01:54.047,0.7851,0.78535,3.00,1.60
2009.06.05 13:01:54.737,0.78505,0.7854,5.20,8.60
2009.06.05 13:01:55.027,0.78505,0.78525,5.20,1.60
2009.06.05 13:01:55.377,0.785,0.7853,1.60,1.60
2009.06.05 13:01:55.657,0.78495,0.7853,16.20,1.60
2009.06.05 13:01:55.767,0.785,0.7853,3.00,2.80
2009.06.05 13:01:56.328,0.785,0.78535,4.40,4.20
2009.06.05 13:01:56.677,0.785,0.78535,4.40,2.80
2009.06.05 13:01:56.967,0.785,0.78535,12.40,2.80
2009.06.05 13:01:57.587,0.78505,0.78535,1.40,2.80
2009.06.05 13:01:57.996,0.78505,0.7853,5.20,1.60
2009.06.05 13:01:58.646,0.7851,0.7853,1.40,1.60
2009.06.05 13:01:58.996,0.78505,0.7854,6.60,3.20
2009.06.05 13:01:59.386,0.78505,0.7854,6.00,2.40
2009.06.05 13:02:00.026,0.78515,0.78545,5.20,1.40
2009.06.05 13:02:00.376,0.78515,0.7855,6.60,4.20
2009.06.05 13:02:00.666,0.7852,0.7855,1.00,1.60
2009.06.05 13:02:01.006,0.78525,0.7855,5.20,4.00
2009.06.05 13:02:01.296,0.78525,0.78555,5.20,4.00
2009.06.05 13:02:01.616,0.78525,0.7855,5.20,1.60
2009.06.05 13:02:01.956,0.78515,0.7855,8.20,1.60
2009.06.05 13:02:02.886,0.78515,0.7855,7.40,1.60
2009.06.05 13:02:04.715,0.7852,0.7855,3.00,2.80
2009.06.05 13:02:05.864,0.7852,0.7855,3.00,1.60
2009.06.05 13:02:06.854,0.7852,0.78555,14.20,2.80
2009.06.05 13:02:07.244,0.7852,0.78555,13.20,1.60
2009.06.05 13:02:07.595,0.78515,0.7855,8.20,1.60
2009.06.05 13:02:07.944,0.78525,0.7855,5.20,1.60
2009.06.05 13:02:08.424,0.78515,0.78555,13.20,1.60
2009.06.05 13:02:09.014,0.7852,0.78555,13.20,1.60
2009.06.05 13:02:09.354,0.7853,0.78555,1.00,1.60
2009.06.05 13:02:09.934,0.7853,0.78555,2.40,1.60
2009.06.05 13:02:10.263,0.78525,0.78545,9.40,1.60
2009.06.05 13:02:10.544,0.78525,0.78545,10.00,1.00
2009.06.05 13:02:10.883,0.78525,0.7854,5.20,1.60
2009.06.05 13:02:11.483,0.7851,0.78535,3.00,1.60
2009.06.05 13:02:11.823,0.78505,0.78535,5.20,1.60
2009.06.05 13:02:12.173,0.7851,0.78535,10.80,2.80
2009.06.05 13:02:12.463,0.7851,0.7853,3.00,2.40
2009.06.05 13:02:12.803,0.7851,0.7854,3.00,5.40
2009.06.05 13:02:13.133,0.7851,0.78525,2.20,1.60
2009.06.05 13:02:13.475,0.78505,0.78535,8.60,2.80
2009.06.05 13:02:14.043,0.78505,0.7853,1.40,1.00
2009.06.05 13:02:14.403,0.78505,0.78535,1.40,1.60
2009.06.05 13:02:15.772,0.7851,0.78535,1.00,1.60
2009.06.05 13:02:16.112,0.7851,0.78535,3.00,1.60
2009.06.05 13:02:17.732,0.7851,0.7854,4.40,3.60
2009.06.05 13:02:18.472,0.7851,0.7854,3.00,3.60
2009.06.05 13:02:19.021,0.78505,0.78545,6.00,3.00
2009.06.05 13:02:19.361,0.7851,0.7854,11.80,5.00
2009.06.05 13:02:19.891,0.78515,0.7853,5.20,1.60
2009.06.05 13:02:20.231,0.7851,0.7854,12.40,3.60
2009.06.05 13:02:20.571,0.7851,0.7854,4.40,3.60
2009.06.05 13:02:21.191,0.7851,0.7854,3.00,3.60
2009.06.05 13:02:21.541,0.7851,0.78535,3.00,1.60
2009.06.05 13:02:21.831,0.78505,0.78535,5.20,1.60
2009.06.05 13:02:22.181,0.7851,0.78545,10.80,3.60
2009.06.05 13:02:22.471,0.7852,0.78545,8.00,4.40
2009.06.05 13:02:22.811,0.7852,0.7854,8.60,1.60
2009.06.05 13:02:23.111,0.7852,0.78545,8.00,2.80
2009.06.05 13:02:23.740,0.78515,0.7855,6.60,2.40
2009.06.05 13:02:24.060,0.78515,0.78535,5.20,1.60
2009.06.05 13:02:24.471,0.78515,0.7854,8.60,1.00
2009.06.05 13:02:24.750,0.78515,0.7854,8.60,2.80
2009.06.05 13:02:25.330,0.78515,0.7854,5.20,1.60
2009.06.05 13:02:25.680,0.7851,0.7854,12.40,3.60
2009.06.05 13:02:25.960,0.7851,0.7854,2.20,3.60
2009.06.05 13:02:26.300,0.7851,0.78545,2.20,2.80
2009.06.05 13:02:26.940,0.78515,0.7854,1.40,2.40
2009.06.05 13:02:27.220,0.78515,0.7854,1.40,3.60
2009.06.05 13:02:28.199,0.7851,0.7854,1.40,3.60
2009.06.05 13:02:28.939,0.7851,0.7854,1.40,1.00
2009.06.05 13:02:29.659,0.78505,0.7854,9.80,1.60
2009.06.05 13:02:30.019,0.78525,0.7855,1.40,1.80
2009.06.05 13:02:30.649,0.78515,0.7855,6.60,1.60
2009.06.05 13:02:31.048,0.7852,0.7855,8.60,2.80
2009.06.05 13:02:31.458,0.78515,0.7855,10.00,2.80
2009.06.05 13:02:31.758,0.78515,0.7855,9.40,3.60
2009.06.05 13:02:32.108,0.78515,0.78555,5.20,1.00
2009.06.05 13:02:32.398,0.78515,0.7856,5.20,2.60
2009.06.05 13:02:32.748,0.78515,0.7856,17.00,6.40
2009.06.05 13:02:33.328,0.78535,0.78565,1.40,1.80
2009.06.05 13:02:33.898,0.78535,0.78565,10.80,1.00
2009.06.05 13:02:34.258,0.7854,0.7857,9.40,1.60
2009.06.05 13:02:34.618,0.78545,0.7857,1.00,1.60
2009.06.05 13:02:34.908,0.78545,0.7857,5.20,1.60
2009.06.05 13:02:35.727,0.78545,0.7857,6.60,5.60
2009.06.05 13:02:36.367,0.78555,0.7858,5.20,1.60
2009.06.05 13:02:37.007,0.78555,0.78575,5.20,1.60
2009.06.05 13:02:37.367,0.78555,0.78595,5.20,1.00
2009.06.05 13:02:37.967,0.78565,0.78595,8.00,1.60
2009.06.05 13:02:38.527,0.78565,0.7859,5.20,1.60
2009.06.05 13:02:38.886,0.78565,0.78595,6.60,1.60
2009.06.05 13:02:39.226,0.78575,0.786,15.20,2.40
2009.06.05 13:02:39.507,0.78575,0.78605,5.20,1.60
2009.06.05 13:02:39.917,0.78575,0.786,5.20,1.60
2009.06.05 13:02:40.556,0.78575,0.78605,7.40,1.60
2009.06.05 13:02:41.146,0.78575,0.78595,6.80,1.60
2009.06.05 13:02:41.766,0.78585,0.78595,5.20,1.60
2009.06.05 13:02:42.116,0.78585,0.786,5.20,1.60
2009.06.05 13:02:42.416,0.78575,0.78605,18.80,1.60
2009.06.05 13:02:42.776,0.78585,0.7862,15.20,6.00
2009.06.05 13:02:43.285,0.7859,0.78625,1.40,3.20
2009.06.05 13:02:43.705,0.78595,0.78625,6.60,1.60
2009.06.05 13:02:44.006,0.78605,0.78615,8.60,1.60
2009.06.05 13:02:44.305,0.78605,0.7862,8.60,1.60
2009.06.05 13:02:44.595,0.78595,0.7861,5.20,1.60
2009.06.05 13:02:44.945,0.78585,0.7861,5.20,1.60
2009.06.05 13:02:46.025,0.78585,0.78605,5.20,1.60
2009.06.05 13:02:46.625,0.7859,0.7862,9.40,3.60
2009.06.05 13:02:46.965,0.7859,0.7862,11.00,3.60
2009.06.05 13:02:47.315,0.78595,0.7863,5.20,3.60
2009.06.05 13:02:47.665,0.78595,0.78615,1.00,1.60
2009.06.05 13:02:48.245,0.78595,0.7862,5.20,1.60
2009.06.05 13:02:48.594,0.78595,0.78615,5.20,1.60
2009.06.05 13:02:48.874,0.78595,0.7862,5.20,1.60
2009.06.05 13:02:50.044,0.786,0.7863,8.60,1.60
2009.06.05 13:02:50.394,0.78595,0.7863,12.40,1.60
2009.06.05 13:02:50.744,0.78605,0.7863,5.20,1.60
2009.06.05 13:02:51.323,0.78605,0.78635,5.20,1.60
2009.06.05 13:02:51.434,0.78605,0.78635,6.00,1.60
2009.06.05 13:02:51.914,0.78605,0.78635,5.20,1.60
2009.06.05 13:02:52.544,0.78605,0.7863,5.20,1.60
2009.06.05 13:02:53.083,0.78605,0.78635,5.20,1.60
2009.06.05 13:02:54.053,0.78625,0.7863,5.20,1.60
2009.06.05 13:02:54.643,0.78605,0.78635,5.20,3.20
2009.06.05 13:02:54.943,0.78595,0.7863,16.20,1.60
2009.06.05 13:02:55.763,0.78595,0.78625,5.20,1.60
2009.06.05 13:02:56.053,0.78595,0.78625,9.40,2.80
2009.06.05 13:02:56.402,0.78595,0.7862,9.40,1.60
2009.06.05 13:02:56.702,0.78595,0.7862,11.00,1.60
2009.06.05 13:02:57.003,0.78605,0.7863,2.40,1.80
2009.06.05 13:02:57.302,0.78605,0.7863,6.00,1.80
2009.06.05 13:02:57.652,0.78605,0.7863,6.00,1.00
2009.06.05 13:02:58.272,0.78605,0.7864,6.00,3.60
2009.06.05 13:02:58.562,0.78615,0.78635,1.40,1.80
2009.06.05 13:02:58.972,0.78615,0.78635,1.40,1.00
2009.06.05 13:02:59.522,0.78615,0.78645,6.60,1.60
2009.06.05 13:03:00.161,0.78615,0.78645,10.80,2.80
2009.06.05 13:03:00.501,0.78615,0.78635,6.60,1.60
2009.06.05 13:03:01.271,0.78605,0.78635,8.80,1.60
2009.06.05 13:03:01.731,0.786,0.78635,10.00,2.80
2009.06.05 13:03:02.061,0.78595,0.7863,6.60,1.60
2009.06.05 13:03:02.681,0.78595,0.7862,1.00,1.60
2009.06.05 13:03:03.321,0.78605,0.7863,5.20,4.80
2009.06.05 13:03:03.661,0.78605,0.7863,5.20,3.20
2009.06.05 13:03:04.061,0.78615,0.78635,1.00,1.60
2009.06.05 13:03:04.281,0.78615,0.78635,1.40,1.60
2009.06.05 13:03:04.580,0.78625,0.7865,5.20,6.40
2009.06.05 13:03:04.920,0.78635,0.78655,1.60,2.40
2009.06.05 13:03:05.260,0.7864,0.7866,1.40,1.00
2009.06.05 13:03:05.550,0.7864,0.78675,3.80,2.40
2009.06.05 13:03:05.890,0.7865,0.78675,2.60,11.20
2009.06.05 13:03:06.410,0.78645,0.78675,6.00,1.00
2009.06.05 13:03:06.470,0.78645,0.7868,11.40,1.60
2009.06.05 13:03:06.760,0.78645,0.78675,5.20,1.60
2009.06.05 13:03:07.450,0.78655,0.78685,7.20,2.80
2009.06.05 13:03:08.080,0.78665,0.78685,1.40,1.00
2009.06.05 13:03:08.370,0.78665,0.78685,5.20,1.60
2009.06.05 13:03:08.669,0.78665,0.78695,1.40,1.60
2009.06.05 13:03:09.029,0.78655,0.7869,15.00,1.60
2009.06.05 13:03:09.419,0.7867,0.787,3.00,4.20
2009.06.05 13:03:09.759,0.7866,0.78695,6.80,1.60
2009.06.05 13:03:09.989,0.7867,0.78685,1.00,1.60
2009.06.05 13:03:10.269,0.78655,0.78685,14.80,1.60
2009.06.05 13:03:10.620,0.78655,0.78685,17.00,1.60
2009.06.05 13:03:10.959,0.78675,0.78685,5.20,1.60
2009.06.05 13:03:11.239,0.7869,0.78695,8.60,3.20
2009.06.05 13:03:11.539,0.78685,0.7869,9.10,1.20
2009.06.05 13:03:11.649,0.7868,0.78695,9.40,1.60
2009.06.05 13:03:12.169,0.7867,0.7868,13.40,1.60
2009.06.05 13:03:12.469,0.7868,0.78695,1.00,2.60
2009.06.05 13:03:12.768,0.7867,0.7869,1.60,1.20
2009.06.05 13:03:13.099,0.7867,0.787,9.40,2.60
2009.06.05 13:03:13.448,0.78665,0.787,5.20,11.80
2009.06.05 13:03:13.778,0.78655,0.7869,5.20,4.00
2009.06.05 13:03:14.358,0.7866,0.78685,8.60,1.00
2009.06.05 13:03:14.478,0.7866,0.78685,8.60,2.80
2009.06.05 13:03:15.058,0.78665,0.78685,8.60,1.60
2009.06.05 13:03:15.338,0.78645,0.78665,6.80,1.60
2009.06.05 13:03:15.638,0.78645,0.78665,5.20,1.60
2009.06.05 13:03:15.928,0.7865,0.78675,1.00,1.60
2009.06.05 13:03:16.268,0.78655,0.78675,5.40,1.60
2009.06.05 13:03:16.567,0.78665,0.7868,3.80,1.00
2009.06.05 13:03:16.678,0.78665,0.78695,6.60,1.60
2009.06.05 13:03:17.207,0.78675,0.78695,3.80,1.60
2009.06.05 13:03:17.508,0.78675,0.787,4.60,1.60
2009.06.05 13:03:18.137,0.7868,0.78705,8.80,1.60
2009.06.05 13:03:18.537,0.7869,0.78715,1.00,3.60
2009.06.05 13:03:18.877,0.7869,0.7871,4.40,1.00
2009.06.05 13:03:19.377,0.78685,0.7871,10.80,1.00
2009.06.05 13:03:19.727,0.78695,0.78725,5.20,1.60
2009.06.05 13:03:20.017,0.78685,0.78725,8.20,1.60
2009.06.05 13:03:21.436,0.78685,0.78715,8.20,1.00
2009.06.05 13:03:21.736,0.7869,0.78695,9.40,1.60
2009.06.05 13:03:22.366,0.78675,0.78695,5.20,1.60
2009.06.05 13:03:22.716,0.7867,0.78695,10.20,1.60
2009.06.05 13:03:23.006,0.7867,0.78695,9.40,1.60
2009.06.05 13:03:23.708,0.7866,0.78685,8.00,1.60
2009.06.05 13:03:24.056,0.7865,0.78685,13.20,1.60
2009.06.05 13:03:24.636,0.78645,0.78675,8.20,1.60
2009.06.05 13:03:24.916,0.78645,0.7868,6.00,6.80
2009.06.05 13:03:25.516,0.78645,0.7868,5.20,6.80
2009.06.05 13:03:25.855,0.78635,0.7868,17.00,8.00
2009.06.05 13:03:26.146,0.78635,0.7868,9.00,8.00
2009.06.05 13:03:26.485,0.78635,0.7868,8.40,8.00
2009.06.05 13:03:26.776,0.78635,0.78665,8.80,1.60
2009.06.05 13:03:27.115,0.78635,0.78665,6.80,1.60
2009.06.05 13:03:27.407,0.7865,0.7866,1.00,4.00
2009.06.05 13:03:27.705,0.78655,0.7866,8.00,5.60
2009.06.05 13:03:28.055,0.78655,0.7866,8.60,3.70
2009.06.05 13:03:28.624,0.78615,0.78635,6.00,1.60
2009.06.05 13:03:28.945,0.7862,0.78635,9.40,1.60
2009.06.05 13:03:29.305,0.78625,0.78635,8.60,1.60
2009.06.05 13:03:29.594,0.78625,0.78635,1.00,1.60
2009.06.05 13:03:29.874,0.78625,0.78645,5.20,5.60
2009.06.05 13:03:30.294,0.78625,0.78635,5.20,1.60
2009.06.05 13:03:30.534,0.78625,0.78645,5.20,5.40
2009.06.05 13:03:30.814,0.78625,0.7864,5.20,4.00
2009.06.05 13:03:31.154,0.7863,0.78645,8.60,2.60
2009.06.05 13:03:31.444,0.7863,0.7865,8.60,2.80
2009.06.05 13:03:31.794,0.7863,0.7865,8.60,4.20
2009.06.05 13:03:32.084,0.78605,0.7864,7.40,1.60
2009.06.05 13:03:32.424,0.7861,0.78645,10.80,3.00
2009.06.05 13:03:32.713,0.78605,0.7863,5.20,1.60
2009.06.05 13:03:33.054,0.78595,0.7863,17.00,1.60
2009.06.05 13:03:33.394,0.786,0.78635,11.60,1.60
2009.06.05 13:03:33.693,0.78615,0.7864,1.40,7.60
2009.06.05 13:03:34.093,0.78615,0.78635,5.20,1.60
2009.06.05 13:03:34.653,0.78605,0.7863,5.20,1.60
2009.06.05 13:03:35.003,0.7861,0.78625,9.40,1.60
2009.06.05 13:03:35.233,0.7861,0.78635,11.60,1.60
2009.06.05 13:03:35.683,0.7862,0.78635,1.00,1.60
2009.06.05 13:03:37.872,0.7862,0.78645,2.20,1.60
2009.06.05 13:03:38.272,0.7863,0.78635,3.00,1.60
2009.06.05 13:03:38.622,0.7862,0.78635,8.60,3.20
2009.06.05 13:03:38.972,0.7861,0.78635,4.40,3.20
2009.06.05 13:03:39.372,0.78605,0.78625,5.20,1.60
2009.06.05 13:03:39.722,0.7861,0.78625,1.00,1.60
2009.06.05 13:03:40.062,0.786,0.7862,9.40,2.40
2009.06.05 13:03:40.360,0.786,0.7862,8.60,2.40
2009.06.05 13:03:40.642,0.78595,0.78625,1.40,3.20
2009.06.05 13:03:40.972,0.78595,0.78625,6.60,3.20
2009.06.05 13:03:41.322,0.786,0.78625,1.00,3.20
2009.06.05 13:03:41.613,0.78595,0.78625,7.40,3.20
2009.06.05 13:03:41.952,0.78605,0.7862,1.40,2.40
2009.06.05 13:03:42.271,0.786,0.7863,1.00,5.80
2009.06.05 13:03:42.561,0.78595,0.78625,6.60,4.00
2009.06.05 13:03:43.441,0.78595,0.7862,5.20,1.60
2009.06.05 13:03:43.781,0.78595,0.78615,3.80,1.60
2009.06.05 13:03:44.121,0.78585,0.7861,5.20,1.60
2009.06.05 13:03:45.041,0.78585,0.7861,5.20,2.40
2009.06.05 13:03:45.101,0.78585,0.7861,2.20,2.40
2009.06.05 13:03:45.491,0.78585,0.7861,6.00,2.40
2009.06.05 13:03:46.210,0.786,0.7861,1.40,2.40
2009.06.05 13:03:46.560,0.786,0.78625,1.40,3.20
2009.06.05 13:03:46.850,0.78595,0.78615,12.40,1.60
2009.06.05 13:03:47.200,0.78595,0.78615,10.80,1.60
2009.06.05 13:03:47.790,0.786,0.7863,4.80,2.80
2009.06.05 13:03:48.140,0.786,0.7863,4.80,3.20
2009.06.05 13:03:48.470,0.78605,0.7863,5.20,1.60
2009.06.05 13:03:49.909,0.78605,0.78635,5.20,1.60
2009.06.05 13:03:50.190,0.78605,0.78635,10.00,1.60
2009.06.05 13:03:50.460,0.78605,0.7863,10.80,1.60
2009.06.05 13:03:50.749,0.78615,0.7863,5.20,1.60
2009.06.05 13:03:51.089,0.78615,0.7864,11.60,2.40
2009.06.05 13:03:51.429,0.78625,0.78645,4.60,3.00
2009.06.05 13:03:52.039,0.78635,0.78645,4.60,1.80
2009.06.05 13:03:52.329,0.78625,0.78645,5.20,1.20
2009.06.05 13:03:52.679,0.78625,0.78645,5.20,1.80
2009.06.05 13:03:53.009,0.78635,0.78645,5.20,1.40
2009.06.05 13:03:53.299,0.78635,0.7865,5.20,3.20
2009.06.05 13:03:53.579,0.78615,0.78645,5.20,1.60
2009.06.05 13:03:54.168,0.78635,0.7864,5.20,1.60
2009.06.05 13:03:54.519,0.78635,0.78645,9.50,1.20
2009.06.05 13:03:54.868,0.78635,0.78645,9.90,1.80
2009.06.05 13:03:55.788,0.78625,0.78645,5.20,1.80
2009.06.05 13:03:56.748,0.7862,0.78645,8.00,1.80
2009.06.05 13:03:57.328,0.78625,0.78645,14.00,1.40
2009.06.05 13:03:57.627,0.78625,0.78645,14.00,1.80
2009.06.05 13:03:57.968,0.7863,0.78645,14.00,1.80
2009.06.05 13:03:58.268,0.78635,0.78645,1.40,1.80
2009.06.05 13:03:58.608,0.78635,0.78645,8.60,1.80
2009.06.05 13:03:59.537,0.7863,0.78645,14.00,1.80
2009.06.05 13:03:59.887,0.78635,0.78645,2.00,1.80
2009.06.05 13:04:00.117,0.7864,0.78645,4.60,1.80
2009.06.05 13:04:00.707,0.7864,0.7866,4.60,2.40
2009.06.05 13:04:01.097,0.78645,0.7866,4.60,2.60
2009.06.05 13:04:01.497,0.78645,0.7866,6.00,2.40
2009.06.05 13:04:02.207,0.78645,0.7866,4.60,1.20
2009.06.05 13:04:02.616,0.78645,0.7866,2.20,1.80
2009.06.05 13:04:02.947,0.7864,0.7866,1.00,1.20
2009.06.05 13:04:03.226,0.7864,0.7866,2.00,1.20
2009.06.05 13:04:03.686,0.7864,0.7866,3.00,1.00
2009.06.05 13:04:04.036,0.7864,0.7866,1.00,2.40
2009.06.05 13:04:04.376,0.7863,0.7866,5.40,2.40
2009.06.05 13:04:04.956,0.7863,0.7866,1.00,3.20
2009.06.05 13:04:05.356,0.7863,0.7866,1.40,3.60
2009.06.05 13:04:05.766,0.78635,0.7866,1.40,3.60
2009.06.05 13:04:06.055,0.78635,0.7866,1.40,2.40
2009.06.05 13:04:06.386,0.78635,0.7866,1.40,2.40
2009.06.05 13:04:06.685,0.78635,0.7866,6.00,1.00
2009.06.05 13:04:07.035,0.78635,0.78665,6.00,2.80
2009.06.05 13:04:07.905,0.78625,0.7866,6.60,3.20
2009.06.05 13:04:08.185,0.78625,0.7865,5.20,1.60
2009.06.05 13:04:08.485,0.78625,0.7866,11.40,6.80
2009.06.05 13:04:09.165,0.78625,0.7865,5.20,2.40
2009.06.05 13:04:10.025,0.78625,0.7866,6.60,5.20
2009.06.05 13:04:10.375,0.78625,0.7866,8.20,1.60
2009.06.05 13:04:10.665,0.78625,0.7866,5.20,1.00
2009.06.05 13:04:10.994,0.78635,0.78665,1.40,3.40
2009.06.05 13:04:11.295,0.78635,0.78665,9.00,2.20
2009.06.05 13:04:11.587,0.78635,0.78665,3.00,3.40
2009.06.05 13:04:11.874,0.78625,0.7866,6.60,3.20
2009.06.05 13:04:12.564,0.78625,0.78655,5.20,1.60
2009.06.05 13:04:13.044,0.78625,0.7865,9.40,6.40
2009.06.05 13:04:13.334,0.7863,0.78645,8.60,1.60
2009.06.05 13:04:13.634,0.7862,0.78645,10.00,1.60
2009.06.05 13:04:13.974,0.78635,0.7865,1.40,4.80
2009.06.05 13:04:14.584,0.78645,0.7866,5.20,2.40
2009.06.05 13:04:14.914,0.78645,0.7866,5.20,1.60
2009.06.05 13:04:15.903,0.78645,0.7867,5.20,2.40
2009.06.05 13:04:16.543,0.78635,0.7867,11.60,3.20
2009.06.05 13:04:16.893,0.78645,0.7866,5.20,1.60
2009.06.05 13:04:17.823,0.78645,0.7866,5.20,2.20
2009.06.05 13:04:18.103,0.78655,0.78675,5.20,1.80
2009.06.05 13:04:18.743,0.78665,0.78675,5.20,1.80
2009.06.05 13:04:19.092,0.78655,0.78675,6.60,1.80
2009.06.05 13:04:19.322,0.78655,0.78675,5.20,1.80
2009.06.05 13:04:19.612,0.78655,0.78675,6.00,1.20
2009.06.05 13:04:19.902,0.78655,0.78675,5.20,1.20
2009.06.05 13:04:20.203,0.78655,0.78675,5.20,1.60
2009.06.05 13:04:20.602,0.78655,0.78675,5.20,1.80
2009.06.05 13:04:21.482,0.7866,0.78675,1.00,1.20
2009.06.05 13:04:21.882,0.7866,0.78675,1.00,1.80
2009.06.05 13:04:22.172,0.7866,0.78675,1.00,3.80
2009.06.05 13:04:22.472,0.78655,0.78675,6.60,1.80
2009.06.05 13:04:23.112,0.78655,0.78675,5.20,1.60
2009.06.05 13:04:23.501,0.78655,0.78675,5.20,1.80
2009.06.05 13:04:23.851,0.78665,0.78675,5.20,1.80
2009.06.05 13:04:24.191,0.78675,0.7869,5.20,4.60
2009.06.05 13:04:24.671,0.78675,0.78685,5.20,3.60
2009.06.05 13:04:25.061,0.78665,0.78675,5.70,1.80
2009.06.05 13:04:25.691,0.78665,0.78675,6.60,1.80
2009.06.05 13:04:26.051,0.78675,0.78685,5.20,2.60
2009.06.05 13:04:26.291,0.78675,0.7869,5.20,5.00
2009.06.05 13:04:26.631,0.78675,0.7869,6.60,2.40
2009.06.05 13:04:26.921,0.78675,0.7869,5.20,2.40
2009.06.05 13:04:27.273,0.7868,0.7869,9.40,2.40
2009.06.05 13:04:27.620,0.7868,0.7869,9.40,1.60
2009.06.05 13:04:27.960,0.78675,0.7868,6.00,1.60
2009.06.05 13:04:28.250,0.78675,0.78685,6.00,1.60
2009.06.05 13:04:28.550,0.78675,0.7868,6.00,2.40
2009.06.05 13:04:28.830,0.7868,0.7869,9.40,3.60
2009.06.05 13:04:29.120,0.7868,0.7869,9.40,2.40
2009.06.05 13:04:29.542,0.7868,0.7869,1.00,2.40
2009.06.05 13:04:29.880,0.78675,0.7869,6.00,2.40
2009.06.05 13:04:30.450,0.7868,0.7869,2.20,1.80
2009.06.05 13:04:30.740,0.78685,0.787,6.00,3.00
2009.06.05 13:04:31.090,0.78685,0.78705,6.00,3.20
2009.06.05 13:04:31.380,0.78685,0.787,5.20,1.60
2009.06.05 13:04:31.669,0.78685,0.787,9.40,1.60
2009.06.05 13:04:32.299,0.78695,0.787,1.00,1.60
2009.06.05 13:04:32.579,0.78695,0.787,1.00,1.60
2009.06.05 13:04:32.929,0.78665,0.7869,6.00,1.60
2009.06.05 13:04:33.229,0.78665,0.7869,5.20,1.60
2009.06.05 13:04:33.989,0.78665,0.7869,6.60,1.60
2009.06.05 13:04:34.339,0.78665,0.7869,5.20,1.60
2009.06.05 13:04:34.749,0.78665,0.7869,1.40,3.60
2009.06.05 13:04:35.279,0.7867,0.7869,1.00,2.40
2009.06.05 13:04:35.868,0.7867,0.787,1.00,7.60
2009.06.05 13:04:36.199,0.7869,0.78695,1.00,1.00
2009.06.05 13:04:36.488,0.78675,0.78695,5.20,1.00
2009.06.05 13:04:36.838,0.78675,0.78695,1.40,1.00
2009.06.05 13:04:37.420,0.78675,0.787,1.40,3.20
2009.06.05 13:04:38.338,0.7868,0.7871,2.20,5.40
2009.06.05 13:04:38.688,0.78665,0.787,13.20,1.60
2009.06.05 13:04:39.268,0.78665,0.787,6.80,4.00
2009.06.05 13:04:39.568,0.78665,0.78675,5.20,1.60
2009.06.05 13:04:39.848,0.78665,0.7869,6.00,3.00
2009.06.05 13:04:40.147,0.78665,0.78695,5.20,4.60
2009.06.05 13:04:40.477,0.78665,0.78695,5.20,3.00
2009.06.05 13:04:41.171,0.78665,0.78695,5.20,1.40
2009.06.05 13:04:41.757,0.78665,0.7869,5.20,3.20
2009.06.05 13:04:42.087,0.78665,0.7869,8.00,9.20
2009.06.05 13:04:42.367,0.7866,0.7868,9.40,2.40
2009.06.05 13:04:42.697,0.7866,0.7868,9.40,4.00
2009.06.05 13:04:43.047,0.7866,0.7868,8.60,4.00
2009.06.05 13:04:43.387,0.7866,0.78685,1.00,4.20
2009.06.05 13:04:43.746,0.78645,0.7868,6.60,4.80
2009.06.05 13:04:44.276,0.78645,0.7867,5.20,2.40
2009.06.05 13:04:45.156,0.78645,0.78675,5.20,1.60
2009.06.05 13:04:46.206,0.78645,0.7868,15.20,6.80
2009.06.05 13:04:46.556,0.78645,0.7867,15.20,2.40
2009.06.05 13:04:47.346,0.78645,0.7867,5.20,2.40
2009.06.05 13:04:50.215,0.7865,0.78665,8.60,1.60
2009.06.05 13:04:50.505,0.7865,0.7867,8.60,2.80
2009.06.05 13:04:51.135,0.78645,0.7867,8.60,2.80
2009.06.05 13:04:51.535,0.7864,0.7867,6.00,2.80
2009.06.05 13:04:52.215,0.7864,0.7867,6.00,1.60
2009.06.05 13:04:53.274,0.7864,0.7867,14.00,1.60
2009.06.05 13:04:53.564,0.7865,0.7867,1.40,2.40
2009.06.05 13:04:54.114,0.78655,0.7867,1.40,2.40
2009.06.05 13:04:54.414,0.7865,0.7868,2.00,4.00
2009.06.05 13:04:55.884,0.7865,0.7868,10.00,4.00
2009.06.05 13:04:58.053,0.7865,0.7868,10.00,4.00
2009.06.05 13:04:58.833,0.7866,0.7868,1.40,2.40
2009.06.05 13:04:59.183,0.78655,0.7869,11.60,1.60
2009.06.05 13:04:59.833,0.78665,0.787,1.40,9.20
2009.06.05 13:04:59.943,0.78665,0.7869,1.40,2.40
2009.06.05 13:05:00.473,0.78655,0.7869,11.60,1.60
2009.06.05 13:05:00.773,0.78655,0.7869,12.40,1.60
2009.06.05 13:05:01.072,0.7865,0.7868,15.80,1.00
2009.06.05 13:05:01.482,0.78655,0.7868,10.80,3.60
2009.06.05 13:05:01.832,0.78655,0.7869,15.20,6.80
2009.06.05 13:05:02.122,0.78655,0.7869,15.20,5.80
2009.06.05 13:05:02.462,0.7866,0.7868,4.80,2.40
2009.06.05 13:05:02.802,0.7867,0.78695,1.40,1.60
2009.06.05 13:05:03.082,0.78665,0.78695,7.40,1.60
2009.06.05 13:05:03.422,0.78655,0.7869,7.40,1.60
2009.06.05 13:05:04.002,0.7866,0.78685,9.40,1.60
2009.06.05 13:05:04.352,0.78655,0.7867,5.20,1.60
2009.06.05 13:05:04.642,0.78655,0.7867,5.20,3.20
2009.06.05 13:05:04.932,0.7866,0.7867,8.60,3.20
2009.06.05 13:05:05.231,0.78645,0.7867,14.60,3.20
2009.06.05 13:05:05.572,0.78645,0.7867,5.20,5.80
2009.06.05 13:05:05.861,0.78635,0.7867,6.60,4.20
2009.06.05 13:05:06.211,0.78635,0.7867,6.60,1.60
2009.06.05 13:05:06.491,0.78645,0.7867,1.40,3.60
2009.06.05 13:05:06.841,0.7865,0.7867,1.40,5.00
2009.06.05 13:05:07.462,0.7864,0.78665,8.60,3.20
2009.06.05 13:05:07.801,0.7864,0.7865,9.40,3.20
2009.06.05 13:05:08.380,0.78635,0.7865,5.20,5.80
2009.06.05 13:05:08.731,0.78625,0.78645,5.20,1.60
2009.06.05 13:05:09.021,0.78635,0.7865,1.40,5.20
2009.06.05 13:05:09.351,0.7864,0.7865,1.00,3.60
2009.06.05 13:05:09.641,0.7864,0.7865,1.60,1.00
2009.06.05 13:05:09.980,0.7863,0.78655,2.00,1.00
2009.06.05 13:05:10.550,0.7864,0.7866,1.00,3.80
2009.06.05 13:05:10.890,0.7865,0.78665,1.00,1.00
2009.06.05 13:05:11.170,0.7865,0.78665,3.00,1.00
2009.06.05 13:05:11.460,0.78645,0.7867,4.80,1.00
2009.06.05 13:05:11.800,0.78645,0.7867,10.80,1.00
2009.06.05 13:05:12.140,0.78645,0.7868,11.80,2.40
2009.06.05 13:05:12.430,0.78645,0.7868,19.80,2.40
2009.06.05 13:05:12.729,0.78645,0.7867,15.40,1.60
2009.06.05 13:05:13.070,0.78645,0.78675,13.80,3.20
2009.06.05 13:05:13.350,0.78645,0.7867,5.20,1.60
2009.06.05 13:05:13.750,0.78635,0.7867,17.00,1.60
2009.06.05 13:05:14.280,0.78635,0.7867,6.80,2.40
2009.06.05 13:05:14.629,0.78635,0.78655,5.20,1.40
2009.06.05 13:05:15.359,0.78635,0.7865,5.20,2.40
2009.06.05 13:05:15.630,0.7864,0.7865,8.60,2.40
2009.06.05 13:05:16.269,0.78625,0.7865,22.20,2.40
2009.06.05 13:05:16.609,0.78625,0.7865,5.20,2.40
2009.06.05 13:05:16.899,0.78615,0.7865,21.00,8.60
2009.06.05 13:05:17.198,0.78625,0.7865,8.60,9.80
2009.06.05 13:05:17.518,0.78625,0.7865,8.60,2.40
2009.06.05 13:05:17.629,0.78625,0.7865,8.60,3.20
2009.06.05 13:05:18.178,0.7863,0.7865,1.00,4.40
2009.06.05 13:05:18.528,0.7862,0.7866,5.40,14.60
2009.06.05 13:05:19.068,0.7863,0.7865,2.60,2.40
2009.06.05 13:05:19.458,0.78625,0.78655,6.60,7.00
2009.06.05 13:05:20.008,0.78615,0.7865,18.80,1.40
2009.06.05 13:05:20.358,0.78615,0.7864,16.20,2.40
2009.06.05 13:05:20.748,0.78625,0.7864,9.40,2.40
2009.06.05 13:05:21.617,0.78625,0.7864,8.60,2.40
2009.06.05 13:05:21.677,0.78625,0.7864,8.00,2.40
2009.06.05 13:05:22.017,0.78615,0.7864,5.20,2.40
2009.06.05 13:05:22.417,0.78605,0.7864,21.80,2.40
2009.06.05 13:05:23.287,0.78605,0.7864,17.00,2.40
2009.06.05 13:05:23.698,0.7861,0.7864,3.00,10.40
2009.06.05 13:05:24.217,0.7861,0.7864,3.00,11.60
2009.06.05 13:05:24.807,0.7861,0.78635,2.20,1.40
2009.06.05 13:05:25.157,0.786,0.7863,11.00,5.20
2009.06.05 13:05:25.397,0.786,0.78625,9.40,3.20
2009.06.05 13:05:26.036,0.786,0.7862,1.00,2.40
2009.06.05 13:05:26.326,0.786,0.7862,3.00,2.40
2009.06.05 13:05:26.856,0.786,0.7862,4.60,2.40
2009.06.05 13:05:27.196,0.78605,0.7862,1.40,2.40
2009.06.05 13:05:27.556,0.7861,0.7862,1.00,2.40
2009.06.05 13:05:27.856,0.7861,0.78625,3.00,11.20
2009.06.05 13:05:28.186,0.78605,0.78625,10.80,8.00
2009.06.05 13:05:28.576,0.78615,0.7864,12.40,10.40
2009.06.05 13:05:28.916,0.7863,0.78645,2.40,3.20
2009.06.05 13:05:29.436,0.78645,0.78655,1.40,1.00
2009.06.05 13:05:29.776,0.78645,0.7866,1.40,11.20
2009.06.05 13:05:30.176,0.7864,0.7867,1.40,1.40
2009.06.05 13:05:30.235,0.78635,0.7867,5.20,2.80
2009.06.05 13:05:30.805,0.7863,0.7866,4.80,2.40
2009.06.05 13:05:31.205,0.7863,0.7866,4.80,3.60
2009.06.05 13:05:31.485,0.78625,0.7866,14.80,3.60
2009.06.05 13:05:32.125,0.7863,0.7866,8.40,3.60
2009.06.05 13:05:32.356,0.78625,0.7866,13.40,3.60
2009.06.05 13:05:32.635,0.7863,0.7866,4.60,5.00
2009.06.05 13:05:33.095,0.7863,0.7866,3.00,3.60
2009.06.05 13:05:33.675,0.7863,0.7866,3.00,2.40
2009.06.05 13:05:34.035,0.78625,0.7866,5.20,5.20
2009.06.05 13:05:34.394,0.78625,0.7865,6.00,2.40
2009.06.05 13:05:34.624,0.7863,0.7865,3.00,2.40
2009.06.05 13:05:34.924,0.7863,0.7866,2.40,4.40
2009.06.05 13:05:35.224,0.78625,0.7865,5.20,1.20
2009.06.05 13:05:35.814,0.78615,0.7865,13.40,1.20
2009.06.05 13:05:37.526,0.7863,0.78655,1.00,1.80
2009.06.05 13:05:37.814,0.78635,0.78655,1.00,1.00
2009.06.05 13:05:38.464,0.78635,0.7866,5.40,2.40
2009.06.05 13:05:38.803,0.78635,0.78665,5.40,1.60
2009.06.05 13:05:39.093,0.78635,0.78665,4.60,1.60
2009.06.05 13:05:39.493,0.78635,0.7866,1.00,2.40
2009.06.05 13:05:40.523,0.7864,0.78665,1.40,1.60
2009.06.05 13:05:41.033,0.78635,0.78665,5.20,1.60
2009.06.05 13:05:41.323,0.7863,0.78665,14.00,2.80
2009.06.05 13:05:41.663,0.7864,0.78665,3.00,1.60
2009.06.05 13:05:43.223,0.7865,0.7866,1.40,1.00
2009.06.05 13:05:43.332,0.78655,0.78675,8.20,2.40
2009.06.05 13:05:43.872,0.7867,0.78685,1.00,1.60
2009.06.05 13:05:44.432,0.7867,0.78695,1.00,1.60
2009.06.05 13:05:44.832,0.7867,0.78695,3.00,1.60
2009.06.05 13:05:45.425,0.7867,0.787,3.00,3.20
2009.06.05 13:05:45.762,0.7867,0.787,3.80,6.60
2009.06.05 13:05:46.063,0.7867,0.787,3.00,6.60
2009.06.05 13:05:46.361,0.7867,0.787,3.80,6.60
2009.06.05 13:05:46.691,0.7867,0.78695,3.00,7.00
2009.06.05 13:05:47.331,0.7867,0.7869,2.20,1.60
2009.06.05 13:05:47.671,0.78655,0.7868,9.80,1.60
2009.06.05 13:05:47.951,0.78665,0.7868,1.00,1.60
2009.06.05 13:05:48.301,0.7866,0.7869,8.40,1.60
2009.06.05 13:05:49.181,0.7866,0.7869,16.40,1.60
2009.06.05 13:05:49.531,0.78665,0.7869,1.00,1.60
2009.06.05 13:05:50.281,0.7866,0.7869,7.00,1.60
2009.06.05 13:05:50.690,0.7867,0.78695,2.20,5.20
2009.06.05 13:05:50.980,0.7867,0.7869,1.00,1.60
2009.06.05 13:05:51.330,0.7867,0.7869,3.80,5.60
2009.06.05 13:05:51.620,0.7867,0.78695,3.80,4.00
2009.06.05 13:05:53.730,0.7867,0.78695,3.00,4.00
2009.06.05 13:05:54.080,0.7868,0.7871,4.40,7.00
2009.06.05 13:05:54.490,0.7868,0.7871,12.40,7.00
2009.06.05 13:05:55.009,0.78685,0.78715,1.00,3.20
2009.06.05 13:05:55.179,0.7868,0.7871,13.20,1.60
2009.06.05 13:05:56.409,0.7869,0.7871,1.00,1.60
2009.06.05 13:05:56.739,0.7869,0.7871,1.00,1.60
2009.06.05 13:05:57.039,0.78675,0.7871,16.20,4.80
2009.06.05 13:05:57.269,0.78685,0.78705,8.60,4.20
2009.06.05 13:05:57.549,0.78685,0.78695,8.60,1.60
2009.06.05 13:05:58.069,0.78665,0.78695,12.40,1.60
2009.06.05 13:05:58.578,0.78665,0.78695,10.80,1.60
2009.06.05 13:05:58.928,0.78665,0.787,12.40,1.60
2009.06.05 13:05:59.268,0.7867,0.787,1.40,2.80
2009.06.05 13:05:59.608,0.7867,0.787,1.40,5.20
2009.06.05 13:05:59.948,0.7867,0.787,1.40,2.80
2009.06.05 13:06:00.238,0.78675,0.78695,1.00,1.60
2009.06.05 13:06:00.538,0.78675,0.787,1.00,1.60
2009.06.05 13:06:00.948,0.78685,0.787,2.20,11.20
2009.06.05 13:06:01.378,0.7868,0.7871,14.80,1.60
2009.06.05 13:06:01.608,0.78685,0.78715,1.00,4.20
2009.06.05 13:06:01.958,0.7868,0.7871,14.80,4.00
2009.06.05 13:06:02.478,0.7868,0.787,8.60,4.00
2009.06.05 13:06:02.878,0.78675,0.7869,5.20,1.60
2009.06.05 13:06:03.398,0.78695,0.787,7.20,4.20
2009.06.05 13:06:03.737,0.78695,0.7873,12.60,1.60
2009.06.05 13:06:04.377,0.78695,0.7873,12.60,4.00
2009.06.05 13:06:04.857,0.78695,0.7873,12.60,4.80
2009.06.05 13:06:05.207,0.78695,0.7873,12.60,4.00
2009.06.05 13:06:06.117,0.78695,0.78715,11.00,2.40
2009.06.05 13:06:06.417,0.78695,0.78715,5.20,1.60
2009.06.05 13:06:06.707,0.78705,0.7872,5.20,1.60
2009.06.05 13:06:07.307,0.787,0.7872,8.60,1.60
2009.06.05 13:06:07.646,0.787,0.7872,1.00,1.60
2009.06.05 13:06:07.936,0.787,0.7873,3.80,1.60
2009.06.05 13:06:08.236,0.78705,0.7873,1.00,2.40
2009.06.05 13:06:08.576,0.7871,0.7872,1.00,1.60
2009.06.05 13:06:09.156,0.78695,0.7872,12.60,1.60
2009.06.05 13:06:09.506,0.78705,0.7873,1.00,2.40
2009.06.05 13:06:09.846,0.78695,0.7873,12.60,3.20
2009.06.05 13:06:10.457,0.78695,0.7872,22.00,1.60
2009.06.05 13:06:11.145,0.78705,0.7873,9.40,2.40
2009.06.05 13:06:11.425,0.78705,0.7873,9.40,1.60
2009.06.05 13:06:11.715,0.78705,0.7873,2.20,2.40
2009.06.05 13:06:12.055,0.78695,0.78715,7.40,2.20
2009.06.05 13:06:12.395,0.78695,0.7871,5.20,2.40
2009.06.05 13:06:12.675,0.7869,0.7871,4.60,4.80
2009.06.05 13:06:13.545,0.78685,0.7871,8.60,5.80
2009.06.05 13:06:13.845,0.78685,0.7871,8.60,6.40
2009.06.05 13:06:14.195,0.78685,0.7871,1.00,5.00
2009.06.05 13:06:14.585,0.78685,0.78715,10.00,11.20
2009.06.05 13:06:15.505,0.78685,0.78715,12.40,11.20
2009.06.05 13:06:15.804,0.78695,0.78715,5.20,11.20
2009.06.05 13:06:16.284,0.78695,0.78725,5.20,1.60
2009.06.05 13:06:16.634,0.78695,0.7872,5.20,1.60
2009.06.05 13:06:17.254,0.78695,0.78725,5.20,1.60
2009.06.05 13:06:18.844,0.78695,0.7872,5.20,1.60
2009.06.05 13:06:19.374,0.787,0.7872,1.40,1.60
2009.06.05 13:06:19.953,0.78695,0.7872,10.00,1.60
2009.06.05 13:06:20.403,0.78695,0.78715,5.20,1.60
2009.06.05 13:06:20.693,0.78685,0.78715,22.80,1.60
2009.06.05 13:06:20.813,0.78685,0.78715,14.80,1.60
2009.06.05 13:06:22.033,0.78695,0.7872,1.40,2.40
2009.06.05 13:06:22.383,0.787,0.7872,1.00,2.40
2009.06.05 13:06:22.673,0.787,0.7872,3.00,1.60
2009.06.05 13:06:23.013,0.787,0.78725,1.40,1.60
2009.06.05 13:06:25.782,0.78695,0.7872,5.20,6.60
2009.06.05 13:06:26.022,0.78695,0.7871,5.20,2.40
2009.06.05 13:06:26.732,0.7869,0.7871,12.60,2.40
2009.06.05 13:06:27.652,0.7869,0.7871,4.60,2.40
2009.06.05 13:06:28.011,0.7869,0.7871,2.20,1.60
2009.06.05 13:06:28.301,0.78685,0.7871,10.80,1.60
2009.06.05 13:06:28.634,0.78695,0.7871,2.20,2.40
2009.06.05 13:06:28.981,0.7869,0.78715,1.00,2.80
2009.06.05 13:06:29.321,0.78685,0.78715,6.00,1.60
2009.06.05 13:06:29.902,0.78685,0.78715,10.80,1.60
2009.06.05 13:06:30.201,0.787,0.7872,1.00,1.60
2009.06.05 13:06:30.840,0.7869,0.7872,9.60,1.60
2009.06.05 13:06:31.181,0.787,0.78725,1.00,1.60
2009.06.05 13:06:31.531,0.787,0.7873,2.20,1.00
2009.06.05 13:06:32.110,0.78705,0.7873,5.20,1.60
2009.06.05 13:06:32.410,0.78705,0.78735,1.00,1.60
2009.06.05 13:06:32.760,0.7871,0.7873,1.00,2.40
2009.06.05 13:06:33.390,0.78705,0.78735,5.20,1.00
2009.06.05 13:06:34.040,0.78705,0.78725,5.20,1.00
2009.06.05 13:06:35.260,0.787,0.78725,12.60,1.00
2009.06.05 13:06:36.369,0.787,0.78725,4.60,1.00
2009.06.05 13:06:36.939,0.78705,0.78725,1.40,1.00
2009.06.05 13:06:37.290,0.78705,0.7873,6.60,7.20
2009.06.05 13:06:37.629,0.78705,0.7874,6.60,10.00
2009.06.05 13:06:37.909,0.78705,0.7873,10.00,3.20
2009.06.05 13:06:38.549,0.78695,0.7873,13.20,1.60
2009.06.05 13:06:38.889,0.78695,0.7873,12.40,2.80
2009.06.05 13:06:39.298,0.787,0.7873,3.80,2.80
2009.06.05 13:06:40.029,0.7871,0.7873,1.00,2.40
2009.06.05 13:06:40.368,0.7871,0.7873,1.00,3.80
2009.06.05 13:06:40.778,0.78695,0.7873,5.20,2.60
2009.06.05 13:06:41.188,0.78695,0.78725,5.20,1.00
2009.06.05 13:06:41.528,0.787,0.7872,1.00,1.00
2009.06.05 13:06:41.918,0.78685,0.7871,5.20,1.00
2009.06.05 13:06:42.268,0.78685,0.7871,10.80,1.00
2009.06.05 13:06:42.738,0.7869,0.7871,1.00,2.40
2009.06.05 13:06:43.078,0.7869,0.78715,3.00,1.00
2009.06.05 13:06:43.368,0.7868,0.7871,8.40,1.00
2009.06.05 13:06:43.967,0.78685,0.7872,12.40,3.20
2009.06.05 13:06:44.318,0.787,0.7872,1.00,2.40
2009.06.05 13:06:44.658,0.787,0.78725,3.00,12.40
2009.06.05 13:06:44.987,0.7871,0.78725,1.00,2.80
2009.06.05 13:06:45.547,0.787,0.7873,3.00,3.20
2009.06.05 13:06:45.897,0.787,0.7873,1.40,1.60
2009.06.05 13:06:46.227,0.78695,0.78725,10.80,1.60
2009.06.05 13:06:46.517,0.787,0.7872,1.40,1.60
2009.06.05 13:06:46.977,0.787,0.78725,1.40,1.60
2009.06.05 13:06:47.317,0.787,0.78725,1.40,2.80
2009.06.05 13:06:47.737,0.787,0.78725,1.40,11.20
2009.06.05 13:06:48.427,0.7871,0.7873,1.00,1.60
2009.06.05 13:06:48.757,0.7872,0.7873,1.00,2.40
2009.06.05 13:06:49.107,0.7872,0.78745,1.00,13.60
2009.06.05 13:06:49.466,0.78705,0.7873,11.60,1.60
2009.06.05 13:06:49.806,0.7872,0.7874,3.00,1.60
2009.06.05 13:06:51.985,0.7872,0.7875,3.00,8.40
2009.06.05 13:06:52.215,0.7872,0.7874,3.00,2.40
2009.06.05 13:06:52.556,0.7872,0.7874,3.00,1.60
2009.06.05 13:06:52.965,0.78715,0.7874,5.20,1.60
2009.06.05 13:06:53.415,0.7872,0.7874,3.00,1.60
2009.06.05 13:06:53.635,0.78715,0.7873,5.20,1.60
2009.06.05 13:06:54.385,0.78715,0.7873,8.60,2.40
2009.06.05 13:06:54.725,0.78715,0.7873,8.60,3.60
2009.06.05 13:06:55.085,0.78705,0.7873,9.40,2.40
2009.06.05 13:06:55.435,0.78695,0.7872,10.00,1.60
2009.06.05 13:06:55.655,0.787,0.7872,1.40,1.60
2009.06.05 13:06:56.095,0.78695,0.78725,10.80,1.60
2009.06.05 13:06:56.774,0.787,0.7873,4.40,2.80
2009.06.05 13:06:57.125,0.787,0.7873,6.20,1.60
2009.06.05 13:06:57.524,0.7871,0.78735,1.00,2.80
2009.06.05 13:06:57.754,0.7871,0.78735,2.20,2.80
2009.06.05 13:06:58.294,0.7871,0.78735,3.80,1.60
2009.06.05 13:06:59.794,0.7871,0.7874,3.80,1.60
2009.06.05 13:07:00.834,0.78705,0.7873,10.00,1.60
2009.06.05 13:07:01.253,0.78705,0.7873,4.80,1.60
2009.06.05 13:07:01.763,0.7871,0.7874,1.40,2.80
2009.06.05 13:07:02.083,0.7871,0.7874,3.80,2.80
2009.06.05 13:07:02.203,0.78705,0.7874,12.40,1.60
2009.06.05 13:07:02.433,0.78705,0.7874,13.20,1.60
2009.06.05 13:07:03.983,0.78705,0.78735,11.60,1.60
2009.06.05 13:07:04.263,0.78705,0.7873,10.00,1.60
2009.06.05 13:07:04.603,0.7871,0.78735,3.00,1.60
2009.06.05 13:07:05.472,0.78705,0.78725,5.20,1.60
2009.06.05 13:07:05.882,0.78705,0.78725,8.60,2.80
2009.06.05 13:07:06.512,0.78705,0.7872,8.60,2.80
2009.06.05 13:07:06.922,0.7869,0.7872,9.20,2.80
2009.06.05 13:07:07.392,0.7869,0.787,1.60,1.60
2009.06.05 13:07:07.632,0.78685,0.787,8.60,1.60
2009.06.05 13:07:08.372,0.78685,0.78705,8.60,1.60
2009.06.05 13:07:08.662,0.7868,0.78705,3.00,1.60
2009.06.05 13:07:08.992,0.78675,0.78685,9.40,1.60
2009.06.05 13:07:09.931,0.7867,0.78685,9.40,1.60
2009.06.05 13:07:10.211,0.7866,0.78685,16.40,1.60
2009.06.05 13:07:10.561,0.7866,0.78685,15.60,1.60
2009.06.05 13:07:11.081,0.78665,0.78685,1.40,1.60
2009.06.05 13:07:13.161,0.78665,0.78685,7.00,1.60
2009.06.05 13:07:13.610,0.7868,0.787,1.00,12.40
2009.06.05 13:07:13.830,0.7868,0.787,5.40,11.20
2009.06.05 13:07:14.170,0.7868,0.78705,8.40,2.40
2009.06.05 13:07:14.790,0.7868,0.787,7.00,1.60
2009.06.05 13:07:15.120,0.7868,0.787,3.00,1.60
2009.06.05 13:07:15.800,0.7868,0.7871,3.80,2.80
2009.06.05 13:07:16.080,0.7868,0.7871,3.80,1.60
2009.06.05 13:07:17.849,0.7868,0.7871,5.20,1.60
2009.06.05 13:07:18.069,0.7869,0.7871,1.00,1.60
2009.06.05 13:07:18.459,0.7869,0.7871,3.00,1.60
2009.06.05 13:07:20.979,0.78695,0.7871,1.00,1.60
2009.06.05 13:07:21.319,0.787,0.7872,1.00,2.80
2009.06.05 13:07:21.599,0.7871,0.78725,3.00,11.20
2009.06.05 13:07:21.868,0.78705,0.78725,5.20,1.00
2009.06.05 13:07:22.139,0.78705,0.7873,8.60,3.60
2009.06.05 13:07:22.370,0.78705,0.7872,8.60,1.60
2009.06.05 13:07:22.938,0.78715,0.7872,1.00,1.60
2009.06.05 13:07:23.288,0.78685,0.78715,10.00,1.60
2009.06.05 13:07:23.628,0.78685,0.7872,10.80,2.40
2009.06.05 13:07:23.978,0.78695,0.78725,5.20,1.60
2009.06.05 13:07:25.368,0.78695,0.7873,17.00,8.20
2009.06.05 13:07:25.658,0.78695,0.7872,5.20,1.60
2009.06.05 13:07:25.898,0.78695,0.78725,5.20,7.80
2009.06.05 13:07:26.187,0.78695,0.7872,5.20,1.60
2009.06.05 13:07:27.317,0.78695,0.7872,5.20,3.20
2009.06.05 13:07:27.767,0.78685,0.7872,6.60,3.20
2009.06.05 13:07:28.117,0.78685,0.78715,5.20,1.60
2009.06.05 13:07:28.577,0.78685,0.7871,5.20,1.60
2009.06.05 13:07:29.036,0.78685,0.78715,6.60,1.60
2009.06.05 13:07:29.427,0.78685,0.7871,5.20,1.60
2009.06.05 13:07:29.937,0.7869,0.7872,1.40,2.80
2009.06.05 13:07:30.236,0.7869,0.7872,2.20,2.80
2009.06.05 13:07:30.406,0.78685,0.7872,8.20,1.60
2009.06.05 13:07:30.986,0.78685,0.7872,7.40,1.60
2009.06.05 13:07:31.456,0.78685,0.7872,8.20,1.60
2009.06.05 13:07:31.936,0.78685,0.7872,8.20,3.20
2009.06.05 13:07:32.116,0.78685,0.787,6.00,1.60
2009.06.05 13:07:32.396,0.78685,0.7871,7.40,1.60
2009.06.05 13:07:32.686,0.7869,0.78715,10.80,4.00
2009.06.05 13:07:32.926,0.7869,0.7872,10.80,4.80
2009.06.05 13:07:33.216,0.78685,0.78715,12.40,1.60
2009.06.05 13:07:34.465,0.78685,0.78715,11.60,1.60
2009.06.05 13:07:36.095,0.7869,0.78715,1.00,1.60
2009.06.05 13:07:36.705,0.78685,0.7871,10.00,1.60
2009.06.05 13:07:36.985,0.78685,0.787,5.20,1.60
2009.06.05 13:07:37.265,0.78685,0.78695,5.20,1.60
2009.06.05 13:07:37.905,0.78685,0.78695,8.60,1.60
2009.06.05 13:07:38.724,0.78685,0.7869,8.60,1.60
2009.06.05 13:07:39.114,0.78665,0.78695,6.60,2.40
2009.06.05 13:07:39.624,0.7867,0.7869,10.00,2.40
2009.06.05 13:07:39.984,0.78675,0.787,1.40,9.00
2009.06.05 13:07:40.264,0.78675,0.787,1.40,1.00
2009.06.05 13:07:40.534,0.78675,0.78705,1.40,1.60
2009.06.05 13:07:40.824,0.78675,0.78705,6.60,1.60
2009.06.05 13:07:41.504,0.78675,0.78695,6.60,1.60
2009.06.05 13:07:41.744,0.78675,0.7869,5.20,1.40
2009.06.05 13:07:42.064,0.78675,0.78695,5.20,1.60
2009.06.05 13:07:42.783,0.7869,0.78695,8.60,2.20
2009.06.05 13:07:43.133,0.7869,0.787,8.00,2.60
2009.06.05 13:07:43.423,0.78665,0.787,5.20,3.40
2009.06.05 13:07:43.713,0.7867,0.787,1.00,7.20
2009.06.05 13:07:43.943,0.78665,0.787,12.40,2.80
2009.06.05 13:07:44.523,0.78665,0.78695,6.20,1.80
2009.06.05 13:07:44.883,0.7868,0.787,1.00,11.20
2009.06.05 13:07:45.403,0.78685,0.78705,4.80,1.00
2009.06.05 13:07:45.643,0.78695,0.7871,1.00,1.00
2009.06.05 13:07:46.183,0.78695,0.7872,7.00,11.20
2009.06.05 13:07:46.752,0.7872,0.78725,2.00,11.70
2009.06.05 13:07:47.102,0.7873,0.78745,1.00,1.00
2009.06.05 13:07:47.622,0.78725,0.78745,7.00,1.00
2009.06.05 13:07:47.942,0.7873,0.7875,4.80,1.00
2009.06.05 13:07:48.222,0.7873,0.78755,4.80,1.00
2009.06.05 13:07:48.512,0.78725,0.78755,11.00,1.00
2009.06.05 13:07:48.862,0.78725,0.78755,6.00,1.00
2009.06.05 13:07:49.522,0.78735,0.7876,1.60,1.00
2009.06.05 13:07:49.852,0.78735,0.7875,5.20,1.00
2009.06.05 13:07:50.232,0.78735,0.7875,5.20,4.80
2009.06.05 13:07:50.571,0.78735,0.7874,5.20,2.40
2009.06.05 13:07:51.072,0.7874,0.78745,8.60,6.90
2009.06.05 13:07:51.352,0.7872,0.7873,8.60,1.00
2009.06.05 13:07:51.651,0.7872,0.78735,8.60,2.60
2009.06.05 13:07:51.931,0.7872,0.7873,8.60,3.60
2009.06.05 13:07:52.441,0.7872,0.78725,8.60,1.00
2009.06.05 13:07:53.221,0.78715,0.7874,14.20,1.00
2009.06.05 13:07:53.571,0.78715,0.78745,5.20,2.20
2009.06.05 13:07:54.081,0.78715,0.7874,5.20,3.20
2009.06.05 13:07:54.421,0.78715,0.7874,5.20,6.20
2009.06.05 13:07:54.810,0.78715,0.7873,5.20,2.40
2009.06.05 13:07:55.320,0.78705,0.7873,5.20,3.20
2009.06.05 13:07:55.660,0.78695,0.78725,5.20,1.00
2009.06.05 13:07:55.960,0.78695,0.7872,5.20,2.40
2009.06.05 13:07:56.250,0.78695,0.78715,5.20,1.00
2009.06.05 13:07:56.600,0.78695,0.7872,5.20,3.20
2009.06.05 13:07:56.890,0.78685,0.7872,20.40,3.20
2009.06.05 13:07:57.130,0.78685,0.7872,18.80,3.20
2009.06.05 13:07:57.430,0.78685,0.7872,10.00,3.20
2009.06.05 13:07:57.950,0.78685,0.7872,10.00,4.40
2009.06.05 13:07:58.600,0.7869,0.7872,5.60,2.40
2009.06.05 13:07:58.899,0.7869,0.7872,6.20,1.60
2009.06.05 13:07:59.599,0.7869,0.78725,6.20,2.80
2009.06.05 13:08:00.119,0.7869,0.78725,6.20,4.00
2009.06.05 13:08:00.469,0.7869,0.78725,6.20,1.00
2009.06.05 13:08:01.069,0.7869,0.78725,6.20,1.60
2009.06.05 13:08:01.369,0.78695,0.78725,5.20,1.00
2009.06.05 13:08:01.649,0.78695,0.78725,10.00,1.00
2009.06.05 13:08:01.939,0.787,0.7873,5.60,3.60
2009.06.05 13:08:02.799,0.78705,0.78735,4.80,13.20
2009.06.05 13:08:03.029,0.78705,0.78735,10.00,12.00
2009.06.05 13:08:03.429,0.78705,0.7874,10.00,3.20
2009.06.05 13:08:05.718,0.78705,0.78735,10.00,1.00
2009.06.05 13:08:06.638,0.78705,0.78735,11.60,1.00
2009.06.05 13:08:06.968,0.7871,0.7874,1.40,7.40
2009.06.05 13:08:07.257,0.78715,0.78735,1.40,1.00
2009.06.05 13:08:07.547,0.7871,0.7872,11.20,1.00
2009.06.05 13:08:07.818,0.78705,0.7871,9.10,1.60
2009.06.05 13:08:08.387,0.7871,0.78715,8.60,5.70
2009.06.05 13:08:08.717,0.78675,0.78705,14.60,1.60
2009.06.05 13:08:09.057,0.7867,0.787,15.60,3.20
2009.06.05 13:08:09.588,0.7867,0.78705,11.60,2.80
2009.06.05 13:08:09.937,0.7867,0.787,11.60,3.60
2009.06.05 13:08:10.287,0.7867,0.787,2.80,3.60
2009.06.05 13:08:10.567,0.7867,0.78685,3.20,1.60
2009.06.05 13:08:11.027,0.7867,0.78685,2.00,1.00
2009.06.05 13:08:11.318,0.7867,0.78705,4.60,5.00
2009.06.05 13:08:11.666,0.7867,0.787,2.00,4.80
2009.06.05 13:08:11.947,0.78665,0.7869,5.20,1.00
2009.06.05 13:08:12.246,0.78665,0.7868,5.20,1.00
2009.06.05 13:08:12.936,0.78665,0.7869,5.60,10.40
2009.06.05 13:08:13.526,0.78665,0.787,10.80,2.40
2009.06.05 13:08:13.876,0.7868,0.7871,1.40,11.60
2009.06.05 13:08:14.496,0.78675,0.78705,10.00,1.00
2009.06.05 13:08:14.836,0.78675,0.78705,10.00,11.20
2009.06.05 13:08:15.405,0.78675,0.7871,10.00,1.60
2009.06.05 13:08:15.805,0.78675,0.7871,10.80,1.60
2009.06.05 13:08:16.025,0.7868,0.7871,4.80,1.60
2009.06.05 13:08:16.325,0.7868,0.78715,5.40,2.80
2009.06.05 13:08:16.615,0.7869,0.78715,4.80,2.80
2009.06.05 13:08:17.215,0.78695,0.7872,5.20,11.20
2009.06.05 13:08:17.515,0.78695,0.7872,10.00,11.20
2009.06.05 13:08:18.145,0.787,0.7872,5.40,11.20
2009.06.05 13:08:18.486,0.78705,0.7872,10.80,10.40
2009.06.05 13:08:18.825,0.78715,0.78745,1.00,2.80
2009.06.05 13:08:19.285,0.78705,0.7874,10.80,2.40
2009.06.05 13:08:19.984,0.78705,0.7874,10.00,3.20
2009.06.05 13:08:20.434,0.78705,0.78735,10.00,1.60
2009.06.05 13:08:20.794,0.78705,0.78735,10.00,1.00
2009.06.05 13:08:21.364,0.78705,0.7874,10.00,3.20
2009.06.05 13:08:21.594,0.78705,0.7874,4.80,4.40
2009.06.05 13:08:22.604,0.7871,0.7874,8.60,3.20
2009.06.05 13:08:23.184,0.787,0.7874,15.20,4.40
2009.06.05 13:08:23.574,0.78715,0.7874,1.40,13.20
2009.06.05 13:08:24.034,0.7871,0.7874,2.00,13.20
2009.06.05 13:08:24.613,0.78715,0.7874,1.40,3.60
2009.06.05 13:08:24.953,0.7871,0.78745,1.40,2.60
2009.06.05 13:08:25.313,0.7871,0.78745,1.40,4.20
2009.06.05 13:08:25.713,0.78715,0.78735,1.00,1.60
2009.06.05 13:08:26.253,0.78705,0.7874,12.40,1.60
2009.06.05 13:08:26.603,0.78705,0.7874,5.60,12.40
2009.06.05 13:08:27.013,0.7871,0.7874,2.80,12.40
2009.06.05 13:08:27.193,0.78715,0.78745,1.40,2.80
2009.06.05 13:08:28.003,0.7871,0.78745,10.80,2.80
2009.06.05 13:08:28.182,0.7871,0.78745,10.80,3.60
2009.06.05 13:08:28.652,0.78715,0.7874,1.40,3.60
2009.06.05 13:08:28.982,0.78715,0.7874,1.40,2.40
2009.06.05 13:08:29.273,0.7873,0.7875,1.00,2.40
2009.06.05 13:08:29.983,0.7874,0.7876,3.00,11.20
2009.06.05 13:08:30.342,0.7874,0.78765,3.00,4.20
2009.06.05 13:08:30.862,0.7873,0.7876,11.00,2.80
2009.06.05 13:08:30.972,0.7873,0.78755,3.60,1.60
2009.06.05 13:08:31.192,0.7873,0.78755,2.20,1.60
2009.06.05 13:08:31.472,0.7873,0.78745,2.20,1.00
2009.06.05 13:08:31.823,0.78725,0.78745,6.00,1.00
2009.06.05 13:08:32.121,0.78725,0.78745,4.60,1.00
2009.06.05 13:08:32.561,0.7872,0.78745,2.00,1.80
2009.06.05 13:08:33.011,0.7872,0.7874,1.40,3.20
2009.06.05 13:08:33.361,0.7872,0.7874,2.60,3.20
2009.06.05 13:08:33.831,0.78725,0.78745,1.40,12.40
2009.06.05 13:08:34.181,0.78725,0.78745,1.40,11.20
2009.06.05 13:08:34.771,0.78725,0.78755,1.40,4.20
2009.06.05 13:08:35.462,0.78725,0.78755,1.40,5.00
2009.06.05 13:08:36.240,0.78725,0.78745,1.40,1.00
2009.06.05 13:08:37.110,0.78725,0.78745,1.40,1.80
2009.06.05 13:08:37.282,0.7872,0.7874,1.00,1.00
2009.06.05 13:08:37.970,0.7872,0.7874,3.00,3.20
2009.06.05 13:08:38.270,0.7872,0.7874,2.20,3.20
2009.06.05 13:08:38.560,0.7871,0.7874,10.80,4.40
2009.06.05 13:08:38.900,0.7871,0.78735,2.80,1.00
2009.06.05 13:08:39.530,0.78705,0.7873,16.80,3.20
2009.06.05 13:08:39.880,0.78705,0.7873,10.00,3.20
2009.06.05 13:08:40.170,0.7871,0.78725,7.20,1.00
2009.06.05 13:08:40.510,0.7872,0.78735,4.60,1.00
2009.06.05 13:08:40.789,0.78715,0.7874,5.20,1.60
2009.06.05 13:08:41.129,0.78705,0.78725,5.20,2.40
2009.06.05 13:08:41.469,0.78715,0.78725,5.20,1.60
2009.06.05 13:08:42.029,0.78705,0.7872,5.20,1.60
2009.06.05 13:08:42.669,0.78695,0.78725,5.20,2.40
2009.06.05 13:08:43.009,0.78695,0.78705,5.20,1.00
2009.06.05 13:08:43.290,0.78685,0.7871,5.20,1.60
2009.06.05 13:08:43.649,0.7869,0.7871,1.00,3.20
2009.06.05 13:08:44.049,0.78685,0.78705,5.20,1.00
2009.06.05 13:08:44.389,0.7868,0.78705,4.40,1.00
2009.06.05 13:08:44.749,0.7869,0.7871,1.40,1.00
2009.06.05 13:08:45.328,0.7869,0.7871,3.00,1.00
2009.06.05 13:08:45.678,0.787,0.7871,3.00,1.00
2009.06.05 13:08:45.958,0.787,0.78715,4.40,1.00
2009.06.05 13:08:46.238,0.7871,0.78725,1.00,1.00
2009.06.05 13:08:46.528,0.7871,0.7873,1.40,12.40
2009.06.05 13:08:47.458,0.7871,0.7873,1.00,1.00
2009.06.05 13:08:48.158,0.78695,0.7872,11.00,2.40
2009.06.05 13:08:48.808,0.78695,0.7871,9.40,6.60
2009.06.05 13:08:49.397,0.78675,0.787,1.00,4.40
2009.06.05 13:08:49.728,0.7868,0.78695,1.00,1.00
2009.06.05 13:08:50.127,0.78675,0.787,1.00,1.80
2009.06.05 13:08:50.627,0.7868,0.787,1.40,1.00
2009.06.05 13:08:51.007,0.78685,0.78705,1.00,1.80
2009.06.05 13:08:51.597,0.7869,0.78705,1.00,1.80
2009.06.05 13:08:52.126,0.7869,0.78705,1.40,1.80
2009.06.05 13:08:52.467,0.7869,0.78705,1.40,1.00
2009.06.05 13:08:52.767,0.7869,0.78705,1.00,1.80
2009.06.05 13:08:53.056,0.7869,0.78705,1.00,1.80
2009.06.05 13:08:53.756,0.78685,0.78705,1.00,1.80
2009.06.05 13:08:54.086,0.78685,0.78705,1.00,1.00
2009.06.05 13:08:54.426,0.78685,0.7871,1.00,2.40
2009.06.05 13:08:54.776,0.7869,0.7871,2.20,2.40
2009.06.05 13:08:55.056,0.78695,0.7872,1.00,1.60
2009.06.05 13:08:55.476,0.78695,0.7872,1.00,3.60
2009.06.05 13:08:55.946,0.78695,0.7872,1.00,2.80
2009.06.05 13:08:56.296,0.7869,0.7872,1.40,3.20
2009.06.05 13:08:56.656,0.7869,0.78715,1.40,1.60
2009.06.05 13:08:56.996,0.7869,0.78715,1.00,1.60
2009.06.05 13:08:57.275,0.78685,0.78715,7.80,1.60
2009.06.05 13:08:57.625,0.78685,0.7871,7.80,1.60
2009.06.05 13:08:57.915,0.78685,0.7871,1.00,1.60
2009.06.05 13:08:58.256,0.78685,0.7871,2.20,2.40
2009.06.05 13:08:58.885,0.78675,0.7871,7.40,3.20
2009.06.05 13:08:59.175,0.78675,0.78705,6.00,1.60
2009.06.05 13:08:59.515,0.78685,0.787,1.40,2.40
2009.06.05 13:08:59.865,0.7868,0.787,2.40,2.40
2009.06.05 13:09:00.405,0.7868,0.7871,1.40,2.80
2009.06.05 13:09:00.755,0.78685,0.7871,1.00,1.60
2009.06.05 13:09:01.095,0.78685,0.7871,1.00,2.80
2009.06.05 13:09:01.394,0.7869,0.7871,1.00,3.60
2009.06.05 13:09:01.695,0.7869,0.7871,1.40,1.00
2009.06.05 13:09:02.134,0.7869,0.78715,1.40,1.60
2009.06.05 13:09:02.464,0.7869,0.78715,2.80,8.00
2009.06.05 13:09:02.764,0.78695,0.78725,1.00,2.80
2009.06.05 13:09:03.054,0.78725,0.7873,1.00,8.70
2009.06.05 13:09:03.405,0.7872,0.78725,1.00,11.20
2009.06.05 13:09:03.704,0.78715,0.78725,1.00,11.20
2009.06.05 13:09:03.994,0.78715,0.7873,1.00,1.60
2009.06.05 13:09:04.394,0.78725,0.78735,1.00,1.60
2009.06.05 13:09:04.744,0.7872,0.7874,1.00,9.20
2009.06.05 13:09:05.084,0.78725,0.7874,1.00,2.80
2009.06.05 13:09:05.713,0.78715,0.7874,1.60,2.80
2009.06.05 13:09:06.133,0.7874,0.7875,1.00,3.80
2009.06.05 13:09:07.573,0.7874,0.7875,1.00,2.80
2009.06.05 13:09:07.953,0.78745,0.7875,1.00,11.20
2009.06.05 13:09:08.123,0.78735,0.7875,1.60,11.20
2009.06.05 13:09:08.723,0.7874,0.78755,3.00,11.20
2009.06.05 13:09:08.953,0.7876,0.7877,1.00,3.60
2009.06.05 13:09:09.133,0.7876,0.78775,1.00,4.20
2009.06.05 13:09:09.712,0.7876,0.78775,1.00,2.80
2009.06.05 13:09:14.221,0.78745,0.7877,3.80,5.40
2009.06.05 13:09:14.741,0.7876,0.7877,1.00,15.60
2009.06.05 13:09:15.091,0.7876,0.7878,1.00,1.60
2009.06.05 13:09:15.331,0.7876,0.7878,1.40,1.60
2009.06.05 13:09:15.672,0.7876,0.7878,3.00,1.60
2009.06.05 13:09:16.021,0.7877,0.7878,1.00,1.60
2009.06.05 13:09:16.251,0.78765,0.78785,1.00,1.60
2009.06.05 13:09:16.551,0.7876,0.78785,1.00,3.20
2009.06.05 13:09:16.851,0.7876,0.7878,1.00,1.60
2009.06.05 13:09:17.520,0.7876,0.7878,2.60,2.40
2009.06.05 13:09:18.190,0.7876,0.7878,3.20,2.40
2009.06.05 13:09:18.491,0.78755,0.7878,1.00,2.40
2009.06.05 13:09:20.700,0.7875,0.7878,11.00,9.20
2009.06.05 13:09:21.050,0.7875,0.7878,11.00,9.80
2009.06.05 13:09:21.280,0.7875,0.7877,1.00,2.40
2009.06.05 13:09:22.819,0.78735,0.78765,8.00,2.40
2009.06.05 13:09:23.230,0.7874,0.78765,10.20,5.60
2009.06.05 13:09:24.329,0.78745,0.78765,1.00,5.60
2009.06.05 13:09:24.689,0.78745,0.7876,1.00,5.00
2009.06.05 13:09:25.029,0.78735,0.78755,8.60,1.40
2009.06.05 13:09:25.488,0.78725,0.7875,5.20,2.40
2009.06.05 13:09:25.769,0.7872,0.7874,11.00,4.00
2009.06.05 13:09:26.059,0.78715,0.78735,5.20,1.60
2009.06.05 13:09:26.298,0.78715,0.7873,5.20,1.40
2009.06.05 13:09:26.598,0.7872,0.7873,9.40,1.80
2009.06.05 13:09:26.878,0.78715,0.7873,8.60,2.40
2009.06.05 13:09:27.179,0.78715,0.7873,8.60,4.80
2009.06.05 13:09:27.708,0.78715,0.7873,7.00,7.60
2009.06.05 13:09:28.038,0.787,0.7872,3.20,1.60
2009.06.05 13:09:28.668,0.787,0.7872,1.40,2.80
2009.06.05 13:09:28.728,0.78695,0.7873,6.00,6.80
2009.06.05 13:09:29.028,0.78715,0.7873,1.00,5.80
2009.06.05 13:09:29.568,0.78695,0.78725,6.60,1.60
2009.06.05 13:09:29.928,0.78695,0.7872,5.20,1.00
2009.06.05 13:09:30.487,0.78695,0.7872,1.40,1.00
2009.06.05 13:09:30.847,0.787,0.78725,1.40,11.60
2009.06.05 13:09:31.087,0.787,0.78725,1.40,9.00
2009.06.05 13:09:31.607,0.78695,0.7873,5.20,13.20
2009.06.05 13:09:32.127,0.787,0.7873,3.00,13.20
2009.06.05 13:09:32.737,0.787,0.7873,3.00,5.80
2009.06.05 13:09:33.027,0.787,0.7872,1.00,1.60
2009.06.05 13:09:33.377,0.78695,0.7872,5.20,1.60
2009.06.05 13:09:33.717,0.787,0.7872,1.40,1.60
2009.06.05 13:09:34.287,0.78685,0.78715,6.00,1.60
2009.06.05 13:09:34.627,0.7869,0.7871,7.00,3.20
2009.06.05 13:09:34.976,0.78695,0.7871,1.00,1.60
2009.06.05 13:09:36.906,0.78685,0.7871,1.00,3.60
2009.06.05 13:09:37.316,0.787,0.7871,4.00,2.40
2009.06.05 13:09:37.726,0.78695,0.78715,5.20,1.60
2009.06.05 13:09:38.305,0.787,0.7872,1.40,1.60
2009.06.05 13:09:38.976,0.78695,0.7873,5.60,4.40
2009.06.05 13:09:39.436,0.78695,0.7873,10.80,3.20
2009.06.05 13:09:39.785,0.78705,0.7873,1.40,3.20
2009.06.05 13:09:40.135,0.787,0.7873,3.00,1.60
2009.06.05 13:09:40.415,0.787,0.7873,3.00,2.80
2009.06.05 13:09:40.695,0.78705,0.7873,1.40,4.40
2009.06.05 13:09:41.045,0.78705,0.7873,1.40,3.20
2009.06.05 13:09:41.385,0.787,0.7873,6.20,3.20
2009.06.05 13:09:41.675,0.78715,0.78735,1.00,2.80
2009.06.05 13:09:41.965,0.78715,0.7873,1.00,2.40
2009.06.05 13:09:42.265,0.7872,0.7874,1.00,6.80
2009.06.05 13:09:42.555,0.78715,0.7873,1.00,2.40
2009.06.05 13:09:42.844,0.7872,0.7874,1.00,6.80
2009.06.05 13:09:43.185,0.7872,0.7874,1.00,4.20
2009.06.05 13:09:43.474,0.7872,0.7874,1.00,3.60
2009.06.05 13:09:43.764,0.78725,0.7874,1.00,3.60
2009.06.05 13:09:44.214,0.78725,0.78735,1.00,1.60
2009.06.05 13:09:45.324,0.7872,0.7874,1.00,1.60
2009.06.05 13:09:45.654,0.78735,0.7874,1.00,4.40
2009.06.05 13:09:45.954,0.78725,0.78745,1.00,2.40
2009.06.05 13:09:46.284,0.78725,0.7874,1.00,1.60
2009.06.05 13:09:46.904,0.78725,0.78745,1.00,4.20
2009.06.05 13:09:47.194,0.78725,0.78745,1.00,5.00
2009.06.05 13:09:47.543,0.7871,0.78735,5.60,1.60
2009.06.05 13:09:48.173,0.7871,0.7874,4.80,11.20
2009.06.05 13:09:48.793,0.78695,0.78725,8.60,1.00
2009.06.05 13:09:49.143,0.78695,0.7873,6.00,8.00
2009.06.05 13:09:49.713,0.787,0.7873,3.00,8.80
2009.06.05 13:09:50.123,0.78695,0.7872,5.20,3.20
2009.06.05 13:09:51.042,0.78695,0.7872,5.20,2.40
2009.06.05 13:09:51.382,0.78695,0.7872,1.00,2.40
2009.06.05 13:09:51.662,0.78695,0.78715,1.00,1.60
2009.06.05 13:09:52.662,0.78685,0.7869,5.20,6.40
2009.06.05 13:09:53.662,0.7869,0.78695,1.00,6.70
2009.06.05 13:09:54.022,0.78685,0.7871,1.00,2.40
2009.06.05 13:09:54.591,0.787,0.7871,1.00,2.40
2009.06.05 13:09:54.932,0.78695,0.78715,1.00,2.60
2009.06.05 13:09:55.561,0.78695,0.7871,1.00,3.60
2009.06.05 13:09:56.771,0.7869,0.7871,1.00,3.60
2009.06.05 13:09:57.791,0.7869,0.78715,1.00,4.20
2009.06.05 13:09:58.431,0.78695,0.78715,1.00,2.80
2009.06.05 13:09:59.300,0.7869,0.78705,1.00,1.60
2009.06.05 13:09:59.770,0.7868,0.7871,14.20,4.40
2009.06.05 13:10:02.140,0.787,0.78705,1.00,4.20
2009.06.05 13:10:03.050,0.787,0.78705,1.00,7.20
2009.06.05 13:10:03.460,0.7868,0.78705,1.60,4.20
2009.06.05 13:10:04.070,0.78685,0.78705,1.60,3.20
2009.06.05 13:10:04.939,0.78685,0.78705,1.60,4.20
2009.06.05 13:10:05.399,0.7869,0.78695,1.00,2.10
2009.06.05 13:10:05.909,0.7867,0.78685,2.40,1.60
2009.06.05 13:10:06.239,0.78665,0.78695,3.80,2.80
2009.06.05 13:10:06.559,0.78695,0.787,1.00,4.50
2009.06.05 13:10:06.839,0.7869,0.787,1.00,1.60
2009.06.05 13:10:07.939,0.78695,0.787,1.00,1.60
2009.06.05 13:10:08.398,0.78695,0.787,1.00,2.40
2009.06.05 13:10:08.688,0.7869,0.787,1.00,2.40
2009.06.05 13:10:08.978,0.7868,0.787,1.00,1.60
2009.06.05 13:10:09.379,0.78685,0.787,1.00,2.40
2009.06.05 13:10:09.918,0.78685,0.7871,1.00,6.80
2009.06.05 13:10:10.268,0.78675,0.787,2.20,2.40
2009.06.05 13:10:10.678,0.78675,0.787,1.00,2.40
2009.06.05 13:10:11.848,0.78675,0.787,2.20,2.40
2009.06.05 13:10:13.067,0.78675,0.787,1.00,1.60
2009.06.05 13:10:14.057,0.78675,0.787,1.00,3.20
2009.06.05 13:10:14.467,0.7867,0.787,1.40,4.20
2009.06.05 13:10:15.057,0.78675,0.787,1.00,1.60
2009.06.05 13:10:16.046,0.7868,0.787,1.00,1.60
2009.06.05 13:10:16.286,0.78665,0.7869,12.40,1.60
2009.06.05 13:10:16.866,0.7867,0.7869,9.40,1.60
2009.06.05 13:10:17.036,0.7867,0.7869,8.60,1.60
2009.06.05 13:10:17.946,0.7867,0.7869,1.00,1.60
2009.06.05 13:10:18.626,0.78665,0.7869,1.00,1.60
2009.06.05 13:10:25.144,0.78665,0.7869,1.00,2.80
2009.06.05 13:10:25.484,0.78665,0.7869,1.00,1.60
2009.06.05 13:10:26.414,0.78665,0.78685,1.00,2.40
2009.06.05 13:10:26.704,0.78665,0.7869,1.00,1.60
2009.06.05 13:10:26.994,0.78655,0.78685,10.20,4.20
2009.06.05 13:10:27.294,0.78655,0.78685,5.20,3.20
2009.06.05 13:10:27.574,0.78665,0.78685,1.00,3.20
2009.06.05 13:10:27.874,0.78645,0.7868,14.80,1.60
2009.06.05 13:10:28.164,0.78655,0.78685,1.00,2.80
2009.06.05 13:10:28.633,0.78655,0.7868,1.00,2.40
2009.06.05 13:10:29.393,0.78655,0.7868,2.20,2.40
2009.06.05 13:10:31.013,0.78665,0.7868,1.00,2.40
2009.06.05 13:10:31.353,0.78665,0.7869,2.20,15.60
2009.06.05 13:10:31.653,0.78665,0.78695,2.20,2.80
2009.06.05 13:10:32.482,0.7866,0.7869,5.60,1.60
2009.06.05 13:10:32.773,0.7866,0.7869,6.20,1.60
2009.06.05 13:10:33.112,0.7867,0.7869,1.40,1.60
2009.06.05 13:10:33.992,0.7867,0.78695,1.40,1.60
2009.06.05 13:10:34.322,0.7867,0.78685,1.00,1.60
2009.06.05 13:10:34.802,0.78655,0.78685,5.20,1.60
2009.06.05 13:10:35.202,0.7866,0.7869,1.40,1.60
2009.06.05 13:10:36.162,0.78655,0.7868,10.00,1.60
2009.06.05 13:10:36.502,0.78655,0.78665,8.80,1.60
2009.06.05 13:10:36.782,0.78645,0.78665,5.20,1.60
2009.06.05 13:10:37.071,0.78645,0.78675,6.00,1.60
2009.06.05 13:10:37.352,0.78645,0.7867,1.00,1.60
2009.06.05 13:10:37.931,0.7865,0.78675,1.00,1.60
2009.06.05 13:10:38.401,0.78645,0.7868,5.20,4.00
2009.06.05 13:10:38.701,0.78645,0.7867,9.40,1.60
2009.06.05 13:10:38.971,0.7864,0.7867,5.60,1.60
2009.06.05 13:10:39.391,0.7865,0.7867,9.40,1.60
2009.06.05 13:10:40.411,0.7865,0.78675,1.40,1.60
2009.06.05 13:10:41.040,0.7864,0.7867,6.20,1.60
2009.06.05 13:10:41.260,0.7865,0.7868,1.00,3.60
2009.06.05 13:10:41.620,0.7865,0.7868,1.00,2.40
2009.06.05 13:10:41.790,0.7865,0.7868,1.00,1.60
2009.06.05 13:10:42.190,0.78645,0.78675,5.20,1.60
2009.06.05 13:10:42.910,0.7865,0.7868,1.00,1.60
2009.06.05 13:10:44.190,0.7865,0.7868,1.40,1.60
2009.06.05 13:10:44.430,0.78655,0.7868,1.40,2.40
2009.06.05 13:10:44.960,0.78645,0.78675,5.20,1.60
2009.06.05 13:10:45.300,0.78645,0.7867,5.20,1.60
2009.06.05 13:10:45.939,0.78645,0.7867,9.40,1.60
2009.06.05 13:10:46.219,0.78645,0.78675,9.40,1.60
2009.06.05 13:10:46.999,0.7864,0.7867,5.40,1.60
2009.06.05 13:10:47.289,0.7865,0.7867,1.40,1.60
2009.06.05 13:10:47.709,0.7865,0.7868,4.60,14.80
2009.06.05 13:10:47.939,0.78655,0.7868,1.40,11.20
2009.06.05 13:10:48.359,0.78655,0.7869,2.20,14.80
2009.06.05 13:10:48.479,0.7866,0.7869,1.00,3.20
2009.06.05 13:10:49.888,0.78655,0.7869,6.60,4.00
2009.06.05 13:10:50.458,0.7866,0.7869,8.60,4.00
2009.06.05 13:10:50.858,0.7866,0.7869,1.00,4.00
2009.06.05 13:10:51.268,0.78665,0.7869,1.40,5.60
2009.06.05 13:10:51.608,0.7867,0.7869,12.00,2.40
2009.06.05 13:10:51.958,0.78665,0.7869,5.20,1.60
2009.06.05 13:10:52.248,0.7867,0.78685,1.00,1.00
2009.06.05 13:10:52.489,0.78655,0.78685,6.60,1.60
2009.06.05 13:10:52.788,0.7866,0.78685,8.60,1.60
2009.06.05 13:10:53.008,0.7866,0.7869,9.40,5.20
2009.06.05 13:10:53.338,0.7866,0.78685,9.40,1.00
2009.06.05 13:10:53.577,0.78655,0.7869,10.80,10.40
2009.06.05 13:10:53.918,0.78655,0.7869,10.80,2.40
2009.06.05 13:10:54.377,0.7866,0.7869,1.40,2.40
2009.06.05 13:10:54.717,0.78655,0.78685,5.20,1.00
2009.06.05 13:10:55.007,0.78655,0.78685,5.20,1.60
2009.06.05 13:10:55.367,0.78655,0.78685,4.80,1.60
2009.06.05 13:10:55.687,0.78655,0.78685,10.00,1.00
2009.06.05 13:10:56.087,0.78655,0.7868,5.20,1.00
2009.06.05 13:10:56.377,0.78645,0.7868,22.00,3.20
2009.06.05 13:10:56.667,0.78645,0.7868,21.40,3.20
2009.06.05 13:10:56.957,0.7866,0.78685,1.00,5.60
2009.06.05 13:10:57.197,0.78655,0.7868,5.20,1.00
2009.06.05 13:10:57.497,0.78645,0.7868,13.40,1.00
2009.06.05 13:10:58.246,0.78655,0.7868,5.20,3.20
2009.06.05 13:10:58.646,0.78655,0.7868,8.80,3.20
2009.06.05 13:10:59.066,0.78655,0.7868,8.00,3.20
2009.06.05 13:10:59.116,0.7865,0.7868,16.80,3.20
2009.06.05 13:11:00.116,0.78655,0.78675,1.00,4.00
2009.06.05 13:11:00.416,0.7865,0.7868,7.00,2.40
2009.06.05 13:11:00.706,0.78655,0.7869,5.20,6.60
2009.06.05 13:11:00.996,0.7865,0.78685,4.80,1.00
2009.06.05 13:11:01.325,0.78655,0.7869,10.00,6.40
2009.06.05 13:11:01.656,0.78665,0.7869,1.40,11.20
2009.06.05 13:11:02.175,0.78665,0.78695,1.00,2.40
2009.06.05 13:11:02.516,0.78665,0.78685,10.00,1.60
2009.06.05 13:11:02.795,0.78665,0.7869,4.80,1.00
2009.06.05 13:11:03.036,0.7867,0.78695,5.40,1.60
2009.06.05 13:11:03.325,0.78675,0.78695,4.80,1.60
2009.06.05 13:11:03.615,0.78675,0.78705,10.00,1.60
2009.06.05 13:11:05.005,0.78675,0.78705,10.00,2.40
2009.06.05 13:11:05.535,0.7868,0.78705,8.60,2.40
2009.06.05 13:11:05.885,0.78665,0.787,20.20,1.60
2009.06.05 13:11:06.125,0.7867,0.7869,1.00,4.40
2009.06.05 13:11:06.684,0.78665,0.7869,9.40,1.60
2009.06.05 13:11:06.984,0.78665,0.7869,2.80,6.00
2009.06.05 13:11:07.254,0.78665,0.7869,1.40,3.20
2009.06.05 13:11:07.594,0.78665,0.7869,2.20,4.80
2009.06.05 13:11:08.334,0.78665,0.7869,1.40,4.00
2009.06.05 13:11:08.724,0.7866,0.7869,1.40,5.00
2009.06.05 13:11:09.144,0.78655,0.7869,5.20,5.80
2009.06.05 13:11:11.203,0.78665,0.7869,1.40,4.80
2009.06.05 13:11:11.503,0.78665,0.7868,1.40,2.40
2009.06.05 13:11:11.793,0.78665,0.7868,2.20,2.40
2009.06.05 13:11:12.343,0.78665,0.7869,1.40,4.80
2009.06.05 13:11:12.683,0.7866,0.78695,11.60,5.60
2009.06.05 13:11:13.163,0.78655,0.7868,15.40,1.60
2009.06.05 13:11:13.503,0.7866,0.78675,9.40,1.60
2009.06.05 13:11:13.733,0.7866,0.78675,9.40,3.20
2009.06.05 13:11:14.032,0.7866,0.78675,9.40,4.00
2009.06.05 13:11:14.423,0.78635,0.78665,10.80,1.60
2009.06.05 13:11:14.822,0.7864,0.78665,1.40,1.60
2009.06.05 13:11:15.352,0.78635,0.78665,5.20,1.60
2009.06.05 13:11:16.232,0.78635,0.78665,12.40,1.60
2009.06.05 13:11:16.552,0.7864,0.78675,2.00,9.80
2009.06.05 13:11:17.172,0.7864,0.7867,1.00,2.80
2009.06.05 13:11:17.522,0.78635,0.7867,9.20,1.60
2009.06.05 13:11:17.812,0.78635,0.78665,7.40,1.60
2009.06.05 13:11:18.353,0.7864,0.7867,2.80,2.80
2009.06.05 13:11:18.931,0.7864,0.7866,11.20,1.60
2009.06.05 13:11:19.441,0.78635,0.78665,6.60,1.60
2009.06.05 13:11:19.781,0.78635,0.78665,5.20,1.60
2009.06.05 13:11:20.131,0.7864,0.78665,1.00,1.60
2009.06.05 13:11:21.131,0.78625,0.7866,13.20,1.60
2009.06.05 13:11:21.491,0.7863,0.78665,10.80,3.60
2009.06.05 13:11:21.791,0.7863,0.78655,9.40,3.60
2009.06.05 13:11:22.071,0.78625,0.78655,4.80,2.80
2009.06.05 13:11:22.431,0.78625,0.78655,10.00,3.00
2009.06.05 13:11:22.710,0.78625,0.78655,4.80,3.00
2009.06.05 13:11:23.001,0.7863,0.7865,1.00,1.60
2009.06.05 13:11:23.280,0.78625,0.7865,5.20,1.60
2009.06.05 13:11:23.560,0.78625,0.7865,5.20,1.00
2009.06.05 13:11:23.860,0.78625,0.7865,5.20,1.60
2009.06.05 13:11:24.510,0.78625,0.7865,4.60,1.60
2009.06.05 13:11:25.010,0.78625,0.7864,4.60,1.60
2009.06.05 13:11:25.400,0.7862,0.78645,11.60,1.60
2009.06.05 13:11:25.750,0.7862,0.78645,10.80,1.60
2009.06.05 13:11:26.040,0.7862,0.78645,4.60,1.60
2009.06.05 13:11:26.340,0.78615,0.78635,9.60,1.60
2009.06.05 13:11:26.579,0.7861,0.7864,10.80,5.00
2009.06.05 13:11:26.869,0.7861,0.7864,10.00,4.40
2009.06.05 13:11:27.459,0.7861,0.7864,2.00,3.20
2009.06.05 13:11:28.029,0.78605,0.78635,5.20,1.60
2009.06.05 13:11:28.370,0.78605,0.78635,7.40,1.60
2009.06.05 13:11:28.879,0.78605,0.78635,11.00,5.80
2009.06.05 13:11:29.279,0.7861,0.7863,8.60,1.60
2009.06.05 13:11:29.559,0.78595,0.78625,10.00,1.60
2009.06.05 13:11:29.959,0.78605,0.7863,1.00,1.60
2009.06.05 13:11:30.479,0.78595,0.7863,11.60,1.60
2009.06.05 13:11:30.819,0.786,0.78625,9.40,1.60
2009.06.05 13:11:31.508,0.78595,0.7862,5.20,1.60
2009.06.05 13:11:32.089,0.78605,0.7862,1.00,1.60
2009.06.05 13:11:32.379,0.78605,0.78635,4.60,4.20
2009.06.05 13:11:32.668,0.78605,0.78635,12.20,1.60
2009.06.05 13:11:33.288,0.78605,0.7863,10.20,2.80
2009.06.05 13:11:33.638,0.78605,0.7863,8.60,2.80
2009.06.05 13:11:34.098,0.78595,0.78625,10.00,1.60
2009.06.05 13:11:34.388,0.78595,0.7862,10.00,1.60
2009.06.05 13:11:34.667,0.78605,0.7863,3.00,1.60
2009.06.05 13:11:35.127,0.7861,0.78635,1.00,1.60
2009.06.05 13:11:35.767,0.7861,0.7864,3.20,2.80
2009.06.05 13:11:36.007,0.7861,0.78635,1.00,1.60
2009.06.05 13:11:36.227,0.7861,0.7864,3.20,2.80
2009.06.05 13:11:38.247,0.7861,0.7864,3.20,4.20
2009.06.05 13:11:38.647,0.78605,0.78635,5.20,1.60
2009.06.05 13:11:38.937,0.786,0.78635,11.60,1.60
2009.06.05 13:11:39.177,0.78605,0.78635,8.60,1.60
2009.06.05 13:11:39.456,0.78605,0.78635,15.20,1.60
2009.06.05 13:11:40.136,0.7861,0.7864,3.20,11.60
2009.06.05 13:11:40.536,0.7861,0.7864,3.20,4.20
2009.06.05 13:11:41.816,0.7861,0.78635,1.00,2.80
2009.06.05 13:11:42.216,0.7861,0.78635,3.20,1.80
2009.06.05 13:11:42.446,0.7861,0.78635,3.20,1.00
2009.06.05 13:11:43.037,0.7861,0.78635,1.00,1.60
2009.06.05 13:11:43.396,0.7861,0.78635,3.20,1.60
2009.06.05 13:11:43.565,0.7861,0.78635,1.00,1.60
2009.06.05 13:11:44.065,0.7861,0.7864,4.60,8.40
2009.06.05 13:11:46.335,0.7861,0.78645,4.60,6.60
2009.06.05 13:11:46.435,0.7861,0.78645,4.60,5.00
2009.06.05 13:11:46.655,0.7861,0.7864,3.20,1.60
2009.06.05 13:11:47.175,0.78605,0.7864,14.20,1.60
2009.06.05 13:11:47.504,0.78615,0.78645,4.80,1.60
2009.06.05 13:11:47.784,0.78615,0.78645,10.00,1.60
2009.06.05 13:11:48.014,0.78615,0.7864,10.00,1.60
2009.06.05 13:11:48.514,0.78615,0.7864,4.80,1.60
2009.06.05 13:11:48.744,0.7861,0.7864,5.40,1.60
2009.06.05 13:11:49.034,0.78615,0.78645,11.60,1.60
2009.06.05 13:11:49.314,0.78615,0.78645,12.60,1.60
2009.06.05 13:11:49.714,0.78615,0.78645,11.60,1.60
2009.06.05 13:11:50.224,0.78615,0.7864,5.20,1.60
2009.06.05 13:11:51.553,0.7862,0.78645,4.60,1.00
2009.06.05 13:11:51.834,0.78625,0.7865,8.40,4.40
2009.06.05 13:11:52.114,0.78625,0.7865,11.00,4.40
2009.06.05 13:11:52.404,0.78645,0.7865,1.40,2.40
2009.06.05 13:11:52.983,0.7865,0.78655,4.00,1.00
2009.06.05 13:11:53.513,0.7865,0.78675,3.40,11.60
2009.06.05 13:11:53.853,0.7865,0.7868,4.80,1.60
2009.06.05 13:11:54.373,0.7866,0.78685,1.00,1.80
2009.06.05 13:11:54.883,0.7866,0.78685,2.00,1.00
2009.06.05 13:11:55.223,0.78665,0.78685,1.40,1.00
2009.06.05 13:11:55.463,0.78665,0.7869,1.40,4.80
2009.06.05 13:11:55.743,0.7866,0.7869,13.60,3.20
2009.06.05 13:11:56.023,0.7866,0.7869,10.80,3.20
2009.06.05 13:11:56.312,0.78655,0.7868,5.20,1.60
2009.06.05 13:11:56.612,0.78655,0.78675,5.20,1.00
2009.06.05 13:11:56.942,0.78645,0.78675,6.60,1.00
2009.06.05 13:11:57.352,0.78655,0.78675,5.20,1.00
2009.06.05 13:11:57.532,0.78645,0.78675,20.20,1.00
2009.06.05 13:11:57.772,0.78655,0.78675,1.40,1.00
2009.06.05 13:11:58.452,0.78655,0.7868,1.40,1.00
2009.06.05 13:11:58.672,0.78655,0.7868,6.60,1.00
2009.06.05 13:11:59.402,0.78655,0.7868,15.20,1.00
2009.06.05 13:11:59.631,0.78655,0.78675,15.20,1.00
2009.06.05 13:11:59.972,0.78655,0.7867,8.60,1.00
2009.06.05 13:12:00.451,0.78655,0.78665,8.60,1.60
2009.06.05 13:12:00.631,0.78655,0.7866,8.60,1.60
2009.06.05 13:12:01.151,0.78635,0.7866,5.20,1.60
2009.06.05 13:12:01.501,0.78635,0.78665,5.20,1.60
2009.06.05 13:12:01.793,0.78635,0.78665,5.20,2.40
2009.06.05 13:12:02.431,0.78635,0.7866,5.20,1.00
2009.06.05 13:12:02.481,0.78635,0.7866,8.60,3.20
2009.06.05 13:12:02.991,0.78635,0.7865,1.00,1.00
2009.06.05 13:12:03.341,0.78625,0.78645,14.00,1.00
2009.06.05 13:12:03.921,0.7863,0.78645,4.60,1.00
2009.06.05 13:12:04.211,0.7863,0.78645,1.00,1.60
2009.06.05 13:12:04.721,0.7862,0.7864,9.40,3.20
2009.06.05 13:12:05.070,0.78615,0.7864,5.20,3.20
2009.06.05 13:12:05.580,0.78615,0.78635,8.60,1.60
2009.06.05 13:12:05.990,0.7862,0.7864,1.40,2.40
2009.06.05 13:12:07.600,0.78615,0.78625,5.20,1.00
2009.06.05 13:12:07.880,0.78615,0.78625,8.60,1.00
2009.06.05 13:12:08.509,0.78605,0.78625,1.40,1.00
2009.06.05 13:12:09.609,0.78605,0.7863,1.40,3.20
2009.06.05 13:12:09.839,0.78595,0.7863,10.80,2.40
2009.06.05 13:12:10.749,0.78605,0.7863,2.20,2.40
2009.06.05 13:12:10.929,0.786,0.7863,16.60,3.80
2009.06.05 13:12:11.219,0.78605,0.7863,7.40,2.40
2009.06.05 13:12:11.459,0.7861,0.7863,1.00,1.20
2009.06.05 13:12:13.699,0.7861,0.7863,1.00,1.00
2009.06.05 13:12:14.098,0.78605,0.7863,1.40,3.20
2009.06.05 13:12:14.378,0.7861,0.7863,1.00,1.00
2009.06.05 13:12:14.728,0.7861,0.78635,2.00,1.00
2009.06.05 13:12:15.078,0.78605,0.7864,10.00,3.20
2009.06.05 13:12:15.728,0.7861,0.7864,10.00,3.20
2009.06.05 13:12:15.957,0.7861,0.78635,2.00,1.00
2009.06.05 13:12:16.597,0.7861,0.7863,1.00,1.00
2009.06.05 13:12:17.037,0.78605,0.78625,5.20,1.60
2009.06.05 13:12:17.487,0.78605,0.78625,1.40,1.00
2009.06.05 13:12:17.967,0.786,0.78625,10.80,1.00
2009.06.05 13:12:18.257,0.786,0.78625,8.60,1.00
2009.06.05 13:12:18.487,0.786,0.7863,1.00,4.40
2009.06.05 13:12:18.897,0.78595,0.7863,5.20,4.40
2009.06.05 13:12:19.187,0.786,0.7863,1.00,2.80
2009.06.05 13:12:19.427,0.78595,0.7863,5.20,4.40
2009.06.05 13:12:19.887,0.786,0.7863,1.00,2.80
2009.06.05 13:12:20.216,0.786,0.78625,1.00,1.00
2009.06.05 13:12:20.606,0.78595,0.7862,10.80,2.40
2009.06.05 13:12:21.076,0.786,0.7863,1.00,2.80
2009.06.05 13:12:21.436,0.786,0.78625,1.00,1.00
2009.06.05 13:12:21.956,0.786,0.78625,1.00,1.80
2009.06.05 13:12:22.306,0.78605,0.7863,1.40,12.40
2009.06.05 13:12:22.716,0.78605,0.7863,1.40,13.20
2009.06.05 13:12:22.936,0.78605,0.7863,1.40,12.40
2009.06.05 13:12:23.276,0.78605,0.7863,1.40,2.40
2009.06.05 13:12:23.496,0.78605,0.7863,2.20,2.40
2009.06.05 13:12:23.906,0.78605,0.7864,2.20,6.80
2009.06.05 13:12:24.476,0.7861,0.78635,2.80,1.00
2009.06.05 13:12:24.836,0.7861,0.7864,2.80,2.60
2009.06.05 13:12:25.465,0.78615,0.7864,1.00,3.60
2009.06.05 13:12:25.875,0.78625,0.78645,1.40,11.20
2009.06.05 13:12:26.325,0.7862,0.7865,1.00,5.80
2009.06.05 13:12:26.545,0.7862,0.7865,1.40,5.80
2009.06.05 13:12:26.885,0.7862,0.78645,1.40,1.60
2009.06.05 13:12:27.115,0.7862,0.78645,1.00,2.80
2009.06.05 13:12:27.745,0.7862,0.78645,1.00,1.60
2009.06.05 13:12:27.975,0.7862,0.78645,1.00,3.20
2009.06.05 13:12:28.265,0.7862,0.7864,1.00,1.60
2009.06.05 13:12:28.665,0.7861,0.78645,14.80,4.20
2009.06.05 13:12:29.015,0.7861,0.78645,6.80,4.20
2009.06.05 13:12:29.594,0.7861,0.78635,3.60,1.00
2009.06.05 13:12:29.764,0.7861,0.7864,4.40,3.60
2009.06.05 13:12:30.334,0.7861,0.7864,1.40,2.40
2009.06.05 13:12:31.844,0.78615,0.7864,1.00,2.40
2009.06.05 13:12:32.404,0.7861,0.7864,1.40,3.60
2009.06.05 13:12:32.704,0.78615,0.7864,1.00,2.40
2009.06.05 13:12:32.943,0.78615,0.7864,1.00,1.60
2009.06.05 13:12:33.334,0.7861,0.7864,5.40,1.60
2009.06.05 13:12:33.793,0.7861,0.7864,6.20,10.40
2009.06.05 13:12:34.243,0.7862,0.7864,1.00,1.80
2009.06.05 13:12:34.503,0.78605,0.78635,10.00,10.40
2009.06.05 13:12:34.733,0.78605,0.78635,10.00,2.40
2009.06.05 13:12:35.143,0.78605,0.7864,5.20,3.20
2009.06.05 13:12:35.543,0.786,0.7864,6.20,9.20
2009.06.05 13:12:35.903,0.7861,0.78635,1.00,1.80
2009.06.05 13:12:36.133,0.7861,0.7864,8.60,2.80
2009.06.05 13:12:36.303,0.786,0.78635,15.60,1.60
2009.06.05 13:12:36.533,0.7861,0.78635,1.00,1.00
2009.06.05 13:12:37.032,0.7861,0.7863,1.00,1.20
2009.06.05 13:12:37.672,0.78605,0.7863,1.40,3.20
2009.06.05 13:12:38.082,0.786,0.7862,8.60,1.20
2009.06.05 13:12:39.052,0.78605,0.78625,1.00,1.00
2009.06.05 13:12:39.512,0.7861,0.7863,1.40,11.20
2009.06.05 13:12:39.952,0.78605,0.7863,5.20,11.20
2009.06.05 13:12:40.422,0.786,0.7863,2.80,2.40
2009.06.05 13:12:40.822,0.786,0.7863,2.00,3.20
2009.06.05 13:12:41.292,0.786,0.7863,9.60,11.60
2009.06.05 13:12:41.531,0.78605,0.7863,5.20,1.00
2009.06.05 13:12:42.111,0.78605,0.78625,8.60,1.00
2009.06.05 13:12:42.461,0.78605,0.78625,1.00,1.00
2009.06.05 13:12:42.811,0.786,0.78625,1.40,1.00
2009.06.05 13:12:43.041,0.78595,0.7863,7.40,14.00
2009.06.05 13:12:43.381,0.78605,0.78625,1.00,1.00
2009.06.05 13:12:43.731,0.78605,0.78625,2.20,1.00
2009.06.05 13:12:44.021,0.78605,0.7863,2.20,3.20
2009.06.05 13:12:44.871,0.78605,0.7863,1.40,3.80
2009.06.05 13:12:45.391,0.78595,0.7862,9.00,2.40
2009.06.05 13:12:45.731,0.786,0.78605,8.60,1.00
2009.06.05 13:12:46.310,0.78595,0.7861,8.00,2.60
2009.06.05 13:12:46.541,0.78575,0.786,1.40,3.20
2009.06.05 13:12:46.870,0.78575,0.786,1.40,4.40
2009.06.05 13:12:47.110,0.78565,0.786,14.20,4.40
2009.06.05 13:12:47.400,0.7857,0.786,11.20,4.40
2009.06.05 13:12:47.630,0.7857,0.78595,10.80,1.00
2009.06.05 13:12:48.080,0.7857,0.786,2.80,3.60
2009.06.05 13:12:48.410,0.7857,0.786,1.40,3.60
2009.06.05 13:12:48.870,0.7857,0.786,1.40,2.40
2009.06.05 13:12:49.170,0.78565,0.786,12.40,2.40
2009.06.05 13:12:49.450,0.78565,0.78605,12.40,4.20
2009.06.05 13:12:49.729,0.78565,0.786,12.40,1.60
2009.06.05 13:12:50.489,0.78565,0.786,13.20,1.60
2009.06.05 13:12:50.839,0.78565,0.78595,10.20,1.60
2009.06.05 13:12:51.179,0.78565,0.78595,7.40,1.60
2009.06.05 13:12:51.479,0.78565,0.7859,7.40,1.60
2009.06.05 13:12:51.759,0.7857,0.78585,9.40,1.60
2009.06.05 13:12:51.999,0.7857,0.78585,8.60,1.60
2009.06.05 13:12:52.449,0.78565,0.78585,1.40,1.60
2009.06.05 13:12:52.739,0.78555,0.78585,9.20,1.60
2009.06.05 13:12:53.009,0.7856,0.78585,11.20,3.20
2009.06.05 13:12:53.589,0.7856,0.7858,8.60,3.80
2009.06.05 13:12:54.109,0.78555,0.7858,1.00,3.80
2009.06.05 13:12:54.878,0.7856,0.7858,1.00,1.60
2009.06.05 13:12:55.398,0.78555,0.7858,5.20,1.60
2009.06.05 13:12:55.858,0.7856,0.78595,2.80,5.00
2009.06.05 13:12:55.978,0.78565,0.7859,2.20,11.20
2009.06.05 13:12:56.558,0.78565,0.78595,2.20,3.60
2009.06.05 13:12:56.828,0.78565,0.7859,5.20,2.40
2009.06.05 13:12:57.128,0.78565,0.78595,5.20,3.00
2009.06.05 13:12:57.698,0.78565,0.78595,8.60,3.00
2009.06.05 13:12:57.997,0.7856,0.78595,6.80,1.60
2009.06.05 13:12:58.497,0.7857,0.78595,1.00,1.60
2009.06.05 13:12:58.907,0.78565,0.78595,4.80,1.60
2009.06.05 13:12:59.210,0.78565,0.78585,10.00,1.00
2009.06.05 13:12:59.487,0.78575,0.7859,8.00,1.60
2009.06.05 13:12:59.777,0.78565,0.78585,5.20,1.60
2009.06.05 13:13:00.417,0.7857,0.78585,8.60,1.60
2009.06.05 13:13:00.947,0.7857,0.7858,8.60,1.60
2009.06.05 13:13:01.297,0.7856,0.7858,1.00,1.60
2009.06.05 13:13:01.577,0.78555,0.7858,4.80,1.60
2009.06.05 13:13:01.867,0.7856,0.7859,9.60,4.40
2009.06.05 13:13:02.166,0.7856,0.7858,4.80,1.60
2009.06.05 13:13:02.406,0.7856,0.7859,9.60,1.60
2009.06.05 13:13:02.696,0.7856,0.7859,10.40,1.60
2009.06.05 13:13:03.026,0.7857,0.7859,1.00,1.60
2009.06.05 13:13:03.446,0.7856,0.78585,6.80,1.60
2009.06.05 13:13:03.826,0.7856,0.7858,4.80,1.60
2009.06.05 13:13:04.106,0.7856,0.78595,6.20,2.80
2009.06.05 13:13:04.666,0.7857,0.78595,4.80,1.00
2009.06.05 13:13:05.226,0.78575,0.7861,10.00,3.20
2009.06.05 13:13:05.576,0.78575,0.78605,5.20,1.00
2009.06.05 13:13:06.406,0.7858,0.78605,1.00,1.00
2009.06.05 13:13:06.915,0.78575,0.78585,5.20,1.60
2009.06.05 13:13:07.205,0.78575,0.7858,9.40,3.80
2009.06.05 13:13:07.546,0.78575,0.7858,8.80,3.10
2009.06.05 13:13:08.015,0.78555,0.78575,8.60,1.00
2009.06.05 13:13:08.315,0.78545,0.7857,5.20,1.60
2009.06.05 13:13:08.935,0.78545,0.78575,5.20,3.20
2009.06.05 13:13:09.775,0.78545,0.78575,5.20,2.40
2009.06.05 13:13:10.114,0.78545,0.78575,6.20,1.00
2009.06.05 13:13:10.494,0.7855,0.7857,4.80,1.00
2009.06.05 13:13:10.794,0.7856,0.78575,1.00,1.00
2009.06.05 13:13:11.134,0.7856,0.7858,1.00,1.00
2009.06.05 13:13:11.474,0.7856,0.78585,1.00,12.40
2009.06.05 13:13:11.864,0.78555,0.7859,12.40,3.60
2009.06.05 13:13:12.264,0.78565,0.786,1.40,7.60
2009.06.05 13:13:12.644,0.7856,0.78595,6.80,1.60
2009.06.05 13:13:13.174,0.7857,0.7858,1.00,1.20
2009.06.05 13:13:13.474,0.7856,0.78595,15.60,2.80
2009.06.05 13:13:13.774,0.7856,0.7859,6.20,3.60
2009.06.05 13:13:14.233,0.7857,0.7859,2.20,2.40
2009.06.05 13:13:14.563,0.7856,0.78595,6.80,2.80
2009.06.05 13:13:14.903,0.7856,0.78595,5.40,1.80
2009.06.05 13:13:15.873,0.7857,0.7859,1.00,1.00
2009.06.05 13:13:16.333,0.7856,0.7859,3.00,2.80
2009.06.05 13:13:16.623,0.7856,0.7859,1.00,2.80
2009.06.05 13:13:17.503,0.7856,0.7859,2.80,3.60
2009.06.05 13:13:17.623,0.7856,0.7859,1.40,2.80
2009.06.05 13:13:19.902,0.7859,0.78595,2.40,6.60
2009.06.05 13:13:20.462,0.78615,0.7864,4.80,1.00
2009.06.05 13:13:20.802,0.7862,0.7864,4.80,1.00
2009.06.05 13:13:21.142,0.7862,0.78655,4.80,1.00
2009.06.05 13:13:21.612,0.7862,0.78655,6.20,1.00
2009.06.05 13:13:22.112,0.7863,0.78655,1.00,1.80
2009.06.05 13:13:22.442,0.7863,0.78655,1.00,2.60
2009.06.05 13:13:22.732,0.7862,0.78655,10.20,5.60
2009.06.05 13:13:23.032,0.7862,0.78645,2.20,1.00
2009.06.05 13:13:23.312,0.78615,0.7864,6.20,1.00
2009.06.05 13:13:23.611,0.78615,0.7865,6.20,2.80
2009.06.05 13:13:23.881,0.78615,0.7865,10.00,12.00
2009.06.05 13:13:24.121,0.78615,0.7865,10.00,3.20
2009.06.05 13:13:25.411,0.78615,0.7865,5.20,4.80
2009.06.05 13:13:26.121,0.78615,0.7865,5.20,3.20
2009.06.05 13:13:26.521,0.78615,0.7865,5.20,4.40
2009.06.05 13:13:27.030,0.78615,0.7863,5.20,1.40
2009.06.05 13:13:27.261,0.78615,0.7863,5.20,4.00
2009.06.05 13:13:27.670,0.78615,0.7862,8.60,1.00
2009.06.05 13:13:28.070,0.78595,0.7862,5.20,4.80
2009.06.05 13:13:28.480,0.78595,0.7862,8.60,4.80
2009.06.05 13:13:29.060,0.7859,0.7862,4.80,3.80
2009.06.05 13:13:29.330,0.78595,0.7862,10.00,2.40
2009.06.05 13:13:29.620,0.786,0.78625,1.00,1.00
2009.06.05 13:13:30.450,0.786,0.7862,1.00,1.00
2009.06.05 13:13:30.850,0.78585,0.7862,16.60,3.20
2009.06.05 13:13:32.699,0.78595,0.7862,1.40,3.20
2009.06.05 13:13:32.999,0.78595,0.7862,1.40,2.40
2009.06.05 13:13:33.289,0.78595,0.7862,3.80,2.40
2009.06.05 13:13:33.579,0.78605,0.7863,4.80,12.40
2009.06.05 13:13:33.919,0.78615,0.7863,2.20,11.20
2009.06.05 13:13:34.259,0.78615,0.7863,7.00,10.40
2009.06.05 13:13:34.559,0.78615,0.7865,25.00,1.60
2009.06.05 13:13:34.899,0.7862,0.7865,4.80,1.60
2009.06.05 13:13:36.638,0.78615,0.7865,21.80,1.60
2009.06.05 13:13:36.998,0.78615,0.7865,21.00,1.60
2009.06.05 13:13:37.178,0.78625,0.78645,8.60,1.60
2009.06.05 13:13:37.918,0.78625,0.7865,8.60,1.60
2009.06.05 13:13:38.428,0.7862,0.7865,4.60,1.60
2009.06.05 13:13:38.778,0.78615,0.78645,6.60,2.40
2009.06.05 13:13:39.108,0.7862,0.78645,1.40,2.40
2009.06.05 13:13:39.567,0.7862,0.78645,1.40,4.00
2009.06.05 13:13:39.927,0.78615,0.78645,6.60,4.00
2009.06.05 13:13:40.267,0.78615,0.78635,5.20,2.40
2009.06.05 13:13:40.657,0.7861,0.78635,14.00,1.60
2009.06.05 13:13:40.927,0.7861,0.78635,15.20,2.40
2009.06.05 13:13:41.217,0.7861,0.78635,16.80,1.60
2009.06.05 13:13:41.497,0.78615,0.7863,1.40,1.60
2009.06.05 13:13:41.797,0.78615,0.7864,5.20,2.40
2009.06.05 13:13:42.087,0.78615,0.7864,12.40,3.20
2009.06.05 13:13:42.537,0.7862,0.7864,6.20,3.20
2009.06.05 13:13:43.057,0.7863,0.78655,1.00,1.00
2009.06.05 13:13:43.448,0.7863,0.7866,4.80,6.00
2009.06.05 13:13:43.777,0.7863,0.7866,4.80,3.20
2009.06.05 13:13:43.836,0.78635,0.7866,5.20,1.00
2009.06.05 13:13:44.586,0.78635,0.7866,6.60,4.00
2009.06.05 13:13:44.876,0.78635,0.78665,10.00,1.00
2009.06.05 13:13:45.456,0.78635,0.78645,5.20,1.00
2009.06.05 13:13:45.806,0.78635,0.78655,1.00,1.00
2009.06.05 13:13:46.146,0.7863,0.7866,4.60,4.80
2009.06.05 13:13:46.436,0.7863,0.7866,5.60,4.80
2009.06.05 13:13:46.666,0.78635,0.7866,2.00,4.80
2009.06.05 13:13:46.946,0.78635,0.78655,5.20,1.00
2009.06.05 13:13:47.236,0.78635,0.78655,10.00,1.00
2009.06.05 13:13:47.506,0.78625,0.78655,14.00,1.00
2009.06.05 13:13:48.155,0.78625,0.78655,7.60,1.00
2009.06.05 13:13:48.455,0.7863,0.7865,12.60,2.40
2009.06.05 13:13:48.895,0.7862,0.78645,5.40,1.00
2009.06.05 13:13:49.295,0.78615,0.7864,10.00,1.00
2009.06.05 13:13:50.934,0.78615,0.78635,5.20,1.60
2009.06.05 13:13:51.045,0.78615,0.7862,5.20,1.00
2009.06.05 13:13:51.555,0.7861,0.78615,8.60,5.70
2009.06.05 13:13:51.835,0.786,0.7861,8.60,8.20
2009.06.05 13:13:52.364,0.7857,0.7859,2.20,1.00
2009.06.05 13:13:52.694,0.78565,0.78585,8.60,1.00
2009.06.05 13:13:53.204,0.7856,0.7859,1.40,5.80
2009.06.05 13:13:53.494,0.7856,0.7858,1.00,4.00
2009.06.05 13:13:53.784,0.7855,0.7857,9.40,1.00
2009.06.05 13:13:54.024,0.7855,0.7857,10.80,1.00
2009.06.05 13:13:54.594,0.7855,0.78575,2.00,1.00
2009.06.05 13:13:54.954,0.78545,0.78565,1.40,1.00
2009.06.05 13:13:55.304,0.7855,0.78565,1.40,1.00
2009.06.05 13:13:55.644,0.7855,0.7857,1.40,12.40
2009.06.05 13:13:55.983,0.7854,0.7857,5.60,11.20
2009.06.05 13:13:56.553,0.78555,0.7857,1.40,11.20
2009.06.05 13:13:56.783,0.78555,0.7857,1.00,10.40
2009.06.05 13:13:57.075,0.7856,0.7858,1.00,2.40
2009.06.05 13:13:57.353,0.78555,0.7859,10.80,1.60
2009.06.05 13:13:57.713,0.78555,0.7859,10.80,3.20
2009.06.05 13:13:58.173,0.78555,0.78585,6.00,1.40
2009.06.05 13:13:58.463,0.78555,0.78575,5.20,1.00
2009.06.05 13:13:58.743,0.78555,0.78575,5.20,1.60
2009.06.05 13:13:59.093,0.78545,0.78575,10.00,1.60
2009.06.05 13:13:59.543,0.78555,0.7858,4.80,1.00
2009.06.05 13:14:00.473,0.78555,0.7859,10.00,17.40
2009.06.05 13:14:00.812,0.7856,0.7859,1.40,11.20
2009.06.05 13:14:01.052,0.7856,0.78595,1.40,5.00
2009.06.05 13:14:01.452,0.78555,0.7859,10.80,4.40
2009.06.05 13:14:01.732,0.7857,0.7859,1.00,3.60
2009.06.05 13:14:04.002,0.78525,0.78555,6.00,1.60
2009.06.05 13:14:04.522,0.78535,0.78555,1.00,6.80
2009.06.05 13:14:04.912,0.78515,0.7854,5.20,4.80
2009.06.05 13:14:05.431,0.78515,0.78525,6.00,2.20
2009.06.05 13:14:05.771,0.78505,0.7852,5.20,3.20
2009.06.05 13:14:06.111,0.78515,0.78525,5.20,3.20
2009.06.05 13:14:06.641,0.78515,0.7853,5.20,4.60
2009.06.05 13:14:06.931,0.78515,0.7852,5.20,1.00
2009.06.05 13:14:07.201,0.78495,0.7852,4.80,2.40
2009.06.05 13:14:07.481,0.78495,0.7852,5.60,2.40
2009.06.05 13:14:07.811,0.785,0.78525,1.40,12.40
2009.06.05 13:14:08.051,0.785,0.78525,1.40,11.20
2009.06.05 13:14:08.341,0.78515,0.78525,1.40,10.40
2009.06.05 13:14:08.740,0.78505,0.78535,4.80,1.00
2009.06.05 13:14:09.030,0.785,0.78535,5.40,1.00
2009.06.05 13:14:09.550,0.78515,0.78525,5.20,3.00
2009.06.05 13:14:09.900,0.7849,0.78505,9.90,1.00
2009.06.05 13:14:10.410,0.78505,0.7851,5.20,1.50
2009.06.05 13:14:10.750,0.78505,0.78515,5.20,3.00
2009.06.05 13:14:11.330,0.78495,0.7851,5.20,1.60
2009.06.05 13:14:11.610,0.78485,0.78515,5.20,1.60
2009.06.05 13:14:12.190,0.7849,0.7851,1.00,1.00
2009.06.05 13:14:12.480,0.7849,0.7852,1.00,4.20
2009.06.05 13:14:12.760,0.78485,0.7851,5.20,4.80
2009.06.05 13:14:13.159,0.78485,0.78505,5.20,1.00
2009.06.05 13:14:13.509,0.7848,0.785,8.60,1.00
2009.06.05 13:14:13.839,0.78475,0.785,5.20,2.40
2009.06.05 13:14:14.179,0.78475,0.785,1.00,2.40
2009.06.05 13:14:14.529,0.7848,0.78505,1.00,1.00
2009.06.05 13:14:14.889,0.7848,0.7851,1.40,13.20
2009.06.05 13:14:15.249,0.78485,0.7851,1.00,2.40
2009.06.05 13:14:15.539,0.7849,0.7851,1.00,2.40
2009.06.05 13:14:16.578,0.78485,0.7851,5.20,7.20
2009.06.05 13:14:16.869,0.78485,0.7851,1.00,2.40
2009.06.05 13:14:17.148,0.78475,0.7851,12.40,3.80
2009.06.05 13:14:17.828,0.78485,0.7851,1.00,3.80
2009.06.05 13:14:18.108,0.7849,0.7851,1.00,2.40
2009.06.05 13:14:18.338,0.7849,0.7852,1.00,9.20
2009.06.05 13:14:18.628,0.7849,0.7851,1.00,2.40
2009.06.05 13:14:18.918,0.78485,0.7851,1.00,2.40
2009.06.05 13:14:19.488,0.78485,0.7851,5.20,2.40
2009.06.05 13:14:20.208,0.7849,0.7851,1.00,2.40
2009.06.05 13:14:20.718,0.78485,0.7851,5.20,1.60
2009.06.05 13:14:21.228,0.78485,0.7851,2.20,2.40
2009.06.05 13:14:21.517,0.7849,0.78515,10.20,1.60
2009.06.05 13:14:21.867,0.7849,0.78515,9.40,1.60
2009.06.05 13:14:22.207,0.78495,0.7853,7.40,9.00
2009.06.05 13:14:22.557,0.78495,0.78525,6.60,1.60
2009.06.05 13:14:22.907,0.78495,0.78525,5.20,1.60
2009.06.05 13:14:23.147,0.78495,0.7852,5.20,3.20
2009.06.05 13:14:23.777,0.78495,0.78515,5.20,1.60
2009.06.05 13:14:24.117,0.78485,0.7852,12.40,1.60
2009.06.05 13:14:24.527,0.7849,0.7852,7.80,1.60
2009.06.05 13:14:24.886,0.785,0.7853,3.20,3.20
2009.06.05 13:14:25.277,0.7851,0.7853,1.40,2.40
2009.06.05 13:14:25.837,0.78505,0.7854,5.20,13.60
2009.06.05 13:14:26.126,0.78505,0.78525,9.40,1.60
2009.06.05 13:14:26.426,0.78505,0.78535,5.20,2.40
2009.06.05 13:14:26.726,0.78505,0.78525,9.40,1.60
2009.06.05 13:14:27.006,0.78505,0.7853,10.80,3.20
2009.06.05 13:14:27.336,0.78505,0.7853,5.20,1.60
2009.06.05 13:14:27.796,0.78505,0.78525,5.20,1.60
2009.06.05 13:14:28.196,0.78505,0.7853,8.20,1.60
2009.06.05 13:14:28.546,0.78505,0.78525,5.20,1.60
2009.06.05 13:14:29.355,0.78505,0.7851,5.20,1.60
2009.06.05 13:14:29.865,0.78505,0.7851,1.00,1.60
2009.06.05 13:14:30.205,0.78485,0.785,1.00,1.60
2009.06.05 13:14:30.565,0.78475,0.785,7.40,1.60
2009.06.05 13:14:30.986,0.78485,0.785,1.00,1.60
2009.06.05 13:14:31.505,0.78475,0.785,11.60,1.60
2009.06.05 13:14:31.945,0.78475,0.785,10.80,1.60
2009.06.05 13:14:32.295,0.78475,0.785,2.20,1.60
2009.06.05 13:14:32.625,0.78475,0.785,5.20,1.60
2009.06.05 13:14:33.136,0.7847,0.78505,6.80,3.00
2009.06.05 13:14:33.464,0.7848,0.7851,8.60,4.20
2009.06.05 13:14:33.755,0.78475,0.7851,12.40,2.80
2009.06.05 13:14:34.274,0.7849,0.78515,1.00,1.60
2009.06.05 13:14:34.624,0.7849,0.78515,9.40,1.60
2009.06.05 13:14:35.314,0.78485,0.78515,5.20,3.20
2009.06.05 13:14:35.654,0.78485,0.78505,5.20,1.60
2009.06.05 13:14:36.164,0.78485,0.78505,8.60,1.60
2009.06.05 13:14:36.504,0.78485,0.7851,8.60,3.20
2009.06.05 13:14:37.194,0.7848,0.7851,10.20,4.20
2009.06.05 13:14:37.484,0.78485,0.785,8.00,1.60
2009.06.05 13:14:38.013,0.78475,0.785,5.20,7.80
2009.06.05 13:14:38.643,0.7847,0.78505,4.80,6.60
2009.06.05 13:14:39.123,0.78475,0.78505,9.40,5.20
2009.06.05 13:14:39.473,0.7848,0.78505,1.40,1.80
2009.06.05 13:14:40.084,0.7848,0.78505,1.40,2.80
2009.06.05 13:14:40.463,0.78475,0.785,5.20,2.40
2009.06.05 13:14:40.983,0.7847,0.785,4.80,2.40
2009.06.05 13:14:41.333,0.7847,0.785,4.80,3.20
2009.06.05 13:14:41.552,0.78465,0.7849,5.20,1.00
2009.06.05 13:14:41.883,0.78485,0.78495,8.60,1.00
2009.06.05 13:14:42.422,0.7848,0.78505,4.80,1.80
2009.06.05 13:14:42.722,0.7849,0.78505,3.00,1.00
2009.06.05 13:14:43.012,0.7849,0.7851,4.80,9.80
2009.06.05 13:14:43.522,0.785,0.78515,2.60,1.60
2009.06.05 13:14:44.062,0.78495,0.78515,12.80,1.60
2009.06.05 13:14:44.413,0.785,0.78525,4.80,5.60
2009.06.05 13:14:44.812,0.7851,0.7853,5.60,1.20
2009.06.05 13:14:45.332,0.78525,0.78535,1.00,1.00
2009.06.05 13:14:45.682,0.7852,0.78545,1.40,1.00
2009.06.05 13:14:46.371,0.78515,0.78545,7.40,1.00
2009.06.05 13:14:46.642,0.78515,0.78545,5.60,1.00
2009.06.05 13:14:46.931,0.78515,0.7855,10.80,7.60
2009.06.05 13:14:47.221,0.7852,0.7855,5.40,2.40
2009.06.05 13:14:47.511,0.7853,0.7855,3.20,1.00
2009.06.05 13:14:47.801,0.7853,0.78555,3.20,1.80
2009.06.05 13:14:48.311,0.78525,0.7856,4.80,3.60
2009.06.05 13:14:48.591,0.78525,0.7856,7.40,2.80
2009.06.05 13:14:48.871,0.7853,0.7856,3.20,2.80
2009.06.05 13:14:49.211,0.7853,0.7856,4.80,2.80
2009.06.05 13:14:49.491,0.7853,0.78555,4.80,11.20
2009.06.05 13:14:49.831,0.7854,0.7856,2.60,2.80
2009.06.05 13:14:50.350,0.78555,0.78565,1.40,1.00
2009.06.05 13:14:50.730,0.7856,0.78565,4.00,1.00
2009.06.05 13:14:51.081,0.78555,0.78565,9.40,1.00
2009.06.05 13:14:51.610,0.78555,0.7858,9.40,1.60
2009.06.05 13:14:51.960,0.78545,0.78565,14.60,1.00
2009.06.05 13:14:52.260,0.78555,0.7857,8.60,4.00
2009.06.05 13:14:52.550,0.7855,0.78555,1.00,1.60
2009.06.05 13:14:52.840,0.78535,0.78555,5.20,1.60
2009.06.05 13:14:53.120,0.78535,0.78555,10.80,1.60
2009.06.05 13:14:53.650,0.7854,0.78555,8.00,1.60
2009.06.05 13:14:53.950,0.7853,0.78555,8.60,1.60
2009.06.05 13:14:54.429,0.78535,0.78555,1.40,1.60
2009.06.05 13:14:54.769,0.78535,0.7856,6.20,1.60
2009.06.05 13:14:55.129,0.78535,0.78565,8.80,1.60
2009.06.05 13:14:55.479,0.78545,0.78565,4.80,1.00
2009.06.05 13:14:56.389,0.78545,0.7858,11.60,3.60
2009.06.05 13:14:56.679,0.78545,0.7858,11.60,2.40
2009.06.05 13:14:56.959,0.78545,0.7858,6.20,3.60
2009.06.05 13:14:57.309,0.78555,0.78575,1.40,1.80
2009.06.05 13:14:57.659,0.78545,0.7858,10.80,4.40
2009.06.05 13:14:57.939,0.7855,0.7858,1.40,2.80
2009.06.05 13:14:58.228,0.78545,0.7858,7.40,1.60
2009.06.05 13:14:58.509,0.78545,0.78575,5.20,3.00
2009.06.05 13:14:58.738,0.78545,0.7857,5.20,3.80
2009.06.05 13:14:59.068,0.7855,0.7857,1.00,2.40
2009.06.05 13:14:59.528,0.7855,0.7857,1.60,3.80
2009.06.05 13:14:59.941,0.7855,0.78575,1.40,8.80
2009.06.05 13:15:00.238,0.7856,0.7858,1.00,14.00
2009.06.05 13:15:00.528,0.78565,0.7858,1.00,11.20
2009.06.05 13:15:00.988,0.78565,0.7858,1.00,1.00
2009.06.05 13:15:01.338,0.78555,0.7857,5.20,1.60
2009.06.05 13:15:01.688,0.78555,0.7857,9.40,1.20
2009.06.05 13:15:02.148,0.78555,0.78565,9.40,1.60
2009.06.05 13:15:02.388,0.78535,0.78565,7.60,1.00
2009.06.05 13:15:02.727,0.78535,0.7857,8.40,2.40
2009.06.05 13:15:02.948,0.7854,0.7857,15.00,3.60
2009.06.05 13:15:03.238,0.7854,0.78575,5.40,5.00
2009.06.05 13:15:03.767,0.7854,0.7857,3.00,2.40
2009.06.05 13:15:04.107,0.78535,0.7857,13.20,1.60
2009.06.05 13:15:04.517,0.7854,0.7857,3.80,1.60
2009.06.05 13:15:05.037,0.7854,0.7857,3.00,1.60
2009.06.05 13:15:05.397,0.78535,0.78565,10.80,1.60
2009.06.05 13:15:05.627,0.78535,0.7856,10.80,1.60
2009.06.05 13:15:05.917,0.78535,0.78565,6.60,1.60
2009.06.05 13:15:06.257,0.7854,0.78565,1.00,2.80
2009.06.05 13:15:06.487,0.7854,0.78565,1.40,2.80
2009.06.05 13:15:07.056,0.7854,0.78565,1.40,1.60
2009.06.05 13:15:07.926,0.78535,0.78565,12.40,1.60
2009.06.05 13:15:08.726,0.7856,0.78575,2.20,13.20
2009.06.05 13:15:09.056,0.7856,0.7857,2.20,1.00
2009.06.05 13:15:09.336,0.78545,0.78575,6.40,2.40
2009.06.05 13:15:09.856,0.78545,0.78565,5.20,1.60
2009.06.05 13:15:10.266,0.7855,0.78565,2.20,1.60
2009.06.05 13:15:10.615,0.78535,0.78565,7.40,1.60
2009.06.05 13:15:10.965,0.7854,0.78565,3.00,1.60
2009.06.05 13:15:12.315,0.78535,0.7856,6.60,1.00
2009.06.05 13:15:12.895,0.78525,0.78555,19.60,1.60
2009.06.05 13:15:13.245,0.78525,0.78555,6.00,1.60
2009.06.05 13:15:13.545,0.7853,0.7856,1.40,3.20
2009.06.05 13:15:13.825,0.7853,0.7856,2.80,3.20
2009.06.05 13:15:14.065,0.78535,0.78565,5.20,3.20
2009.06.05 13:15:14.535,0.78535,0.78565,5.20,1.60
