2012.08.06 19:00:00.968,0.8275,0.82769,2.10,2.17
2012.08.06 19:00:01.282,0.82754,0.82769,1.35,1.73
2012.08.06 19:00:01.820,0.8275,0.82768,3.23,1.95
2012.08.06 19:00:01.942,0.8275,0.82766,2.48,1.73
2012.08.06 19:00:02.588,0.8275,0.82767,1.73,3.67
2012.08.06 19:00:04.890,0.8275,0.82767,1.73,1.95
2012.08.06 19:00:06.966,0.8275,0.82769,1.73,3.67
2012.08.06 19:00:08.128,0.8275,0.82769,1.73,3.67
2012.08.06 19:00:10.009,0.8275,0.82765,2.48,1.50
2012.08.06 19:00:10.977,0.82759,0.82773,2.85,1.20
2012.08.06 19:00:11.282,0.82759,0.82774,3.23,1.50
2012.08.06 19:00:11.347,0.82759,0.82775,3.23,2.44
2012.08.06 19:00:12.520,0.82758,0.82774,1.73,1.95
2012.08.06 19:00:12.932,0.82759,0.82775,1.35,3.00
2012.08.06 19:00:16.830,0.82758,0.82775,1.35,2.44
2012.08.06 19:00:19.112,0.82758,0.82775,1.35,2.44
2012.08.06 19:00:20.225,0.8276,0.82777,1.35,4.69
2012.08.06 19:00:21.604,0.8276,0.82778,1.35,4.39
2012.08.06 19:00:24.088,0.82757,0.82773,1.95,1.50
2012.08.06 19:00:24.386,0.82755,0.82771,1.35,1.50
2012.08.06 19:00:24.858,0.82755,0.82773,1.35,1.50
2012.08.06 19:00:25.442,0.82755,0.82774,3.60,1.42
2012.08.06 19:00:25.621,0.82758,0.82775,1.35,3.00
2012.08.06 19:00:25.982,0.82758,0.82776,2.10,3.00
2012.08.06 19:00:30.955,0.82756,0.82776,2.85,4.20
2012.08.06 19:00:31.076,0.82756,0.82775,1.73,1.73
2012.08.06 19:00:42.783,0.82755,0.82774,4.73,2.92
2012.08.06 19:00:59.859,0.82755,0.82773,5.10,1.50
2012.08.06 19:01:00.035,0.82755,0.82771,3.60,1.50
2012.08.06 19:01:04.148,0.82755,0.82771,2.85,1.50
2012.08.06 19:01:04.502,0.82755,0.82773,2.10,1.50
2012.08.06 19:01:04.624,0.82755,0.82773,2.10,1.73
2012.08.06 19:01:06.748,0.82758,0.82776,1.35,5.25
2012.08.06 19:01:06.813,0.82758,0.82776,1.35,2.25
2012.08.06 19:01:08.953,0.82758,0.82777,2.85,3.23
2012.08.06 19:01:13.501,0.82762,0.82777,1.35,1.50
2012.08.06 19:01:13.740,0.82762,0.82779,1.35,1.50
2012.08.06 19:01:14.261,0.82762,0.82778,1.35,1.50
2012.08.06 19:01:14.784,0.82762,0.82779,1.35,1.50
2012.08.06 19:01:18.159,0.82758,0.82775,1.35,1.50
2012.08.06 19:01:18.342,0.82755,0.82774,5.10,2.17
2012.08.06 19:01:26.190,0.82758,0.82777,2.85,4.73
2012.08.06 19:01:27.055,0.82758,0.82777,2.85,2.48
2012.08.06 19:01:32.556,0.8276,0.82778,3.23,2.25
2012.08.06 19:01:37.761,0.82759,0.82778,3.60,4.95
2012.08.06 19:01:37.893,0.82759,0.82778,2.85,5.17
2012.08.06 19:01:42.143,0.82762,0.82779,1.35,1.73
2012.08.06 19:01:42.207,0.82762,0.82779,1.35,1.50
2012.08.06 19:01:43.667,0.82762,0.82778,1.35,1.50
2012.08.06 19:01:46.653,0.82762,0.8278,1.35,3.75
2012.08.06 19:01:47.194,0.82763,0.8278,1.73,1.50
2012.08.06 19:01:47.699,0.82763,0.82782,3.60,2.17
2012.08.06 19:01:48.053,0.82767,0.82785,2.48,1.75
2012.08.06 19:01:51.920,0.82766,0.82784,2.48,3.56
2012.08.06 19:01:51.986,0.82766,0.82782,1.73,1.20
2012.08.06 19:01:52.109,0.82763,0.8278,2.48,1.50
2012.08.06 19:01:52.407,0.82763,0.8278,2.48,1.50
2012.08.06 19:01:52.531,0.82763,0.82781,2.48,1.50
2012.08.06 19:01:55.756,0.82764,0.82782,1.73,1.20
2012.08.06 19:02:00.642,0.82766,0.82784,2.48,3.10
2012.08.06 19:02:01.242,0.82766,0.82784,2.48,3.10
2012.08.06 19:02:01.803,0.82765,0.82784,1.73,3.10
2012.08.06 19:02:03.357,0.82765,0.82784,2.48,3.10
2012.08.06 19:02:05.299,0.82765,0.82783,2.48,2.28
2012.08.06 19:02:05.826,0.82764,0.82783,2.48,3.78
2012.08.06 19:02:07.733,0.82764,0.82783,3.23,3.78
2012.08.06 19:02:08.702,0.82765,0.82783,1.73,2.48
2012.08.06 19:02:09.494,0.82766,0.82784,1.73,1.60
2012.08.06 19:02:10.206,0.82768,0.82784,3.83,1.38
2012.08.06 19:02:10.561,0.82772,0.8279,2.85,1.51
2012.08.06 19:02:12.191,0.82776,0.82791,1.73,1.20
2012.08.06 19:02:12.743,0.82775,0.82791,1.73,1.76
2012.08.06 19:02:13.270,0.82773,0.8279,1.73,1.32
2012.08.06 19:02:16.561,0.82772,0.8279,2.85,3.04
2012.08.06 19:02:20.211,0.82769,0.82787,2.48,1.50
2012.08.06 19:02:20.392,0.82766,0.82785,3.98,1.42
2012.08.06 19:02:20.455,0.82766,0.82783,1.73,1.50
2012.08.06 19:02:21.083,0.82766,0.82783,1.73,1.50
2012.08.06 19:02:21.704,0.82766,0.82783,1.73,1.50
2012.08.06 19:02:22.394,0.82766,0.82785,1.35,2.17
2012.08.06 19:02:22.516,0.82766,0.82785,1.35,1.50
2012.08.06 19:02:22.758,0.82766,0.82786,1.35,3.45
2012.08.06 19:02:23.232,0.82766,0.82786,1.35,4.20
2012.08.06 19:02:23.471,0.82766,0.82785,2.85,1.50
2012.08.06 19:02:24.291,0.82766,0.82783,1.35,1.50
2012.08.06 19:02:24.986,0.82766,0.82784,2.10,1.50
2012.08.06 19:02:26.137,0.82766,0.82784,1.73,2.70
2012.08.06 19:02:26.684,0.82765,0.82783,2.48,1.50
2012.08.06 19:02:27.534,0.82766,0.82783,1.73,1.50
2012.08.06 19:02:28.911,0.82767,0.82782,1.35,1.50
2012.08.06 19:02:29.145,0.82767,0.82784,1.35,3.00
2012.08.06 19:02:30.759,0.82767,0.82783,1.35,1.50
2012.08.06 19:02:31.554,0.82767,0.82784,1.35,2.25
2012.08.06 19:02:31.851,0.82767,0.82784,1.13,5.48
2012.08.06 19:02:31.916,0.82767,0.82781,1.13,1.50
2012.08.06 19:02:32.252,0.82767,0.82784,1.35,3.00
2012.08.06 19:02:32.315,0.82767,0.82784,1.35,2.25
2012.08.06 19:02:32.788,0.82763,0.82778,2.85,1.50
2012.08.06 19:02:32.852,0.82763,0.82778,2.85,1.50
2012.08.06 19:02:32.916,0.82763,0.82781,2.85,1.73
2012.08.06 19:02:32.981,0.82763,0.82779,2.85,1.50
2012.08.06 19:02:33.572,0.82763,0.8278,2.10,1.50
2012.08.06 19:02:34.105,0.82762,0.8278,2.85,2.48
2012.08.06 19:02:35.183,0.82762,0.82779,2.10,1.50
2012.08.06 19:02:35.967,0.82762,0.82778,2.10,1.50
2012.08.06 19:02:36.030,0.82762,0.8278,2.10,2.48
2012.08.06 19:02:36.266,0.82762,0.82778,2.10,1.50
2012.08.06 19:02:36.805,0.82762,0.82781,2.10,4.42
2012.08.06 19:02:37.347,0.82762,0.82778,2.10,1.50
2012.08.06 19:02:37.914,0.82762,0.82778,2.48,1.50
2012.08.06 19:02:38.963,0.82762,0.8278,2.48,1.50
2012.08.06 19:02:39.533,0.82762,0.82779,2.48,1.50
2012.08.06 19:02:40.117,0.82762,0.8278,2.48,1.50
2012.08.06 19:02:40.390,0.82762,0.82778,2.48,1.50
2012.08.06 19:02:40.690,0.82762,0.82781,2.48,2.92
2012.08.06 19:02:42.499,0.82764,0.82782,2.85,1.50
2012.08.06 19:02:43.051,0.82764,0.82783,2.85,4.42
2012.08.06 19:02:43.373,0.82764,0.82781,2.85,1.50
2012.08.06 19:02:43.437,0.82764,0.82783,2.85,4.42
2012.08.06 19:02:43.996,0.82765,0.82783,1.35,3.00
2012.08.06 19:02:44.534,0.82765,0.82784,2.85,3.45
2012.08.06 19:02:45.318,0.82765,0.82783,1.35,3.00
2012.08.06 19:02:45.442,0.82765,0.82782,1.35,1.50
2012.08.06 19:02:45.681,0.82763,0.82778,2.48,1.45
2012.08.06 19:02:45.745,0.82763,0.82777,2.48,2.10
2012.08.06 19:02:45.927,0.82763,0.82777,1.73,2.55
2012.08.06 19:02:45.991,0.82763,0.82777,1.50,2.55
2012.08.06 19:02:46.055,0.82763,0.82777,1.50,2.55
2012.08.06 19:02:46.602,0.82759,0.82777,1.73,3.30
2012.08.06 19:02:47.393,0.82758,0.82777,2.85,1.80
2012.08.06 19:02:47.750,0.82758,0.82775,2.85,1.50
2012.08.06 19:02:47.929,0.82758,0.82777,2.85,4.80
2012.08.06 19:02:50.859,0.82758,0.82777,2.85,2.55
2012.08.06 19:02:51.666,0.8276,0.82777,2.10,2.10
2012.08.06 19:02:51.790,0.82762,0.82781,2.10,3.67
2012.08.06 19:02:52.796,0.82762,0.82781,2.10,2.92
2012.08.06 19:02:55.753,0.82764,0.82781,2.10,1.73
2012.08.06 19:02:55.876,0.82764,0.82783,3.98,3.82
2012.08.06 19:02:56.229,0.82761,0.82778,3.60,1.20
2012.08.06 19:02:56.294,0.8276,0.82778,3.23,1.42
2012.08.06 19:02:56.968,0.8276,0.82776,1.73,1.50
2012.08.06 19:02:57.497,0.82759,0.82778,2.85,3.67
2012.08.06 19:02:57.620,0.82761,0.82778,2.48,2.25
2012.08.06 19:02:57.742,0.82761,0.8278,3.98,1.95
2012.08.06 19:03:02.319,0.82763,0.82779,1.73,1.50
2012.08.06 19:03:03.759,0.8276,0.82778,3.98,1.20
2012.08.06 19:03:03.884,0.8276,0.82776,1.73,1.50
2012.08.06 19:03:04.398,0.82759,0.82776,1.73,1.50
2012.08.06 19:03:04.637,0.82762,0.8278,2.48,1.20
2012.08.06 19:03:07.431,0.82762,0.8278,1.73,1.20
2012.08.06 19:03:07.611,0.8276,0.82779,2.85,2.48
2012.08.06 19:03:07.733,0.82761,0.82781,2.10,3.67
2012.08.06 19:03:13.462,0.82761,0.8278,2.85,1.95
2012.08.06 19:03:26.630,0.82763,0.8278,1.73,1.95
2012.08.06 19:03:26.986,0.82765,0.8278,2.10,1.50
2012.08.06 19:03:27.049,0.82765,0.82783,2.10,2.70
2012.08.06 19:03:27.865,0.82765,0.82781,2.10,1.50
2012.08.06 19:03:28.482,0.82765,0.82781,1.73,1.73
2012.08.06 19:03:37.181,0.82762,0.82781,1.73,2.92
2012.08.06 19:03:37.303,0.8276,0.8278,2.85,4.80
2012.08.06 19:03:38.278,0.82762,0.8278,1.73,1.42
2012.08.06 19:03:39.414,0.82761,0.8278,1.73,1.80
2012.08.06 19:03:39.538,0.8276,0.8278,3.60,2.92
2012.08.06 19:03:39.660,0.82761,0.8278,1.35,2.92
2012.08.06 19:03:49.739,0.82761,0.8278,1.73,3.30
2012.08.06 19:03:50.096,0.82759,0.82776,2.10,1.50
2012.08.06 19:03:54.995,0.82759,0.82776,1.35,1.73
2012.08.06 19:03:55.552,0.82758,0.82776,1.35,3.23
2012.08.06 19:03:56.579,0.82758,0.82776,1.35,1.73
2012.08.06 19:04:01.870,0.82759,0.82776,1.35,1.73
2012.08.06 19:04:02.167,0.82761,0.82777,1.35,2.25
2012.08.06 19:04:02.859,0.82761,0.82776,1.35,1.50
2012.08.06 19:04:04.270,0.82762,0.82777,1.35,3.00
2012.08.06 19:04:04.814,0.82761,0.82775,1.35,1.50
2012.08.06 19:04:05.175,0.82758,0.82775,1.35,1.50
2012.08.06 19:04:07.351,0.82758,0.82775,1.35,1.50
2012.08.06 19:04:24.765,0.82757,0.82774,2.85,1.50
2012.08.06 19:04:31.730,0.82757,0.82774,3.60,1.50
2012.08.06 19:04:31.802,0.82757,0.82776,5.10,1.50
2012.08.06 19:04:37.360,0.82759,0.82776,2.10,1.50
2012.08.06 19:04:37.955,0.82759,0.82775,1.35,1.50
2012.08.06 19:04:48.486,0.82758,0.82777,1.35,3.00
2012.08.06 19:04:50.797,0.82758,0.82777,1.35,3.00
2012.08.06 19:04:56.183,0.82758,0.82776,1.35,1.50
2012.08.06 19:04:56.712,0.82758,0.82778,2.85,5.85
2012.08.06 19:05:01.395,0.82758,0.82774,1.35,1.50
2012.08.06 19:05:01.915,0.82758,0.82773,1.35,1.50
2012.08.06 19:05:02.100,0.82756,0.82772,1.35,1.50
2012.08.06 19:05:02.282,0.82756,0.82774,1.35,3.67
2012.08.06 19:05:02.404,0.82755,0.82771,2.48,1.50
2012.08.06 19:05:02.469,0.82755,0.82774,3.98,2.17
2012.08.06 19:05:04.367,0.82755,0.82774,1.73,3.67
2012.08.06 19:05:04.978,0.82755,0.82774,1.73,2.48
2012.08.06 19:05:08.388,0.82755,0.82774,1.73,2.48
2012.08.06 19:05:09.406,0.82756,0.82774,1.73,2.48
2012.08.06 19:05:21.819,0.82757,0.82775,1.35,2.25
2012.08.06 19:05:22.073,0.82758,0.82778,1.35,3.24
2012.08.06 19:05:44.877,0.82758,0.82774,1.35,1.50
2012.08.06 19:05:45.117,0.82756,0.82771,1.73,1.50
2012.08.06 19:05:45.182,0.82754,0.82771,1.88,2.48
2012.08.06 19:05:45.309,0.82754,0.82771,2.10,2.25
2012.08.06 19:05:46.427,0.82754,0.82768,1.35,1.50
2012.08.06 19:05:46.840,0.82751,0.82769,1.73,5.48
2012.08.06 19:05:46.903,0.82751,0.82766,1.73,1.50
2012.08.06 19:05:47.148,0.82751,0.82769,1.73,5.48
2012.08.06 19:05:47.509,0.82753,0.82772,1.35,3.23
2012.08.06 19:05:47.864,0.82753,0.82769,2.85,1.50
2012.08.06 19:05:49.380,0.82751,0.82769,2.10,1.73
2012.08.06 19:05:53.059,0.82751,0.82766,2.10,1.50
2012.08.06 19:05:53.180,0.82751,0.82768,2.10,1.73
2012.08.06 19:05:53.304,0.82751,0.82766,2.10,1.50
2012.08.06 19:05:55.981,0.82748,0.82766,3.23,3.00
2012.08.06 19:05:56.046,0.82748,0.82766,2.48,3.23
2012.08.06 19:05:56.400,0.8275,0.82767,1.73,1.50
2012.08.06 19:05:56.927,0.8275,0.82768,1.73,1.73
2012.08.06 19:05:57.477,0.8275,0.82766,2.48,1.50
2012.08.06 19:05:59.022,0.8275,0.82766,2.48,1.50
2012.08.06 19:06:00.732,0.8275,0.82768,2.48,1.73
2012.08.06 19:06:01.386,0.8275,0.82768,3.98,1.73
2012.08.06 19:06:01.450,0.8275,0.82768,1.73,3.23
2012.08.06 19:06:01.514,0.8275,0.82766,1.73,1.50
2012.08.06 19:06:02.031,0.8275,0.82766,1.73,1.50
2012.08.06 19:06:02.923,0.82749,0.82768,2.85,3.98
2012.08.06 19:06:16.285,0.82751,0.82768,1.35,3.00
2012.08.06 19:06:16.641,0.82754,0.82772,2.48,1.58
2012.08.06 19:06:17.197,0.82754,0.82772,2.48,1.58
2012.08.06 19:06:21.135,0.82754,0.82772,1.73,1.95
2012.08.06 19:06:21.490,0.82751,0.82767,1.73,1.73
2012.08.06 19:06:21.978,0.82746,0.82766,1.73,3.23
2012.08.06 19:06:22.044,0.82745,0.82766,4.88,3.00
2012.08.06 19:06:22.628,0.82745,0.82765,5.63,1.50
2012.08.06 19:06:22.809,0.82745,0.82765,5.85,1.73
2012.08.06 19:06:37.986,0.82745,0.82765,4.35,2.92
2012.08.06 19:06:38.287,0.82749,0.82765,1.35,1.50
2012.08.06 19:06:39.104,0.82748,0.82764,1.73,1.73
2012.08.06 19:06:43.248,0.82746,0.82765,2.85,2.48
2012.08.06 19:06:45.979,0.82746,0.82764,2.85,1.73
2012.08.06 19:06:49.222,0.82746,0.82765,1.35,1.73
2012.08.06 19:06:51.869,0.82749,0.82767,1.35,2.48
2012.08.06 19:06:52.411,0.82748,0.82765,2.10,2.17
2012.08.06 19:06:52.536,0.82749,0.82767,1.35,2.25
2012.08.06 19:06:53.119,0.82747,0.82765,3.60,1.73
2012.08.06 19:07:01.681,0.82749,0.82767,2.10,1.50
2012.08.06 19:07:07.034,0.82749,0.82767,2.85,1.50
2012.08.06 19:07:07.164,0.82748,0.82766,2.10,2.17
2012.08.06 19:07:13.961,0.82748,0.82762,2.10,1.50
2012.08.06 19:07:14.493,0.82747,0.82764,2.48,1.73
2012.08.06 19:07:14.850,0.8275,0.82766,1.73,1.20
2012.08.06 19:07:15.365,0.82753,0.82768,2.85,1.17
2012.08.06 19:07:15.670,0.82758,0.82772,1.35,1.88
2012.08.06 19:07:15.796,0.82758,0.82773,3.60,1.50
2012.08.06 19:07:16.150,0.8276,0.82775,1.73,1.88
2012.08.06 19:07:16.221,0.82762,0.82778,1.73,1.50
2012.08.06 19:07:16.824,0.82762,0.82781,2.48,3.67
2012.08.06 19:07:17.396,0.82762,0.82781,2.48,3.67
2012.08.06 19:07:17.520,0.82762,0.82778,1.50,1.42
2012.08.06 19:07:17.585,0.8276,0.82778,2.48,1.42
2012.08.06 19:07:18.890,0.8276,0.82778,3.23,2.17
2012.08.06 19:07:19.071,0.82762,0.8278,1.73,2.48
2012.08.06 19:07:19.560,0.82765,0.82782,1.13,3.67
2012.08.06 19:07:19.914,0.82765,0.82783,1.35,2.67
2012.08.06 19:07:20.307,0.82764,0.8278,1.35,1.50
2012.08.06 19:07:20.543,0.82762,0.82781,3.60,1.73
2012.08.06 19:07:22.847,0.82763,0.82782,3.23,2.92
2012.08.06 19:07:23.145,0.82767,0.82783,1.73,1.50
2012.08.06 19:07:23.518,0.82767,0.82785,1.73,2.92
2012.08.06 19:07:24.037,0.82765,0.82784,3.60,1.50
2012.08.06 19:07:24.581,0.82767,0.82785,1.73,2.92
2012.08.06 19:07:30.646,0.82765,0.82784,5.10,1.50
2012.08.06 19:07:30.941,0.82765,0.82783,2.85,1.80
2012.08.06 19:07:31.182,0.82763,0.82781,1.35,4.42
2012.08.06 19:07:35.074,0.82762,0.82781,3.60,2.92
2012.08.06 19:07:37.340,0.82763,0.82782,3.60,2.25
2012.08.06 19:07:37.434,0.82763,0.82782,3.60,2.48
2012.08.06 19:07:46.067,0.82763,0.82782,1.73,4.73
2012.08.06 19:07:46.575,0.82763,0.82782,1.73,4.73
2012.08.06 19:07:58.596,0.82764,0.82782,1.73,2.48
2012.08.06 19:07:58.661,0.82768,0.82783,1.73,1.50
2012.08.06 19:07:59.592,0.82766,0.82784,3.60,1.73
2012.08.06 19:08:00.498,0.82766,0.82781,3.23,2.25
2012.08.06 19:08:00.679,0.82763,0.82781,2.85,3.98
2012.08.06 19:08:00.744,0.82763,0.82779,1.35,1.50
2012.08.06 19:08:01.066,0.82763,0.82781,1.35,3.98
2012.08.06 19:08:01.187,0.82763,0.82781,1.35,3.98
2012.08.06 19:08:01.982,0.82763,0.82781,1.35,3.23
2012.08.06 19:08:03.973,0.82763,0.82779,1.35,1.50
2012.08.06 19:08:04.523,0.82763,0.82781,1.35,1.73
2012.08.06 19:08:09.160,0.82766,0.82781,1.73,1.73
2012.08.06 19:08:15.630,0.82766,0.82782,2.10,1.50
2012.08.06 19:08:15.754,0.82766,0.82782,1.73,1.73
2012.08.06 19:08:17.824,0.82766,0.8278,3.98,1.73
2012.08.06 19:08:17.948,0.82766,0.82784,3.98,2.25
2012.08.06 19:08:24.035,0.82766,0.82785,1.73,3.60
2012.08.06 19:08:26.818,0.82772,0.82785,1.13,2.48
2012.08.06 19:08:27.119,0.82773,0.82789,1.35,1.50
2012.08.06 19:08:27.417,0.82773,0.82791,3.60,1.50
2012.08.06 19:08:27.901,0.82774,0.82791,1.73,2.07
2012.08.06 19:08:29.079,0.82775,0.82791,1.35,1.32
2012.08.06 19:08:29.315,0.82775,0.82794,2.10,2.92
2012.08.06 19:08:31.267,0.82775,0.82794,1.35,2.92
2012.08.06 19:08:31.740,0.82774,0.82788,2.48,1.95
2012.08.06 19:08:31.921,0.82771,0.82788,2.10,1.95
2012.08.06 19:08:42.356,0.8277,0.82789,3.60,2.70
2012.08.06 19:08:44.947,0.8277,0.82789,2.10,1.95
2012.08.06 19:08:50.070,0.8277,0.82789,2.10,1.20
2012.08.06 19:08:51.852,0.8277,0.82788,2.10,1.50
2012.08.06 19:08:52.033,0.82767,0.82787,5.48,1.20
2012.08.06 19:08:52.098,0.82767,0.82786,6.23,1.42
2012.08.06 19:08:52.623,0.82767,0.82785,1.73,3.45
2012.08.06 19:08:53.148,0.82766,0.82782,2.85,1.50
2012.08.06 19:08:53.269,0.82766,0.82782,2.10,2.17
2012.08.06 19:08:56.231,0.82763,0.82781,2.85,1.20
2012.08.06 19:08:58.668,0.82763,0.82782,3.45,4.42
2012.08.06 19:08:59.330,0.82766,0.82782,2.48,1.50
2012.08.06 19:08:59.511,0.82765,0.82782,2.10,2.17
2012.08.06 19:09:07.234,0.82763,0.8278,1.58,1.50
2012.08.06 19:09:13.104,0.82762,0.82779,2.85,1.50
2012.08.06 19:09:13.466,0.82762,0.82781,4.35,1.42
2012.08.06 19:09:15.638,0.82762,0.82781,3.60,3.67
2012.08.06 19:09:20.446,0.82765,0.82782,1.73,1.42
2012.08.06 19:09:21.343,0.82768,0.82782,1.73,2.17
2012.08.06 19:09:25.072,0.82766,0.82785,2.85,2.17
2012.08.06 19:09:25.136,0.82766,0.82785,3.60,2.17
2012.08.06 19:09:29.028,0.82768,0.82785,2.48,2.70
2012.08.06 19:09:29.501,0.82769,0.82784,2.48,1.42
2012.08.06 19:09:31.289,0.82768,0.82786,2.48,4.05
2012.08.06 19:09:31.416,0.82773,0.82786,1.50,2.17
2012.08.06 19:09:31.718,0.82777,0.8279,1.73,1.95
2012.08.06 19:09:32.256,0.82775,0.8279,1.73,1.20
2012.08.06 19:09:33.227,0.82774,0.82789,1.73,1.20
2012.08.06 19:09:33.351,0.82774,0.82788,1.50,1.42
2012.08.06 19:09:33.474,0.82772,0.82788,1.73,1.42
2012.08.06 19:09:37.720,0.82771,0.8279,3.60,1.42
2012.08.06 19:09:37.843,0.82773,0.8279,3.23,1.20
2012.08.06 19:09:38.493,0.82775,0.82793,1.73,2.92
2012.08.06 19:09:41.416,0.82775,0.82793,1.73,2.17
2012.08.06 19:09:52.001,0.82777,0.82793,2.48,1.50
2012.08.06 19:09:54.441,0.82777,0.82796,4.58,3.67
2012.08.06 19:09:54.743,0.82777,0.82796,3.98,2.25
2012.08.06 19:09:54.864,0.82777,0.82796,3.23,2.92
2012.08.06 19:09:56.087,0.82777,0.82796,2.48,2.92
2012.08.06 19:09:59.386,0.82777,0.82795,2.48,2.02
2012.08.06 19:09:59.455,0.82777,0.82795,2.48,2.02
2012.08.06 19:10:00.993,0.82777,0.82794,2.48,1.05
2012.08.06 19:10:01.058,0.82777,0.82793,1.50,1.42
2012.08.06 19:10:01.657,0.82775,0.82791,2.48,1.42
2012.08.06 19:10:02.014,0.82772,0.82787,2.10,1.42
2012.08.06 19:10:02.254,0.82769,0.82786,3.98,2.17
2012.08.06 19:10:04.078,0.8277,0.82786,1.73,1.50
2012.08.06 19:10:06.246,0.82768,0.82786,1.73,2.63
2012.08.06 19:10:06.310,0.82768,0.82786,1.73,3.30
2012.08.06 19:10:08.287,0.82768,0.82786,3.60,2.25
2012.08.06 19:10:08.802,0.8277,0.82786,1.73,1.50
2012.08.06 19:10:22.333,0.8277,0.82787,1.73,1.73
2012.08.06 19:10:28.062,0.82768,0.82786,3.23,1.05
2012.08.06 19:10:39.195,0.82767,0.82786,3.23,2.55
2012.08.06 19:10:45.729,0.82766,0.82781,2.48,1.50
2012.08.06 19:10:46.314,0.82764,0.8278,1.73,1.73
2012.08.06 19:10:46.494,0.82763,0.82777,2.48,1.50
2012.08.06 19:10:50.272,0.82764,0.82777,2.85,1.50
2012.08.06 19:10:50.452,0.82764,0.8278,2.85,1.50
2012.08.06 19:10:50.516,0.82764,0.8278,1.73,1.73
2012.08.06 19:10:50.856,0.82764,0.82777,1.73,1.50
2012.08.06 19:10:53.021,0.82764,0.82779,1.73,1.73
2012.08.06 19:10:53.778,0.82764,0.82777,1.73,1.50
2012.08.06 19:10:54.329,0.82764,0.82778,1.73,3.00
2012.08.06 19:10:54.726,0.82764,0.82776,1.73,1.50
2012.08.06 19:10:54.846,0.82764,0.82779,1.73,3.23
2012.08.06 19:10:55.633,0.82764,0.82778,1.73,1.50
2012.08.06 19:10:57.857,0.82764,0.82781,5.10,1.73
2012.08.06 19:10:57.920,0.82764,0.82781,5.10,1.50
2012.08.06 19:11:01.560,0.82766,0.82783,3.23,1.50
2012.08.06 19:11:02.073,0.82766,0.82782,2.48,1.50
2012.08.06 19:11:07.786,0.82765,0.8278,1.73,1.50
2012.08.06 19:11:08.294,0.82765,0.82779,1.73,1.50
2012.08.06 19:11:08.416,0.82765,0.82779,1.73,1.50
2012.08.06 19:11:08.595,0.82765,0.82781,2.48,1.50
2012.08.06 19:11:09.254,0.82765,0.82782,2.48,1.50
2012.08.06 19:11:12.203,0.82765,0.8278,2.48,1.50
2012.08.06 19:11:12.772,0.82763,0.8278,2.48,2.17
2012.08.06 19:11:13.009,0.82764,0.8278,2.10,1.73
2012.08.06 19:11:13.360,0.82765,0.82782,1.73,1.50
2012.08.06 19:11:13.789,0.82765,0.82783,1.73,2.48
2012.08.06 19:11:14.346,0.82765,0.82782,1.73,1.50
2012.08.06 19:11:14.914,0.82765,0.82781,1.73,1.50
2012.08.06 19:11:15.302,0.82765,0.82783,1.73,2.48
2012.08.06 19:11:19.975,0.82765,0.82781,1.73,1.50
2012.08.06 19:11:20.411,0.82765,0.82783,1.73,2.48
2012.08.06 19:11:25.167,0.82766,0.82781,1.73,1.50
2012.08.06 19:11:25.875,0.82767,0.82783,1.73,1.73
2012.08.06 19:11:26.284,0.8277,0.82787,1.73,2.48
2012.08.06 19:11:26.347,0.8277,0.82787,1.73,2.25
2012.08.06 19:11:26.857,0.8277,0.82787,1.73,1.50
2012.08.06 19:11:29.377,0.82772,0.82789,2.48,2.48
2012.08.06 19:11:29.876,0.82771,0.82788,1.50,1.80
2012.08.06 19:11:30.285,0.82771,0.82788,3.23,1.42
2012.08.06 19:11:55.523,0.82769,0.82787,1.73,3.08
2012.08.06 19:11:55.648,0.82767,0.82785,3.23,2.17
2012.08.06 19:11:55.712,0.82767,0.82779,3.23,1.35
2012.08.06 19:11:56.116,0.82766,0.82774,1.50,1.50
2012.08.06 19:11:56.418,0.8276,0.82777,1.73,2.48
2012.08.06 19:11:59.439,0.82761,0.82779,2.48,1.42
2012.08.06 19:11:59.562,0.82763,0.82781,1.73,3.23
2012.08.06 19:12:00.069,0.82766,0.82782,1.50,3.15
2012.08.06 19:12:01.245,0.82765,0.82782,1.73,5.40
2012.08.06 19:12:01.484,0.82765,0.82782,3.23,2.40
2012.08.06 19:12:01.548,0.82766,0.82784,1.35,2.17
2012.08.06 19:12:01.727,0.82766,0.82782,1.35,1.50
2012.08.06 19:12:03.746,0.82764,0.82782,2.48,2.17
2012.08.06 19:12:27.302,0.82766,0.82781,1.35,2.48
2012.08.06 19:12:27.424,0.82766,0.82784,1.35,2.48
2012.08.06 19:12:27.773,0.82762,0.82781,5.70,1.20
2012.08.06 19:12:27.836,0.82762,0.82781,4.95,1.42
2012.08.06 19:12:27.899,0.82762,0.82781,4.20,1.42
2012.08.06 19:12:29.272,0.82766,0.82784,2.10,1.20
2012.08.06 19:12:31.731,0.82766,0.82784,1.35,1.42
2012.08.06 19:12:32.040,0.82763,0.82782,3.23,2.55
2012.08.06 19:12:36.362,0.82765,0.82784,3.60,1.42
2012.08.06 19:12:36.485,0.82765,0.82784,2.85,1.42
2012.08.06 19:12:41.136,0.82766,0.82782,2.48,1.42
2012.08.06 19:12:41.257,0.82767,0.82785,2.48,2.10
2012.08.06 19:12:42.002,0.8277,0.82788,1.50,2.92
2012.08.06 19:12:42.066,0.8277,0.82788,1.73,2.48
2012.08.06 19:12:42.634,0.8277,0.82789,3.98,3.60
2012.08.06 19:12:51.544,0.82774,0.82789,1.73,1.88
2012.08.06 19:12:51.666,0.82774,0.82792,2.10,1.42
2012.08.06 19:12:54.535,0.82774,0.82793,1.35,2.17
2012.08.06 19:12:56.260,0.82774,0.82794,1.35,4.80
2012.08.06 19:12:57.925,0.82774,0.82791,1.35,2.17
2012.08.06 19:12:58.046,0.82772,0.82791,3.23,3.30
2012.08.06 19:13:05.240,0.82769,0.82787,1.73,1.73
2012.08.06 19:13:34.274,0.82768,0.82785,1.73,3.30
2012.08.06 19:13:34.509,0.82767,0.82785,3.23,1.80
2012.08.06 19:13:35.205,0.82768,0.82786,2.10,2.48
2012.08.06 19:13:35.563,0.8277,0.82787,1.73,1.42
2012.08.06 19:13:42.537,0.82772,0.82789,3.60,3.67
2012.08.06 19:13:42.658,0.82772,0.8279,3.60,2.17
2012.08.06 19:13:43.261,0.82772,0.8279,3.60,1.42
2012.08.06 19:13:46.934,0.82778,0.82793,2.25,1.42
2012.08.06 19:13:46.999,0.82778,0.82795,3.23,1.73
2012.08.06 19:13:47.063,0.82778,0.82795,3.98,1.50
2012.08.06 19:13:47.592,0.82779,0.82797,3.60,1.92
2012.08.06 19:13:47.997,0.82786,0.82804,1.13,2.17
2012.08.06 19:13:48.178,0.82786,0.82804,1.35,1.42
2012.08.06 19:13:48.243,0.82786,0.82804,1.35,1.42
2012.08.06 19:13:48.364,0.82786,0.82803,1.35,2.25
2012.08.06 19:13:48.546,0.82781,0.828,3.98,1.42
2012.08.06 19:13:49.061,0.8278,0.82798,1.73,2.17
2012.08.06 19:13:49.300,0.8278,0.828,3.23,2.17
2012.08.06 19:13:58.925,0.82779,0.82798,3.23,3.30
2012.08.06 19:14:01.039,0.82781,0.82799,2.10,2.17
2012.08.06 19:14:01.102,0.82781,0.82799,2.10,2.17
2012.08.06 19:14:01.638,0.8278,0.82799,3.23,1.80
2012.08.06 19:14:01.702,0.8278,0.82799,3.23,1.80
2012.08.06 19:14:08.111,0.82779,0.82798,2.10,3.67
2012.08.06 19:14:10.206,0.82779,0.82797,2.10,1.73
2012.08.06 19:14:13.525,0.82779,0.82797,2.10,1.42
2012.08.06 19:14:14.186,0.82778,0.82796,1.35,1.95
2012.08.06 19:14:14.434,0.82777,0.82794,1.73,2.17
2012.08.06 19:14:15.946,0.82775,0.82795,4.35,1.05
2012.08.06 19:14:16.067,0.82775,0.82795,4.35,1.05
2012.08.06 19:14:21.287,0.82777,0.82793,1.50,1.42
2012.08.06 19:14:24.028,0.82776,0.82793,1.73,1.42
2012.08.06 19:14:24.149,0.82778,0.82793,1.50,1.42
2012.08.06 19:14:24.691,0.82776,0.82793,1.73,1.42
2012.08.06 19:14:24.988,0.82775,0.82795,4.95,1.05
2012.08.06 19:14:25.319,0.82778,0.82797,3.60,3.67
2012.08.06 19:14:33.555,0.82781,0.82798,3.23,1.42
2012.08.06 19:14:33.620,0.82781,0.82799,3.23,1.73
2012.08.06 19:15:18.326,0.82781,0.828,1.35,2.17
2012.08.06 19:15:18.448,0.82779,0.82799,2.85,3.15
2012.08.06 19:15:24.846,0.82781,0.82799,2.10,1.58
2012.08.06 19:15:26.133,0.82782,0.828,1.73,2.17
2012.08.06 19:15:29.555,0.82782,0.82798,1.73,1.50
2012.08.06 19:15:30.075,0.82782,0.82799,1.73,1.73
2012.08.06 19:15:30.866,0.82781,0.82797,1.35,1.50
2012.08.06 19:15:31.215,0.82778,0.82795,2.10,1.73
2012.08.06 19:15:52.445,0.82778,0.82794,1.73,1.35
2012.08.06 19:15:52.738,0.82774,0.82793,4.95,1.42
2012.08.06 19:16:00.711,0.82774,0.82788,1.35,1.95
2012.08.06 19:16:00.891,0.82771,0.82788,1.73,3.67
2012.08.06 19:16:03.036,0.8277,0.82787,1.35,2.17
2012.08.06 19:16:03.220,0.8277,0.82785,1.35,2.25
2012.08.06 19:16:03.575,0.82766,0.82783,2.48,2.48
2012.08.06 19:16:03.640,0.82765,0.82782,1.73,1.73
2012.08.06 19:16:03.705,0.82765,0.82781,1.73,1.42
2012.08.06 19:16:04.366,0.82764,0.82779,1.73,1.42
2012.08.06 19:16:06.374,0.82761,0.8278,4.35,1.42
2012.08.06 19:16:06.672,0.82761,0.82777,3.75,1.42
2012.08.06 19:16:06.989,0.82761,0.82777,2.25,1.42
2012.08.06 19:16:09.021,0.8276,0.82774,1.73,1.50
2012.08.06 19:16:09.317,0.82756,0.82773,1.73,1.42
2012.08.06 19:16:12.536,0.82754,0.82773,1.35,2.92
2012.08.06 19:16:13.885,0.82754,0.82773,1.35,2.92
2012.08.06 19:16:14.121,0.82755,0.82773,3.60,2.25
2012.08.06 19:16:28.286,0.82761,0.82779,2.10,3.23
2012.08.06 19:16:28.350,0.82761,0.82779,2.10,3.23
2012.08.06 19:16:28.876,0.82761,0.8278,1.35,1.73
2012.08.06 19:16:36.301,0.8276,0.82779,1.73,1.35
2012.08.06 19:16:36.652,0.82762,0.82779,1.35,1.73
2012.08.06 19:16:48.761,0.82764,0.82779,1.35,1.73
2012.08.06 19:16:48.942,0.82765,0.82779,1.35,1.50
2012.08.06 19:16:49.298,0.82765,0.82782,3.60,3.75
2012.08.06 19:16:50.893,0.82763,0.82781,1.73,2.92
2012.08.06 19:17:10.714,0.82764,0.82777,1.35,2.25
2012.08.06 19:17:11.070,0.82764,0.8278,1.35,2.25
2012.08.06 19:17:11.951,0.82764,0.82778,1.35,1.50
2012.08.06 19:17:19.293,0.82764,0.82781,1.35,3.75
2012.08.06 19:17:40.704,0.82764,0.82782,2.10,1.20
2012.08.06 19:18:15.314,0.82764,0.8278,2.10,1.50
2012.08.06 19:18:27.059,0.82764,0.82782,2.10,3.75
2012.08.06 19:18:27.672,0.82764,0.8278,2.10,1.50
2012.08.06 19:18:33.381,0.82764,0.82782,1.35,2.70
2012.08.06 19:18:35.079,0.82762,0.82778,2.10,1.50
2012.08.06 19:18:35.651,0.82762,0.82778,1.35,1.50
2012.08.06 19:18:35.714,0.82762,0.82781,1.35,3.23
2012.08.06 19:18:37.488,0.82762,0.82781,1.35,1.73
2012.08.06 19:18:40.799,0.82762,0.82781,1.35,1.73
2012.08.06 19:18:41.128,0.82762,0.82781,1.35,1.73
2012.08.06 19:18:44.223,0.82761,0.82776,1.13,2.17
2012.08.06 19:18:44.286,0.8276,0.82776,2.48,2.17
2012.08.06 19:18:44.407,0.82758,0.82776,3.98,2.17
2012.08.06 19:18:44.586,0.82758,0.82776,3.23,1.50
2012.08.06 19:18:48.208,0.82759,0.82777,1.35,3.23
2012.08.06 19:19:04.672,0.82759,0.82778,3.23,3.67
2012.08.06 19:19:04.738,0.82761,0.82778,1.35,3.00
2012.08.06 19:19:06.559,0.82759,0.82778,3.23,2.92
2012.08.06 19:19:06.623,0.82759,0.82778,3.23,2.92
2012.08.06 19:19:13.380,0.82758,0.82777,4.35,2.48
2012.08.06 19:19:15.279,0.82759,0.82778,3.23,3.67
2012.08.06 19:19:58.164,0.82757,0.82775,2.48,1.50
2012.08.06 19:19:58.399,0.82758,0.82775,2.25,1.73
2012.08.06 19:19:58.635,0.82758,0.82775,1.13,2.17
2012.08.06 19:19:58.870,0.82759,0.82775,1.35,1.50
2012.08.06 19:20:01.773,0.82758,0.82774,2.85,2.25
2012.08.06 19:20:02.068,0.82756,0.82772,2.48,1.50
2012.08.06 19:20:02.189,0.82758,0.82776,1.35,4.42
2012.08.06 19:20:02.368,0.82758,0.82776,2.85,3.00
2012.08.06 19:20:08.000,0.82758,0.82776,1.73,1.88
2012.08.06 19:20:08.238,0.82754,0.82772,1.73,1.73
2012.08.06 19:20:13.855,0.82755,0.82772,1.35,1.73
2012.08.06 19:20:13.921,0.82757,0.82773,1.13,3.23
2012.08.06 19:20:14.162,0.82759,0.82773,2.10,2.25
2012.08.06 19:20:14.342,0.82761,0.82773,1.50,1.50
2012.08.06 19:20:14.406,0.82761,0.82773,1.50,2.25
2012.08.06 19:20:14.882,0.82759,0.82777,1.50,1.73
2012.08.06 19:20:15.428,0.82758,0.82776,3.23,2.48
2012.08.06 19:20:22.461,0.82759,0.82776,1.13,3.98
2012.08.06 19:20:22.813,0.8276,0.82777,1.35,1.50
2012.08.06 19:20:23.348,0.8276,0.82777,1.35,1.50
2012.08.06 19:20:24.379,0.8276,0.82779,2.85,3.98
2012.08.06 19:20:25.978,0.82762,0.82779,2.10,2.48
2012.08.06 19:20:26.287,0.82763,0.82781,1.35,2.25
2012.08.06 19:20:26.634,0.82764,0.82782,1.35,4.50
2012.08.06 19:20:26.927,0.82764,0.8278,1.13,1.73
2012.08.06 19:20:27.481,0.82762,0.8278,1.73,2.92
2012.08.06 19:20:30.385,0.8276,0.82778,1.35,3.98
2012.08.06 19:20:32.419,0.8276,0.82777,1.35,1.50
2012.08.06 19:20:32.656,0.82756,0.82775,3.98,2.48
2012.08.06 19:20:33.487,0.82756,0.82775,3.98,3.23
2012.08.06 19:20:38.258,0.82759,0.82775,1.35,2.25
2012.08.06 19:20:38.380,0.82759,0.82778,2.85,4.95
2012.08.06 19:20:38.792,0.82759,0.82775,2.85,1.50
2012.08.06 19:20:40.247,0.82759,0.82777,2.10,2.25
2012.08.06 19:20:40.540,0.82759,0.82775,2.10,1.50
2012.08.06 19:20:41.853,0.82759,0.82777,2.10,2.25
2012.08.06 19:20:44.149,0.82759,0.82775,2.10,1.50
2012.08.06 19:20:44.513,0.82759,0.82777,2.10,1.50
2012.08.06 19:20:45.057,0.82759,0.82776,2.10,1.50
2012.08.06 19:20:47.233,0.82759,0.82777,2.10,1.50
2012.08.06 19:20:49.414,0.82759,0.82771,1.73,1.50
2012.08.06 19:20:49.595,0.82754,0.8277,1.73,1.73
2012.08.06 19:20:50.128,0.82754,0.8277,1.73,1.73
2012.08.06 19:20:51.809,0.82755,0.82772,1.50,1.42
2012.08.06 19:20:53.236,0.82755,0.82772,2.25,1.42
2012.08.06 19:20:55.642,0.82755,0.82772,3.98,1.42
2012.08.06 19:20:55.705,0.82755,0.82772,3.98,1.20
2012.08.06 19:20:56.089,0.82759,0.82777,3.00,1.42
2012.08.06 19:21:07.353,0.82761,0.82777,2.25,1.42
2012.08.06 19:21:08.252,0.82758,0.82775,2.10,2.92
2012.08.06 19:21:17.377,0.82759,0.82773,1.35,1.50
2012.08.06 19:21:19.922,0.82755,0.82773,1.73,2.25
2012.08.06 19:21:20.217,0.82754,0.82772,2.48,2.10
2012.08.06 19:21:20.397,0.8275,0.82768,1.73,2.48
2012.08.06 19:21:23.559,0.82751,0.82768,1.73,1.73
2012.08.06 19:21:23.682,0.82755,0.82768,1.73,1.50
2012.08.06 19:21:24.235,0.82755,0.82771,1.73,1.73
2012.08.06 19:21:24.747,0.82754,0.82771,3.23,1.73
2012.08.06 19:21:29.748,0.82754,0.82772,3.98,1.42
2012.08.06 19:21:30.394,0.82755,0.82775,2.48,4.05
2012.08.06 19:21:30.574,0.82756,0.82775,2.25,2.55
2012.08.06 19:21:30.637,0.82756,0.82775,2.48,2.55
2012.08.06 19:21:32.698,0.82756,0.82772,2.10,1.20
2012.08.06 19:21:32.764,0.82755,0.82772,3.23,1.42
2012.08.06 19:21:33.278,0.82754,0.82772,3.23,2.92
2012.08.06 19:21:35.147,0.82755,0.82772,1.35,3.23
2012.08.06 19:21:35.329,0.82756,0.82772,2.85,1.50
2012.08.06 19:21:35.392,0.82756,0.82775,4.35,4.42
2012.08.06 19:21:35.909,0.82756,0.82774,2.85,1.50
2012.08.06 19:21:46.026,0.82755,0.82774,2.48,2.10
2012.08.06 19:21:46.573,0.82755,0.82773,1.73,3.67
2012.08.06 19:21:47.864,0.82754,0.82773,2.48,2.17
2012.08.06 19:21:56.764,0.82755,0.82772,3.23,1.05
2012.08.06 19:21:57.121,0.82753,0.82769,2.25,2.55
2012.08.06 19:21:57.185,0.8275,0.82769,2.25,1.05
2012.08.06 19:21:58.858,0.82751,0.8277,2.10,2.92
2012.08.06 19:21:59.393,0.82756,0.82773,1.50,2.17
2012.08.06 19:21:59.516,0.82756,0.82773,1.73,2.17
2012.08.06 19:22:01.480,0.82757,0.82774,1.73,1.42
2012.08.06 19:22:01.950,0.82758,0.82777,1.35,2.70
2012.08.06 19:22:02.598,0.82758,0.82777,1.35,2.70
2012.08.06 19:22:19.092,0.82758,0.82777,2.10,2.25
2012.08.06 19:22:19.212,0.82759,0.82778,1.73,2.17
2012.08.06 19:22:32.406,0.82759,0.82778,1.35,2.92
2012.08.06 19:22:38.377,0.82759,0.82778,2.10,2.92
2012.08.06 19:22:54.303,0.82759,0.82775,2.85,1.50
2012.08.06 19:22:55.303,0.82759,0.82777,2.85,2.25
2012.08.06 19:23:00.941,0.82759,0.82778,2.85,2.48
2012.08.06 19:23:12.161,0.82759,0.82776,2.10,1.50
2012.08.06 19:23:12.347,0.82756,0.82775,2.48,2.33
2012.08.06 19:23:25.699,0.82756,0.82775,2.48,1.58
2012.08.06 19:23:26.213,0.82759,0.82777,1.50,2.17
2012.08.06 19:23:26.746,0.82758,0.82777,4.88,1.73
2012.08.06 19:23:26.929,0.82758,0.82777,4.35,1.50
2012.08.06 19:23:28.412,0.82758,0.82776,3.23,1.50
2012.08.06 19:23:28.591,0.82758,0.82776,2.25,1.73
2012.08.06 19:23:30.310,0.82757,0.82776,3.23,3.23
2012.08.06 19:23:30.552,0.82755,0.82774,3.23,2.48
2012.08.06 19:23:31.097,0.82754,0.82774,3.98,2.48
2012.08.06 19:23:32.524,0.82755,0.82774,1.73,4.42
2012.08.06 19:23:40.761,0.82756,0.82773,1.50,1.73
2012.08.06 19:23:43.026,0.82755,0.82773,1.73,1.73
2012.08.06 19:23:51.567,0.82757,0.82773,1.50,1.73
2012.08.06 19:23:52.268,0.82754,0.82773,4.73,1.73
2012.08.06 19:23:52.778,0.82756,0.82773,1.50,1.73
2012.08.06 19:23:54.150,0.82755,0.82772,1.73,1.73
2012.08.06 19:23:57.391,0.82752,0.82771,3.23,2.48
2012.08.06 19:23:57.573,0.82752,0.82768,1.50,2.48
2012.08.06 19:23:57.637,0.8275,0.82768,1.58,2.48
2012.08.06 19:24:01.928,0.82752,0.82769,1.50,2.48
2012.08.06 19:24:02.516,0.82753,0.8277,1.50,1.42
2012.08.06 19:24:03.005,0.82751,0.8277,3.23,1.42
2012.08.06 19:24:06.820,0.82751,0.8277,1.73,1.42
2012.08.06 19:24:10.711,0.82751,0.8277,1.73,1.42
2012.08.06 19:24:10.775,0.82754,0.8277,1.50,1.42
2012.08.06 19:24:11.335,0.82755,0.82773,1.50,1.73
2012.08.06 19:24:30.828,0.82756,0.82773,1.50,1.73
2012.08.06 19:24:38.206,0.82756,0.82774,1.50,1.42
2012.08.06 19:24:38.385,0.82758,0.82776,1.73,3.67
2012.08.06 19:24:39.973,0.82758,0.82777,3.60,1.73
2012.08.06 19:24:40.037,0.82758,0.82777,3.60,1.73
2012.08.06 19:24:42.890,0.82763,0.82779,1.50,2.17
2012.08.06 19:24:43.671,0.82764,0.82779,1.50,2.17
2012.08.06 19:24:43.793,0.82762,0.82779,1.50,2.17
2012.08.06 19:24:44.522,0.8276,0.82779,2.48,2.17
2012.08.06 19:24:45.669,0.82759,0.82778,3.23,1.73
2012.08.06 19:24:48.868,0.82763,0.82778,1.50,1.73
2012.08.06 19:24:51.673,0.82761,0.82778,3.23,1.73
2012.08.06 19:24:52.460,0.82763,0.82779,1.50,2.17
2012.08.06 19:24:52.580,0.82761,0.82779,1.73,2.17
2012.08.06 19:24:53.116,0.82763,0.82778,1.50,1.73
2012.08.06 19:24:54.572,0.82764,0.8278,1.73,1.88
2012.08.06 19:24:56.025,0.82763,0.82779,1.73,1.50
2012.08.06 19:24:56.513,0.82762,0.82779,2.25,2.17
2012.08.06 19:24:59.455,0.82759,0.82779,3.23,2.17
2012.08.06 19:24:59.918,0.82763,0.82779,1.50,2.17
2012.08.06 19:25:02.746,0.82761,0.82779,1.73,1.42
2012.08.06 19:25:09.743,0.82758,0.82778,3.23,3.08
2012.08.06 19:25:12.878,0.82758,0.82776,3.98,1.42
2012.08.06 19:25:14.437,0.82758,0.82776,3.23,1.42
2012.08.06 19:25:23.057,0.82758,0.82776,4.35,1.20
2012.08.06 19:25:52.605,0.82759,0.82777,1.73,2.17
2012.08.06 19:25:52.956,0.82762,0.82777,1.50,1.42
2012.08.06 19:25:53.459,0.8276,0.82777,2.48,1.42
2012.08.06 19:25:53.994,0.8276,0.82777,2.48,1.42
2012.08.06 19:25:54.519,0.8276,0.82777,1.73,1.42
2012.08.06 19:25:56.416,0.82761,0.82777,1.50,2.17
2012.08.06 19:25:56.974,0.8276,0.82777,1.73,2.17
2012.08.06 19:26:08.694,0.82759,0.82777,2.48,1.42
2012.08.06 19:26:31.413,0.82759,0.82777,1.73,2.17
2012.08.06 19:26:31.477,0.82758,0.82776,2.70,2.70
2012.08.06 19:26:31.658,0.82757,0.82772,1.73,1.50
2012.08.06 19:26:31.783,0.82756,0.82772,1.50,1.73
2012.08.06 19:26:32.136,0.82755,0.8277,1.73,1.73
2012.08.06 19:26:59.044,0.82757,0.82774,1.50,1.80
2012.08.06 19:26:59.347,0.82762,0.82777,1.73,1.73
2012.08.06 19:26:59.470,0.82763,0.82777,4.58,1.50
2012.08.06 19:26:59.594,0.82765,0.82781,2.25,2.92
2012.08.06 19:27:00.265,0.82764,0.82781,1.35,2.92
2012.08.06 19:27:08.270,0.82764,0.82781,1.35,2.17
2012.08.06 19:27:15.052,0.82764,0.8278,2.10,2.25
2012.08.06 19:27:19.452,0.82764,0.8278,1.35,2.25
2012.08.06 19:27:19.629,0.82763,0.8278,1.73,2.25
2012.08.06 19:27:19.694,0.82763,0.82776,1.73,1.50
2012.08.06 19:27:19.934,0.82761,0.82776,1.73,1.50
2012.08.06 19:27:24.744,0.82761,0.82777,1.50,1.42
2012.08.06 19:27:25.300,0.82761,0.82778,1.50,1.42
2012.08.06 19:27:28.720,0.82763,0.82779,1.50,2.48
2012.08.06 19:27:29.224,0.82761,0.82779,4.73,2.48
2012.08.06 19:27:29.486,0.82764,0.8278,1.50,2.17
2012.08.06 19:27:29.550,0.82764,0.8278,1.73,1.95
2012.08.06 19:27:30.681,0.82765,0.82779,1.73,1.50
2012.08.06 19:27:30.882,0.82765,0.82781,1.73,1.42
2012.08.06 19:27:31.362,0.82761,0.82778,2.33,1.95
2012.08.06 19:27:31.426,0.82761,0.82778,2.33,2.17
2012.08.06 19:27:32.049,0.82764,0.82778,1.50,1.42
2012.08.06 19:27:32.229,0.82762,0.82778,2.25,1.42
2012.08.06 19:27:33.504,0.82763,0.82778,1.50,1.42
2012.08.06 19:27:34.863,0.82763,0.82778,1.50,1.42
2012.08.06 19:27:35.692,0.82763,0.82779,1.50,2.17
2012.08.06 19:27:37.384,0.82763,0.82778,1.50,1.42
2012.08.06 19:27:37.951,0.82761,0.82778,2.33,1.42
2012.08.06 19:27:38.074,0.82762,0.82778,3.00,1.42
2012.08.06 19:27:38.610,0.82765,0.82779,1.73,1.50
2012.08.06 19:27:39.682,0.82765,0.82781,1.73,2.92
2012.08.06 19:27:44.626,0.82765,0.82781,1.50,2.92
2012.08.06 19:27:45.692,0.82765,0.82781,1.50,2.92
2012.08.06 19:27:47.017,0.82765,0.82781,1.50,2.17
2012.08.06 19:27:48.448,0.82765,0.82781,1.50,2.92
2012.08.06 19:27:49.567,0.82765,0.82781,1.50,2.17
2012.08.06 19:27:50.187,0.82764,0.82779,1.73,1.20
2012.08.06 19:27:50.425,0.82762,0.82779,2.25,2.92
2012.08.06 19:27:52.205,0.82762,0.82779,2.25,1.73
2012.08.06 19:27:52.270,0.82764,0.8278,1.73,1.50
2012.08.06 19:27:52.789,0.82764,0.8278,1.73,1.50
2012.08.06 19:27:53.600,0.82764,0.8278,1.73,1.50
2012.08.06 19:27:54.191,0.82764,0.8278,1.73,1.50
2012.08.06 19:27:54.878,0.82764,0.82781,1.73,2.85
2012.08.06 19:27:58.474,0.82765,0.82781,1.50,1.35
2012.08.06 19:27:59.008,0.82768,0.82783,1.50,4.15
2012.08.06 19:27:59.363,0.82768,0.82783,1.73,3.18
2012.08.06 19:28:01.004,0.82765,0.82782,2.33,1.20
2012.08.06 19:28:01.126,0.82765,0.82782,2.10,3.10
2012.08.06 19:28:06.391,0.82765,0.82781,1.50,1.42
2012.08.06 19:28:07.742,0.82765,0.8278,1.50,1.50
2012.08.06 19:28:08.984,0.82765,0.8278,3.00,1.50
2012.08.06 19:28:09.922,0.82765,0.82781,1.50,1.73
2012.08.06 19:28:11.445,0.82765,0.82779,1.50,1.50
2012.08.06 19:28:11.683,0.82764,0.82779,1.73,1.50
2012.08.06 19:28:12.211,0.8276,0.82778,2.33,2.48
2012.08.06 19:28:13.111,0.8276,0.82777,2.33,1.73
2012.08.06 19:28:21.424,0.8276,0.82777,1.73,1.73
2012.08.06 19:28:26.322,0.82761,0.82778,2.48,1.73
2012.08.06 19:28:26.623,0.82764,0.82782,3.00,4.90
2012.08.06 19:28:26.688,0.82764,0.82782,3.23,2.48
2012.08.06 19:28:26.753,0.82767,0.82782,1.73,2.25
2012.08.06 19:28:27.007,0.82767,0.82783,2.85,3.62
2012.08.06 19:28:27.590,0.82767,0.82782,1.35,1.68
2012.08.06 19:28:29.566,0.82766,0.82782,2.10,1.68
2012.08.06 19:28:30.100,0.82766,0.82783,1.73,3.85
2012.08.06 19:28:31.315,0.82766,0.82783,1.73,3.40
2012.08.06 19:28:31.899,0.82766,0.82783,1.73,3.40
2012.08.06 19:28:38.233,0.82767,0.82782,3.23,2.43
2012.08.06 19:28:39.599,0.82767,0.82783,3.23,2.43
2012.08.06 19:28:43.419,0.82767,0.82783,3.23,2.12
2012.08.06 19:28:44.445,0.82767,0.82782,3.23,1.68
2012.08.06 19:28:47.518,0.82767,0.82783,1.73,1.68
2012.08.06 19:28:58.712,0.82767,0.82782,1.73,1.68
2012.08.06 19:29:00.104,0.82767,0.82783,1.73,2.43
2012.08.06 19:29:01.415,0.82768,0.82783,1.73,2.87
2012.08.06 19:29:06.051,0.82768,0.82782,1.73,1.68
2012.08.06 19:29:11.657,0.82767,0.82783,1.73,2.12
2012.08.06 19:29:16.479,0.82767,0.82782,2.10,1.68
2012.08.06 19:29:18.081,0.82767,0.82783,2.10,2.12
2012.08.06 19:29:18.262,0.82768,0.82783,2.48,2.12
2012.08.06 19:29:18.617,0.82771,0.82784,2.85,2.43
2012.08.06 19:29:18.935,0.82773,0.82785,1.73,1.68
2012.08.06 19:29:19.001,0.82773,0.82785,1.73,1.68
2012.08.06 19:29:19.546,0.82775,0.82788,1.13,1.60
2012.08.06 19:29:20.066,0.82776,0.82789,2.48,2.43
2012.08.06 19:29:20.250,0.82776,0.82789,2.48,1.50
2012.08.06 19:29:20.491,0.82774,0.82789,2.25,1.73
2012.08.06 19:29:26.986,0.82771,0.82789,2.48,3.30
2012.08.06 19:29:27.051,0.8277,0.82788,2.25,2.17
2012.08.06 19:29:30.120,0.82768,0.82784,4.73,1.50
2012.08.06 19:29:30.242,0.82768,0.82784,3.23,1.95
2012.08.06 19:29:30.364,0.82768,0.82784,3.00,2.17
2012.08.06 19:29:31.858,0.82768,0.82785,1.50,2.85
2012.08.06 19:29:32.101,0.8277,0.82787,1.50,2.92
2012.08.06 19:29:34.549,0.8277,0.82784,1.50,1.50
2012.08.06 19:29:35.221,0.8277,0.82787,1.50,2.17
2012.08.06 19:29:39.655,0.8277,0.82788,2.25,4.42
2012.08.06 19:29:40.784,0.8277,0.82785,2.25,1.73
2012.08.06 19:29:43.329,0.8277,0.82785,1.50,1.73
2012.08.06 19:29:54.721,0.82772,0.82788,1.13,3.98
2012.08.06 19:29:54.787,0.82773,0.82788,1.73,3.00
2012.08.06 19:29:56.990,0.82773,0.8279,2.48,3.98
2012.08.06 19:29:58.507,0.82773,0.82788,2.48,1.50
2012.08.06 19:30:01.721,0.82774,0.8279,3.00,2.17
2012.08.06 19:30:01.791,0.82777,0.82794,2.48,3.67
2012.08.06 19:30:02.295,0.82777,0.82794,1.73,1.42
2012.08.06 19:30:02.841,0.82777,0.82795,1.73,2.92
2012.08.06 19:30:04.018,0.82777,0.82792,1.73,1.50
2012.08.06 19:30:04.585,0.82777,0.82793,1.73,1.42
2012.08.06 19:30:05.490,0.82778,0.82792,1.50,1.50
2012.08.06 19:30:05.788,0.82777,0.82794,2.48,1.42
2012.08.06 19:30:06.503,0.82777,0.82792,2.48,1.50
2012.08.06 19:30:07.156,0.82777,0.82794,3.98,1.42
2012.08.06 19:30:07.677,0.82778,0.82795,1.50,1.05
2012.08.06 19:30:07.918,0.8278,0.82795,1.73,1.95
2012.08.06 19:30:08.550,0.8278,0.82794,1.73,1.50
2012.08.06 19:30:12.936,0.82779,0.82798,2.10,3.67
2012.08.06 19:30:13.311,0.8278,0.82793,1.73,1.50
2012.08.06 19:30:13.430,0.8278,0.82796,1.73,2.17
2012.08.06 19:30:15.027,0.82781,0.82796,1.73,2.17
2012.08.06 19:30:19.854,0.82781,0.82795,1.73,1.50
2012.08.06 19:30:20.211,0.82781,0.82795,1.73,1.50
2012.08.06 19:30:20.388,0.82781,0.82795,1.73,1.50
2012.08.06 19:30:22.419,0.82782,0.82795,1.50,2.25
2012.08.06 19:30:22.771,0.82778,0.82792,1.73,1.50
2012.08.06 19:30:22.835,0.82778,0.82792,1.73,1.50
2012.08.06 19:30:24.252,0.82778,0.82794,1.73,1.95
2012.08.06 19:30:28.072,0.82778,0.82794,1.73,1.20
2012.08.06 19:30:28.953,0.82778,0.82796,1.73,1.42
2012.08.06 19:30:30.007,0.82778,0.82794,1.73,2.70
2012.08.06 19:30:30.925,0.82778,0.82795,1.73,1.42
2012.08.06 19:30:33.796,0.82778,0.82795,1.73,1.42
2012.08.06 19:30:34.144,0.82778,0.82796,1.73,2.92
2012.08.06 19:30:34.568,0.82778,0.82796,1.73,2.92
2012.08.06 19:30:36.015,0.82778,0.82796,1.73,2.17
2012.08.06 19:30:45.947,0.82778,0.82796,1.73,2.17
2012.08.06 19:30:46.066,0.82778,0.82796,1.73,2.17
2012.08.06 19:31:01.324,0.82778,0.82795,2.48,1.42
2012.08.06 19:31:04.350,0.82779,0.82795,1.50,1.42
2012.08.06 19:31:11.455,0.82778,0.82795,3.98,1.42
2012.08.06 19:31:17.408,0.82778,0.82797,3.98,3.67
2012.08.06 19:31:19.817,0.8278,0.82797,3.00,1.80
2012.08.06 19:31:22.104,0.8278,0.82797,2.25,1.80
2012.08.06 19:31:23.875,0.8278,0.82797,2.25,1.05
2012.08.06 19:31:24.385,0.8278,0.82797,3.00,1.05
2012.08.06 19:31:26.185,0.8278,0.82797,2.25,1.05
2012.08.06 19:31:26.691,0.8278,0.82797,3.00,1.05
2012.08.06 19:31:28.288,0.8278,0.82797,2.25,1.05
2012.08.06 19:31:29.033,0.8278,0.82797,2.25,1.05
2012.08.06 19:31:35.359,0.82779,0.82797,2.25,1.42
2012.08.06 19:31:35.944,0.82779,0.82797,2.25,1.42
2012.08.06 19:31:41.375,0.82779,0.82797,2.25,1.42
2012.08.06 19:31:42.935,0.8278,0.82798,2.25,3.30
2012.08.06 19:31:43.112,0.8278,0.82798,1.50,3.30
2012.08.06 19:31:43.349,0.82779,0.82798,3.00,4.80
2012.08.06 19:31:46.705,0.8278,0.82798,2.25,1.80
2012.08.06 19:31:48.853,0.82783,0.82801,3.00,3.52
2012.08.06 19:31:49.445,0.82783,0.82801,3.00,3.52
2012.08.06 19:31:57.525,0.82786,0.82799,1.73,1.50
2012.08.06 19:31:57.589,0.82786,0.82803,1.73,2.17
2012.08.06 19:31:57.899,0.82785,0.82801,1.73,1.42
2012.08.06 19:31:58.431,0.82785,0.82801,2.85,2.17
2012.08.06 19:31:58.495,0.82786,0.82803,1.73,1.42
2012.08.06 19:31:58.733,0.82786,0.82803,1.73,1.42
2012.08.06 19:32:01.275,0.82786,0.82803,1.73,2.17
2012.08.06 19:32:01.697,0.82786,0.82804,2.48,2.92
2012.08.06 19:32:02.377,0.82786,0.82803,1.73,2.17
2012.08.06 19:32:05.380,0.82786,0.82803,1.50,2.92
2012.08.06 19:32:05.855,0.82786,0.82803,2.25,2.92
2012.08.06 19:32:10.916,0.82786,0.82801,2.25,1.50
2012.08.06 19:32:11.218,0.82782,0.82798,1.50,1.42
2012.08.06 19:32:11.506,0.82782,0.82799,2.48,1.42
2012.08.06 19:32:11.834,0.82783,0.828,1.50,1.42
2012.08.06 19:32:12.190,0.82785,0.82801,2.85,2.17
2012.08.06 19:32:12.369,0.82786,0.82801,1.73,2.17
2012.08.06 19:32:13.021,0.82786,0.82802,1.73,2.36
2012.08.06 19:32:30.899,0.82785,0.82804,2.63,1.42
2012.08.06 19:32:31.137,0.82784,0.82801,2.25,1.42
2012.08.06 19:32:31.564,0.82786,0.82801,1.50,2.17
2012.08.06 19:32:31.685,0.82786,0.82802,1.73,1.42
2012.08.06 19:32:37.159,0.82786,0.82802,1.73,2.17
2012.08.06 19:32:42.225,0.82786,0.82802,1.73,2.17
2012.08.06 19:32:42.757,0.82786,0.82804,2.10,2.17
2012.08.06 19:33:04.315,0.82787,0.82804,2.25,1.42
2012.08.06 19:33:09.505,0.82787,0.82804,1.50,1.42
2012.08.06 19:33:10.016,0.82787,0.82804,3.00,1.42
2012.08.06 19:33:33.091,0.82785,0.82803,2.85,1.42
2012.08.06 19:33:34.709,0.82785,0.82803,2.85,2.17
2012.08.06 19:33:37.226,0.82788,0.82805,1.50,2.55
2012.08.06 19:33:37.583,0.82793,0.82807,1.73,1.50
2012.08.06 19:33:38.118,0.82793,0.8281,2.48,2.01
2012.08.06 19:33:40.000,0.82793,0.82808,3.98,1.03
2012.08.06 19:33:40.527,0.8279,0.82807,3.23,1.26
2012.08.06 19:33:40.618,0.8279,0.82807,3.23,1.26
2012.08.06 19:33:41.632,0.82793,0.82807,1.50,1.26
2012.08.06 19:33:41.826,0.8279,0.82808,4.73,1.26
2012.08.06 19:33:42.879,0.82789,0.82807,4.35,1.26
2012.08.06 19:33:43.803,0.82791,0.82807,2.25,1.26
2012.08.06 19:33:46.977,0.82791,0.82808,3.00,1.26
2012.08.06 19:33:47.041,0.82791,0.82808,3.60,1.03
2012.08.06 19:33:48.656,0.82793,0.82808,1.73,1.03
2012.08.06 19:33:49.976,0.82792,0.82808,3.98,1.03
2012.08.06 19:33:51.785,0.82793,0.82808,2.48,1.03
2012.08.06 19:33:52.300,0.82793,0.82808,2.48,1.03
2012.08.06 19:33:52.853,0.82795,0.82808,2.25,1.03
2012.08.06 19:33:53.378,0.82793,0.82808,3.98,1.03
2012.08.06 19:33:53.836,0.82794,0.82808,1.73,1.03
2012.08.06 19:33:54.192,0.82798,0.82815,1.35,1.42
2012.08.06 19:33:54.432,0.828,0.82816,1.73,1.20
2012.08.06 19:33:54.989,0.828,0.82817,1.73,2.92
2012.08.06 19:33:57.165,0.828,0.82813,1.73,1.50
2012.08.06 19:33:57.291,0.828,0.82815,1.73,1.95
2012.08.06 19:33:57.859,0.828,0.82816,1.73,2.17
2012.08.06 19:33:58.937,0.82799,0.82816,1.35,2.92
2012.08.06 19:33:59.294,0.82796,0.82811,1.73,1.95
2012.08.06 19:33:59.474,0.82796,0.8281,1.50,2.17
2012.08.06 19:34:00.424,0.82794,0.82808,1.50,1.50
2012.08.06 19:34:00.982,0.82794,0.82808,1.50,1.50
2012.08.06 19:34:01.570,0.82792,0.82811,2.85,2.92
2012.08.06 19:34:04.834,0.82792,0.82808,2.85,1.50
2012.08.06 19:34:05.384,0.82792,0.8281,2.85,2.17
2012.08.06 19:34:08.075,0.82792,0.8281,2.48,4.05
2012.08.06 19:34:10.056,0.82794,0.82809,2.25,1.42
2012.08.06 19:34:10.409,0.82794,0.82811,3.60,2.17
2012.08.06 19:34:10.660,0.82799,0.82811,1.50,1.42
2012.08.06 19:34:10.896,0.82799,0.82811,1.50,1.42
2012.08.06 19:34:11.257,0.82794,0.82811,1.73,1.80
2012.08.06 19:34:11.970,0.82793,0.8281,2.25,1.42
2012.08.06 19:34:12.704,0.82795,0.8281,1.50,1.42
2012.08.06 19:34:13.800,0.82794,0.82811,2.48,1.05
2012.08.06 19:34:13.926,0.82794,0.82811,3.23,1.05
2012.08.06 19:34:19.358,0.82795,0.8281,1.73,1.80
2012.08.06 19:34:19.914,0.82795,0.82813,2.48,3.52
2012.08.06 19:34:22.705,0.82795,0.8281,1.73,1.42
2012.08.06 19:34:22.887,0.82793,0.82807,1.50,1.73
2012.08.06 19:34:23.344,0.82791,0.82809,1.50,2.77
2012.08.06 19:34:25.788,0.8279,0.82806,1.73,1.65
2012.08.06 19:34:25.969,0.82789,0.82805,1.50,2.92
2012.08.06 19:34:26.498,0.82788,0.82805,1.50,2.92
2012.08.06 19:34:27.237,0.82788,0.82805,1.50,2.92
2012.08.06 19:34:29.518,0.82788,0.82805,1.50,2.92
2012.08.06 19:34:29.875,0.82793,0.82811,2.10,2.17
2012.08.06 19:34:29.997,0.82794,0.82811,1.73,2.17
2012.08.06 19:34:31.506,0.82794,0.82811,1.73,2.92
2012.08.06 19:34:32.098,0.82794,0.82811,1.73,2.92
2012.08.06 19:34:32.255,0.82794,0.8281,1.73,1.42
2012.08.06 19:34:35.286,0.82794,0.82811,1.73,2.17
2012.08.06 19:34:35.817,0.82794,0.82811,1.73,2.17
2012.08.06 19:34:37.242,0.82794,0.8281,1.73,1.42
2012.08.06 19:34:39.164,0.82794,0.8281,1.73,1.42
2012.08.06 19:34:39.897,0.82793,0.8281,2.10,1.42
2012.08.06 19:35:09.562,0.82793,0.8281,2.48,3.67
2012.08.06 19:35:11.448,0.82791,0.82809,4.73,1.20
2012.08.06 19:35:11.803,0.82791,0.82807,2.48,1.42
2012.08.06 19:35:13.971,0.82791,0.82806,3.23,1.42
2012.08.06 19:35:14.358,0.82791,0.82806,3.00,1.20
2012.08.06 19:35:14.931,0.82791,0.82806,1.50,1.20
2012.08.06 19:35:23.482,0.8279,0.82804,2.48,1.20
2012.08.06 19:35:24.035,0.82789,0.82801,1.35,1.20
2012.08.06 19:35:24.103,0.82787,0.82801,1.50,1.42
2012.08.06 19:35:24.766,0.82785,0.82801,1.88,1.42
2012.08.06 19:35:24.889,0.82789,0.82801,1.50,1.42
2012.08.06 19:35:25.750,0.82787,0.82801,1.50,1.42
2012.08.06 19:35:26.942,0.82786,0.82801,1.73,2.17
2012.08.06 19:35:29.661,0.82787,0.82801,1.13,1.73
2012.08.06 19:35:29.787,0.82789,0.82805,2.48,2.25
2012.08.06 19:35:30.162,0.82791,0.82805,1.50,1.50
2012.08.06 19:35:30.342,0.82789,0.82805,2.48,1.50
2012.08.06 19:35:30.698,0.82789,0.82806,3.23,1.42
2012.08.06 19:35:36.940,0.82788,0.82803,1.73,1.20
2012.08.06 19:35:37.123,0.82788,0.82802,1.50,1.73
2012.08.06 19:35:41.631,0.82786,0.82803,1.88,2.17
2012.08.06 19:35:53.809,0.82785,0.82801,1.35,1.20
2012.08.06 19:35:53.992,0.82781,0.82798,2.48,1.73
2012.08.06 19:35:54.115,0.82781,0.82798,2.48,1.73
2012.08.06 19:35:55.882,0.82781,0.82799,2.48,4.42
2012.08.06 19:35:57.147,0.82781,0.82795,2.48,2.63
2012.08.06 19:35:57.270,0.82781,0.82794,1.73,1.88
2012.08.06 19:35:57.394,0.82775,0.82792,3.00,1.42
2012.08.06 19:35:57.872,0.82774,0.82788,1.50,1.50
2012.08.06 19:35:57.938,0.82773,0.82789,1.73,2.25
2012.08.06 19:35:58.120,0.82772,0.82787,1.50,2.17
2012.08.06 19:35:58.244,0.82772,0.82787,1.50,2.55
2012.08.06 19:35:58.368,0.8277,0.82784,1.73,1.95
2012.08.06 19:35:58.493,0.82768,0.82785,2.48,2.70
2012.08.06 19:35:58.675,0.82768,0.82783,1.50,2.17
2012.08.06 19:35:59.363,0.82768,0.82783,1.50,1.73
2012.08.06 19:35:59.547,0.82768,0.82783,1.50,1.73
2012.08.06 19:35:59.611,0.82768,0.82785,1.73,1.73
2012.08.06 19:36:07.724,0.82771,0.82787,1.73,3.23
2012.08.06 19:36:07.788,0.82772,0.82787,1.13,2.48
2012.08.06 19:36:07.909,0.8277,0.82787,2.48,3.00
2012.08.06 19:36:08.263,0.8277,0.82785,1.73,2.48
2012.08.06 19:36:14.084,0.82769,0.82786,1.88,1.42
2012.08.06 19:36:14.209,0.82767,0.82782,2.48,1.42
2012.08.06 19:36:15.208,0.82768,0.82783,1.50,2.48
2012.08.06 19:36:15.274,0.82768,0.82783,2.48,2.25
2012.08.06 19:36:15.630,0.82768,0.82783,1.50,1.42
2012.08.06 19:36:16.231,0.82766,0.82783,1.73,2.92
2012.08.06 19:36:20.118,0.82767,0.82783,3.00,1.42
2012.08.06 19:36:20.357,0.8277,0.82783,1.50,1.20
2012.08.06 19:36:20.421,0.82772,0.82783,1.50,1.20
2012.08.06 19:36:20.939,0.82771,0.82786,1.50,1.42
2012.08.06 19:36:21.473,0.82769,0.82786,1.73,1.42
2012.08.06 19:36:24.013,0.82769,0.82786,2.48,1.42
2012.08.06 19:36:25.417,0.82769,0.82786,2.48,1.42
2012.08.06 19:36:25.597,0.8277,0.82787,1.50,2.92
2012.08.06 19:36:25.777,0.82771,0.82788,1.50,1.73
2012.08.06 19:36:26.307,0.82773,0.82789,1.73,1.20
2012.08.06 19:36:30.141,0.8277,0.82788,2.48,1.73
2012.08.06 19:36:30.384,0.82767,0.82785,3.23,2.17
2012.08.06 19:36:30.566,0.82767,0.82782,1.73,1.73
2012.08.06 19:36:30.805,0.82769,0.82785,1.73,1.20
2012.08.06 19:36:31.123,0.82769,0.82785,1.73,1.20
2012.08.06 19:36:31.362,0.82767,0.82785,4.73,1.42
2012.08.06 19:36:31.709,0.82767,0.82784,3.00,1.42
2012.08.06 19:36:33.368,0.82766,0.82784,1.50,4.65
2012.08.06 19:36:33.996,0.82766,0.82784,1.50,4.65
2012.08.06 19:36:35.110,0.82763,0.82781,3.23,2.17
2012.08.06 19:36:38.681,0.82764,0.82779,1.73,1.50
2012.08.06 19:36:38.863,0.82762,0.82778,1.50,2.17
2012.08.06 19:36:39.102,0.8276,0.82778,1.73,2.17
2012.08.06 19:36:39.885,0.8276,0.82778,2.48,2.17
2012.08.06 19:36:42.239,0.82761,0.8278,3.23,3.67
2012.08.06 19:36:42.711,0.82762,0.82778,3.23,1.42
2012.08.06 19:36:44.556,0.82763,0.82778,1.50,1.42
2012.08.06 19:36:45.559,0.82761,0.82778,4.73,1.42
2012.08.06 19:36:47.558,0.82762,0.82778,3.23,1.42
2012.08.06 19:36:50.603,0.82762,0.82778,2.48,1.42
2012.08.06 19:36:50.783,0.82762,0.82779,3.98,1.20
2012.08.06 19:36:50.847,0.82763,0.82781,1.73,2.17
2012.08.06 19:36:51.085,0.82764,0.82782,3.23,1.27
2012.08.06 19:36:52.682,0.82765,0.82783,1.73,2.17
2012.08.06 19:36:56.077,0.82764,0.82783,5.48,2.92
2012.08.06 19:36:56.545,0.82768,0.82784,1.50,1.42
2012.08.06 19:37:04.434,0.82767,0.82783,3.00,1.42
2012.08.06 19:37:04.813,0.82764,0.82783,5.48,2.92
2012.08.06 19:37:11.353,0.82766,0.82783,1.73,1.42
2012.08.06 19:37:16.569,0.82765,0.82781,2.48,2.17
2012.08.06 19:37:31.487,0.82764,0.82781,2.48,1.42
2012.08.06 19:37:32.846,0.82765,0.8278,1.73,1.95
2012.08.06 19:37:34.583,0.82766,0.82784,2.48,1.42
2012.08.06 19:37:36.579,0.82766,0.82784,1.73,2.92
2012.08.06 19:37:36.700,0.82766,0.82784,1.73,2.92
2012.08.06 19:37:37.298,0.82763,0.82781,2.25,1.80
2012.08.06 19:37:38.404,0.82762,0.82781,2.48,2.40
2012.08.06 19:37:43.681,0.82763,0.82781,1.50,1.05
2012.08.06 19:37:43.863,0.82766,0.82782,1.73,1.42
2012.08.06 19:37:44.043,0.82763,0.82781,3.75,1.05
2012.08.06 19:37:44.107,0.82763,0.82781,3.00,1.80
2012.08.06 19:37:44.631,0.82762,0.82781,3.23,2.55
2012.08.06 19:37:47.153,0.82763,0.8278,1.50,1.42
2012.08.06 19:37:49.013,0.82762,0.8278,1.73,1.42
2012.08.06 19:37:49.551,0.82763,0.8278,1.50,1.42
2012.08.06 19:37:51.544,0.82762,0.8278,1.73,1.42
2012.08.06 19:37:58.447,0.82762,0.8278,2.48,1.42
2012.08.06 19:38:22.265,0.82761,0.82775,1.50,1.42
2012.08.06 19:38:33.913,0.8276,0.82777,2.10,1.20
2012.08.06 19:38:34.094,0.8276,0.82776,1.50,1.42
2012.08.06 19:38:36.037,0.8276,0.82779,2.63,3.67
2012.08.06 19:38:36.102,0.82761,0.82779,2.48,2.92
2012.08.06 19:38:43.527,0.82762,0.82777,1.50,1.05
2012.08.06 19:38:45.175,0.8276,0.82777,2.25,1.05
2012.08.06 19:38:45.297,0.82761,0.82778,1.73,2.92
2012.08.06 19:38:49.427,0.8276,0.82778,3.23,2.55
2012.08.06 19:38:49.923,0.8276,0.82776,2.25,2.17
2012.08.06 19:38:50.265,0.8276,0.82777,1.50,1.80
2012.08.06 19:38:50.505,0.82759,0.82773,3.00,1.50
2012.08.06 19:38:51.063,0.82759,0.82777,2.25,3.30
2012.08.06 19:38:51.577,0.82759,0.82777,2.25,2.55
2012.08.06 19:38:53.670,0.82759,0.82776,2.10,2.17
2012.08.06 19:38:53.909,0.8276,0.82778,2.10,3.67
2012.08.06 19:38:54.389,0.82761,0.82778,2.48,2.17
2012.08.06 19:38:54.632,0.82761,0.82778,1.50,2.17
2012.08.06 19:38:55.186,0.8276,0.82778,1.73,2.17
2012.08.06 19:38:56.808,0.8276,0.82777,1.73,2.17
2012.08.06 19:38:57.336,0.82762,0.8278,1.73,4.05
2012.08.06 19:38:57.576,0.82763,0.8278,1.73,1.80
2012.08.06 19:38:57.815,0.82764,0.82779,1.35,1.95
2012.08.06 19:38:57.998,0.82762,0.82777,2.25,1.95
2012.08.06 19:38:58.912,0.82761,0.82777,1.35,2.17
2012.08.06 19:38:59.442,0.82761,0.82777,1.13,2.92
2012.08.06 19:38:59.872,0.82758,0.82777,2.48,2.92
2012.08.06 19:39:00.425,0.82758,0.82777,2.48,2.17
2012.08.06 19:39:00.944,0.82759,0.82777,1.73,2.17
2012.08.06 19:39:01.684,0.82759,0.82777,1.73,2.17
2012.08.06 19:39:02.207,0.82762,0.82778,1.50,1.42
2012.08.06 19:39:02.815,0.8276,0.82778,2.25,1.42
2012.08.06 19:39:03.838,0.82763,0.82779,1.13,2.17
2012.08.06 19:39:03.962,0.82764,0.8278,1.88,1.73
2012.08.06 19:39:04.027,0.82764,0.82782,2.85,2.17
2012.08.06 19:39:04.558,0.82766,0.82783,1.73,2.17
2012.08.06 19:39:04.915,0.82765,0.82783,2.10,2.17
2012.08.06 19:39:05.391,0.82763,0.82779,2.25,2.17
2012.08.06 19:39:05.456,0.82763,0.82779,1.50,2.92
2012.08.06 19:39:05.814,0.82761,0.82779,1.50,2.92
2012.08.06 19:39:07.302,0.82761,0.82776,1.13,2.92
2012.08.06 19:39:07.567,0.82761,0.82776,2.10,2.25
2012.08.06 19:39:08.108,0.82764,0.8278,1.50,1.42
2012.08.06 19:39:08.694,0.82763,0.8278,1.50,1.42
2012.08.06 19:39:09.205,0.82763,0.8278,1.73,1.42
2012.08.06 19:39:10.824,0.82764,0.8278,1.50,1.42
2012.08.06 19:39:18.287,0.82764,0.82781,1.35,1.80
2012.08.06 19:39:19.364,0.82764,0.82783,3.23,1.42
2012.08.06 19:39:19.966,0.82763,0.8278,2.25,1.42
2012.08.06 19:39:20.031,0.82763,0.8278,2.25,1.42
2012.08.06 19:39:21.482,0.82763,0.82782,3.00,3.67
2012.08.06 19:39:21.927,0.82763,0.82781,3.00,1.05
2012.08.06 19:39:22.282,0.82761,0.8278,3.23,2.92
2012.08.06 19:39:22.821,0.82762,0.8278,2.25,1.42
2012.08.06 19:39:23.172,0.82763,0.82781,1.13,1.80
2012.08.06 19:39:23.727,0.82763,0.82781,1.13,1.80
2012.08.06 19:39:24.248,0.82764,0.82781,1.13,1.80
2012.08.06 19:39:24.775,0.82764,0.82781,1.13,1.80
2012.08.06 19:39:25.595,0.82765,0.82782,1.73,1.42
2012.08.06 19:39:27.237,0.82766,0.82785,4.35,2.17
2012.08.06 19:39:27.361,0.82768,0.82785,1.73,2.17
2012.08.06 19:39:47.639,0.82768,0.82785,2.10,1.42
2012.08.06 19:39:47.941,0.82772,0.82789,3.38,2.48
2012.08.06 19:39:48.065,0.82772,0.82789,3.60,2.25
2012.08.06 19:39:48.188,0.82774,0.82789,1.50,2.25
2012.08.06 19:39:48.544,0.82777,0.82794,3.23,2.17
2012.08.06 19:39:49.140,0.82777,0.82794,3.23,1.42
2012.08.06 19:39:51.762,0.82777,0.82793,1.73,2.17
2012.08.06 19:39:51.888,0.82775,0.82788,1.35,1.50
2012.08.06 19:39:52.069,0.82772,0.82788,1.73,1.50
2012.08.06 19:39:52.258,0.82769,0.82788,5.10,1.73
2012.08.06 19:39:54.609,0.8277,0.82788,1.50,2.85
2012.08.06 19:39:55.163,0.82769,0.82789,2.10,4.80
2012.08.06 19:39:55.879,0.82769,0.82789,2.10,4.80
2012.08.06 19:39:56.418,0.82772,0.82789,1.50,3.30
2012.08.06 19:39:59.117,0.82769,0.82789,1.88,4.80
2012.08.06 19:40:01.498,0.82769,0.82788,4.13,2.92
2012.08.06 19:40:02.022,0.8277,0.82789,3.98,1.05
2012.08.06 19:40:03.416,0.82769,0.82788,3.60,2.17
2012.08.06 19:40:09.277,0.82769,0.82788,2.85,2.17
2012.08.06 19:40:09.341,0.82769,0.82788,2.85,2.17
2012.08.06 19:40:11.053,0.82769,0.82788,3.60,1.42
2012.08.06 19:40:11.408,0.82769,0.82788,3.60,2.17
2012.08.06 19:40:21.409,0.82769,0.82787,2.63,1.73
2012.08.06 19:40:31.417,0.82769,0.82786,1.88,1.73
2012.08.06 19:40:34.782,0.82767,0.82785,2.48,3.60
2012.08.06 19:40:34.846,0.82767,0.82785,2.48,3.60
2012.08.06 19:40:34.911,0.82767,0.82784,1.50,2.48
2012.08.06 19:40:36.698,0.82767,0.82784,1.50,3.23
2012.08.06 19:40:36.820,0.82768,0.82784,1.73,2.48
2012.08.06 19:40:37.116,0.82767,0.82784,3.00,1.73
2012.08.06 19:40:37.180,0.82767,0.82784,3.00,1.73
2012.08.06 19:40:38.547,0.82767,0.82784,1.50,1.73
2012.08.06 19:40:38.904,0.82764,0.82783,2.48,4.37
2012.08.06 19:40:39.206,0.82763,0.82779,2.10,1.20
2012.08.06 19:40:39.272,0.82761,0.82779,2.48,2.92
2012.08.06 19:40:41.934,0.8276,0.82778,1.35,1.73
2012.08.06 19:40:42.447,0.8276,0.82779,1.35,2.92
2012.08.06 19:40:48.268,0.82762,0.8278,1.50,2.17
2012.08.06 19:40:48.848,0.82762,0.82781,2.48,2.92
2012.08.06 19:40:49.355,0.82762,0.8278,1.73,5.17
2012.08.06 19:40:50.056,0.82762,0.82778,1.73,2.48
2012.08.06 19:40:53.775,0.82762,0.82778,1.50,1.73
2012.08.06 19:40:57.020,0.82761,0.82778,2.48,1.73
2012.08.06 19:41:00.978,0.8276,0.82779,2.10,1.73
2012.08.06 19:41:01.492,0.8276,0.82779,2.10,2.17
2012.08.06 19:41:31.401,0.8276,0.82777,2.10,1.73
2012.08.06 19:41:54.424,0.82762,0.82779,1.50,1.42
2012.08.06 19:41:54.782,0.82764,0.82779,1.73,2.25
2012.08.06 19:41:55.642,0.82764,0.82781,1.73,3.67
2012.08.06 19:41:55.710,0.82761,0.82776,1.73,1.73
2012.08.06 19:41:58.186,0.82761,0.82778,1.73,3.67
2012.08.06 19:41:58.714,0.82761,0.82778,2.48,2.17
2012.08.06 19:42:15.450,0.82761,0.82778,1.50,4.42
2012.08.06 19:42:15.513,0.82761,0.82777,1.50,1.73
2012.08.06 19:42:15.751,0.82761,0.82778,2.85,2.92
2012.08.06 19:42:16.392,0.82761,0.82777,1.88,1.73
2012.08.06 19:42:17.018,0.82761,0.82778,2.10,1.42
2012.08.06 19:42:17.576,0.8276,0.82777,1.50,1.42
2012.08.06 19:42:17.813,0.82762,0.82777,1.73,1.20
2012.08.06 19:42:18.806,0.82761,0.82778,1.73,2.17
2012.08.06 19:42:19.134,0.82761,0.82779,2.48,2.17
2012.08.06 19:42:20.341,0.82761,0.82779,1.50,3.67
2012.08.06 19:42:20.876,0.82762,0.82779,1.73,3.67
2012.08.06 19:42:26.585,0.82762,0.82779,1.35,2.17
2012.08.06 19:42:26.939,0.82764,0.8278,1.35,1.95
2012.08.06 19:42:27.062,0.82762,0.82778,1.73,2.17
2012.08.06 19:42:30.602,0.82761,0.82777,1.50,1.42
2012.08.06 19:42:30.782,0.82761,0.82777,2.48,1.73
2012.08.06 19:42:31.884,0.82761,0.82778,2.85,5.02
2012.08.06 19:42:32.430,0.82761,0.82778,2.48,3.52
2012.08.06 19:42:32.982,0.82761,0.82778,1.50,2.02
2012.08.06 19:42:33.570,0.82761,0.82778,2.85,1.27
2012.08.06 19:42:36.116,0.82762,0.82778,1.50,1.27
2012.08.06 19:42:36.739,0.82762,0.82778,1.73,1.27
2012.08.06 19:42:38.501,0.82762,0.82778,1.73,1.27
2012.08.06 19:42:41.429,0.82762,0.82779,1.73,2.92
2012.08.06 19:42:46.739,0.82761,0.82778,2.48,1.80
2012.08.06 19:42:47.267,0.82761,0.82778,1.73,2.17
2012.08.06 19:42:48.483,0.82762,0.82779,1.73,2.92
2012.08.06 19:42:51.058,0.82761,0.82779,2.48,2.17
2012.08.06 19:42:51.468,0.82761,0.82779,2.48,2.17
2012.08.06 19:42:53.282,0.82761,0.82777,1.50,1.73
2012.08.06 19:42:53.405,0.82761,0.82778,1.35,3.67
2012.08.06 19:42:55.340,0.82761,0.82777,1.73,1.42
2012.08.06 19:42:55.866,0.82758,0.82775,2.25,2.17
2012.08.06 19:42:56.780,0.82757,0.82775,1.73,2.17
2012.08.06 19:42:57.299,0.82756,0.82773,2.10,2.17
2012.08.06 19:42:58.278,0.82755,0.82773,1.73,3.62
2012.08.06 19:42:58.614,0.82754,0.8277,1.73,2.17
2012.08.06 19:42:59.159,0.82753,0.82771,1.73,2.92
2012.08.06 19:43:01.378,0.82754,0.8277,1.73,1.42
2012.08.06 19:43:06.697,0.82751,0.82768,3.23,1.20
2012.08.06 19:43:06.762,0.82751,0.82768,2.25,1.42
2012.08.06 19:43:06.827,0.8275,0.82768,1.73,3.67
2012.08.06 19:43:11.474,0.8275,0.82766,1.73,2.92
2012.08.06 19:43:12.295,0.8275,0.82765,1.73,2.17
2012.08.06 19:43:17.913,0.8275,0.82766,1.73,2.92
2012.08.06 19:43:46.312,0.8275,0.82765,1.73,1.73
2012.08.06 19:43:47.568,0.82751,0.82768,1.13,1.42
2012.08.06 19:43:47.689,0.82752,0.82769,1.13,2.17
2012.08.06 19:43:47.870,0.82753,0.82769,1.73,2.17
2012.08.06 19:43:50.753,0.82754,0.8277,2.48,2.17
2012.08.06 19:43:51.309,0.82754,0.8277,2.48,2.17
2012.08.06 19:43:58.761,0.82753,0.8277,2.10,2.17
2012.08.06 19:43:59.275,0.82751,0.82767,2.25,2.17
2012.08.06 19:44:00.002,0.82751,0.82767,2.25,2.17
2012.08.06 19:44:00.700,0.82751,0.82767,1.50,2.17
2012.08.06 19:44:06.439,0.82749,0.82765,3.60,2.92
2012.08.06 19:44:06.749,0.82749,0.82763,1.88,2.17
2012.08.06 19:44:06.813,0.82747,0.82763,1.50,2.17
2012.08.06 19:44:21.392,0.82747,0.82764,1.50,1.42
2012.08.06 19:44:26.130,0.82746,0.82763,1.73,2.17
2012.08.06 19:44:26.540,0.82746,0.82763,1.73,2.17
2012.08.06 19:44:27.203,0.82746,0.82763,1.73,1.80
2012.08.06 19:44:27.775,0.82747,0.82764,1.50,2.17
2012.08.06 19:44:28.959,0.82746,0.82764,1.50,3.30
2012.08.06 19:44:29.318,0.82746,0.82763,2.48,2.17
2012.08.06 19:44:30.335,0.82746,0.82764,2.25,1.80
2012.08.06 19:44:39.879,0.82743,0.82761,2.25,2.55
2012.08.06 19:44:50.486,0.82744,0.82761,1.88,2.17
2012.08.06 19:44:50.549,0.82745,0.82761,1.50,1.73
2012.08.06 19:45:01.512,0.82745,0.82763,1.50,2.92
2012.08.06 19:45:06.149,0.82744,0.82762,2.48,2.17
2012.08.06 19:45:06.662,0.82745,0.82763,1.73,3.30
2012.08.06 19:45:07.579,0.82746,0.82764,3.60,2.17
2012.08.06 19:45:09.600,0.82746,0.82764,2.10,2.17
2012.08.06 19:45:16.572,0.82744,0.8276,1.88,1.73
2012.08.06 19:45:16.986,0.82743,0.8276,3.75,1.73
2012.08.06 19:45:17.643,0.82743,0.8276,2.25,1.73
2012.08.06 19:45:22.759,0.82743,0.82762,3.00,4.05
2012.08.06 19:45:25.591,0.82744,0.82761,2.25,1.42
2012.08.06 19:45:25.826,0.82744,0.82761,2.25,1.42
2012.08.06 19:45:35.204,0.82743,0.82761,1.73,1.42
2012.08.06 19:45:35.383,0.82741,0.82759,2.48,2.17
2012.08.06 19:45:35.564,0.82739,0.82756,3.00,1.42
2012.08.06 19:45:36.221,0.82739,0.82756,1.50,1.42
2012.08.06 19:45:36.403,0.82739,0.82757,1.73,1.20
2012.08.06 19:45:36.467,0.82738,0.82757,2.85,1.42
2012.08.06 19:45:36.764,0.8274,0.82756,1.73,1.50
2012.08.06 19:45:36.943,0.8274,0.82756,2.25,2.17
2012.08.06 19:45:39.358,0.82737,0.82755,2.48,2.17
2012.08.06 19:45:42.968,0.82738,0.82756,1.35,4.42
2012.08.06 19:45:43.262,0.82739,0.82756,2.63,4.42
2012.08.06 19:45:43.326,0.82741,0.82756,1.73,3.45
2012.08.06 19:45:43.389,0.82739,0.82756,2.10,2.70
2012.08.06 19:45:43.911,0.8274,0.82756,1.50,1.42
2012.08.06 19:45:46.043,0.82741,0.82756,1.50,1.42
2012.08.06 19:45:48.364,0.82741,0.82754,1.50,1.20
2012.08.06 19:45:48.915,0.8274,0.82756,1.88,1.42
2012.08.06 19:45:49.482,0.82741,0.82755,1.50,2.17
2012.08.06 19:45:49.845,0.8274,0.82755,1.88,2.17
2012.08.06 19:45:50.264,0.82742,0.82755,1.50,2.17
2012.08.06 19:45:50.731,0.82739,0.82755,1.88,2.17
2012.08.06 19:45:55.401,0.82739,0.82755,1.50,1.42
2012.08.06 19:45:55.833,0.82736,0.82755,3.98,1.42
2012.08.06 19:45:57.258,0.82736,0.82752,3.23,1.80
2012.08.06 19:45:57.439,0.82738,0.82752,1.50,1.80
2012.08.06 19:45:57.633,0.82736,0.82752,2.25,1.80
2012.08.06 19:45:58.724,0.82735,0.82751,2.25,1.42
2012.08.06 19:46:06.353,0.82736,0.82751,1.50,1.42
2012.08.06 19:46:07.031,0.82734,0.82751,3.00,1.42
2012.08.06 19:46:07.576,0.82736,0.82751,1.50,2.17
2012.08.06 19:46:08.100,0.82736,0.82751,1.50,2.17
2012.08.06 19:46:08.224,0.82737,0.82752,1.50,2.17
2012.08.06 19:46:10.590,0.82736,0.82753,3.75,2.17
2012.08.06 19:46:12.065,0.82738,0.82753,1.50,2.17
2012.08.06 19:46:15.349,0.82735,0.82752,1.50,1.42
2012.08.06 19:46:15.702,0.82738,0.82752,1.50,1.42
2012.08.06 19:46:15.764,0.82735,0.82752,3.00,1.42
2012.08.06 19:46:16.118,0.82738,0.82752,1.50,1.42
2012.08.06 19:46:17.107,0.82736,0.82752,1.50,1.42
2012.08.06 19:46:19.159,0.82738,0.82752,1.50,1.42
2012.08.06 19:46:20.936,0.82736,0.82753,1.50,1.42
2012.08.06 19:46:21.476,0.82737,0.82753,1.50,1.42
2012.08.06 19:46:22.796,0.82735,0.82753,1.50,1.42
2012.08.06 19:46:23.317,0.82736,0.82753,1.50,1.42
2012.08.06 19:46:23.895,0.82737,0.82752,1.50,1.42
2012.08.06 19:46:24.072,0.82737,0.82751,1.50,1.42
2012.08.06 19:46:24.614,0.82738,0.82751,1.50,1.42
2012.08.06 19:46:26.959,0.82738,0.82751,1.50,1.42
2012.08.06 19:46:27.080,0.82735,0.82751,2.25,1.42
2012.08.06 19:46:30.988,0.82733,0.8275,3.23,1.42
2012.08.06 19:46:32.291,0.82735,0.82749,1.50,1.42
2012.08.06 19:46:35.453,0.82734,0.82749,2.25,1.42
2012.08.06 19:46:36.137,0.82735,0.82749,1.50,1.42
2012.08.06 19:46:36.638,0.82733,0.82749,1.73,1.42
2012.08.06 19:46:39.456,0.82734,0.82751,1.73,1.42
2012.08.06 19:46:39.587,0.82735,0.82752,2.25,1.42
2012.08.06 19:46:40.137,0.82735,0.82753,2.48,2.17
2012.08.06 19:46:40.703,0.82732,0.82748,2.25,2.17
2012.08.06 19:46:41.288,0.82732,0.82746,1.50,1.50
2012.08.06 19:46:41.993,0.82732,0.82748,1.50,1.42
2012.08.06 19:46:44.263,0.82732,0.82748,2.63,2.17
2012.08.06 19:46:45.262,0.82733,0.82748,1.13,1.42
2012.08.06 19:46:45.857,0.82734,0.8275,1.13,3.98
2012.08.06 19:46:46.418,0.82733,0.82748,1.88,1.42
2012.08.06 19:46:47.426,0.82734,0.8275,1.13,1.73
2012.08.06 19:46:47.547,0.82735,0.8275,1.73,1.50
2012.08.06 19:46:47.669,0.82734,0.8275,1.88,1.73
2012.08.06 19:46:47.849,0.82733,0.8275,3.38,2.17
2012.08.06 19:46:51.391,0.82732,0.82748,2.63,1.42
2012.08.06 19:46:52.711,0.82734,0.82751,1.13,4.42
2012.08.06 19:46:53.073,0.82736,0.82751,2.25,1.42
2012.08.06 19:46:53.137,0.82738,0.82752,1.50,2.48
2012.08.06 19:46:53.703,0.82736,0.82753,1.50,1.42
2012.08.06 19:46:54.248,0.82737,0.82753,1.13,1.42
2012.08.06 19:46:54.313,0.82737,0.82753,1.88,1.42
2012.08.06 19:46:54.379,0.82737,0.82753,3.60,1.20
2012.08.06 19:47:17.294,0.82738,0.82753,1.73,1.95
2012.08.06 19:47:17.413,0.82738,0.82753,1.50,2.17
2012.08.06 19:47:17.590,0.82736,0.82753,1.50,2.17
2012.08.06 19:47:18.127,0.82735,0.82753,3.00,2.17
2012.08.06 19:47:24.530,0.82735,0.82752,2.25,1.42
2012.08.06 19:47:24.882,0.82735,0.82749,2.25,1.42
2012.08.06 19:47:26.703,0.82733,0.82748,1.88,1.42
2012.08.06 19:47:41.893,0.82731,0.82747,2.63,1.73
2012.08.06 19:47:42.013,0.82732,0.82747,2.25,1.73
2012.08.06 19:47:42.421,0.82732,0.82748,2.25,2.17
2012.08.06 19:47:42.655,0.82735,0.82747,1.50,1.73
2012.08.06 19:47:42.776,0.82733,0.82747,1.50,1.73
2012.08.06 19:47:43.041,0.82735,0.82748,1.50,1.42
2012.08.06 19:47:43.104,0.82735,0.82748,1.50,1.42
2012.08.06 19:47:43.167,0.82732,0.82748,2.25,1.42
2012.08.06 19:47:49.524,0.82734,0.82748,1.50,1.42
2012.08.06 19:47:50.027,0.82733,0.82748,1.50,1.42
2012.08.06 19:47:51.135,0.82731,0.82748,4.13,1.42
2012.08.06 19:47:52.018,0.82731,0.82747,2.63,1.42
2012.08.06 19:47:52.372,0.82728,0.82745,4.73,1.42
2012.08.06 19:47:52.738,0.82731,0.82745,1.50,2.17
2012.08.06 19:47:53.126,0.82729,0.82745,2.25,2.17
2012.08.06 19:47:53.987,0.8273,0.82745,1.50,2.17
2012.08.06 19:47:54.988,0.82728,0.82745,3.23,2.17
2012.08.06 19:47:57.572,0.82728,0.82745,2.48,2.17
2012.08.06 19:47:58.138,0.82726,0.82744,3.38,3.23
2012.08.06 19:47:59.729,0.82726,0.82744,3.38,3.23
2012.08.06 19:47:59.853,0.82726,0.82744,3.38,3.23
2012.08.06 19:48:01.772,0.82726,0.82742,3.38,1.42
2012.08.06 19:48:02.302,0.82725,0.82741,1.88,2.92
2012.08.06 19:48:02.772,0.82723,0.82739,1.50,1.73
2012.08.06 19:48:02.952,0.82722,0.82739,2.48,2.17
2012.08.06 19:48:03.841,0.82722,0.82739,2.48,2.92
2012.08.06 19:48:07.193,0.82724,0.8274,2.10,1.42
2012.08.06 19:48:07.377,0.82725,0.82741,2.85,1.20
2012.08.06 19:48:07.501,0.82724,0.82741,3.60,1.42
2012.08.06 19:48:08.372,0.82724,0.82739,1.35,1.42
2012.08.06 19:48:09.083,0.82724,0.82739,1.35,1.42
2012.08.06 19:48:09.645,0.82723,0.82739,1.35,1.42
2012.08.06 19:48:15.637,0.82722,0.82739,2.10,1.42
2012.08.06 19:48:34.595,0.82723,0.82739,2.10,1.42
2012.08.06 19:48:49.876,0.82724,0.82739,2.10,1.73
2012.08.06 19:48:50.117,0.82726,0.82739,2.48,1.50
2012.08.06 19:48:50.644,0.82726,0.82742,3.23,3.23
2012.08.06 19:48:51.900,0.82725,0.82741,2.10,1.42
2012.08.06 19:48:52.081,0.82725,0.82741,2.10,1.42
2012.08.06 19:48:52.202,0.82728,0.82741,1.50,1.42
2012.08.06 19:48:52.762,0.82728,0.82741,2.63,1.42
2012.08.06 19:48:52.887,0.82729,0.82746,2.10,1.42
2012.08.06 19:48:55.048,0.82729,0.82746,4.35,1.42
2012.08.06 19:48:55.703,0.82729,0.82744,1.73,2.57
2012.08.06 19:48:55.886,0.82725,0.82742,1.73,2.92
2012.08.06 19:48:56.071,0.82724,0.82741,2.10,1.42
2012.08.06 19:48:56.599,0.82724,0.82741,1.35,1.42
2012.08.06 19:49:01.680,0.82724,0.82743,3.60,3.23
2012.08.06 19:49:02.252,0.82724,0.8274,2.85,1.20
2012.08.06 19:49:02.319,0.82724,0.8274,1.13,1.42
2012.08.06 19:49:03.698,0.82724,0.8274,1.13,1.42
2012.08.06 19:49:07.016,0.82725,0.8274,1.88,1.42
2012.08.06 19:49:07.626,0.82725,0.82738,1.50,1.20
2012.08.06 19:49:09.190,0.82725,0.82738,3.23,1.20
2012.08.06 19:49:09.373,0.82729,0.82743,1.35,1.20
2012.08.06 19:49:09.669,0.8273,0.82743,1.50,1.20
2012.08.06 19:49:10.291,0.82731,0.82743,1.50,1.20
2012.08.06 19:49:10.510,0.82731,0.82743,1.50,1.20
2012.08.06 19:49:11.290,0.8273,0.82743,1.50,1.20
2012.08.06 19:49:14.003,0.82729,0.82743,1.88,1.42
2012.08.06 19:49:14.360,0.82729,0.82744,2.48,1.20
2012.08.06 19:49:14.424,0.82729,0.82744,2.48,1.20
2012.08.06 19:49:35.804,0.82732,0.82744,1.50,1.20
2012.08.06 19:49:36.113,0.82732,0.82746,2.48,1.20
2012.08.06 19:49:36.177,0.82732,0.82746,2.48,1.20
2012.08.06 19:49:37.318,0.82733,0.82746,2.25,1.42
2012.08.06 19:49:37.864,0.82731,0.82744,1.13,1.20
2012.08.06 19:49:39.010,0.82733,0.82744,1.50,1.20
2012.08.06 19:49:42.221,0.8273,0.82744,2.85,1.20
2012.08.06 19:49:42.736,0.8273,0.82744,2.48,1.20
2012.08.06 19:50:00.650,0.8273,0.82744,1.50,1.20
2012.08.06 19:50:01.117,0.82732,0.82744,1.50,1.20
2012.08.06 19:50:01.355,0.82734,0.82748,2.48,1.42
2012.08.06 19:50:02.516,0.82734,0.82748,3.98,1.42
2012.08.06 19:50:03.125,0.82734,0.82748,3.98,1.42
2012.08.06 19:50:04.062,0.82734,0.82748,1.73,1.42
2012.08.06 19:50:04.593,0.82734,0.82748,1.73,1.42
2012.08.06 19:50:05.580,0.82734,0.82749,1.73,1.42
2012.08.06 19:50:06.464,0.82734,0.8275,1.73,1.42
2012.08.06 19:50:08.694,0.82734,0.8275,1.73,1.42
2012.08.06 19:50:10.067,0.82734,0.8275,1.73,1.42
2012.08.06 19:50:11.379,0.82734,0.8275,3.23,1.42
2012.08.06 19:50:12.337,0.82734,0.82751,1.73,2.48
2012.08.06 19:50:13.835,0.82734,0.82751,1.73,2.48
2012.08.06 19:50:14.359,0.82734,0.82749,3.23,1.50
2012.08.06 19:50:14.829,0.82734,0.82749,3.00,2.85
2012.08.06 19:50:14.894,0.82733,0.82749,3.00,2.85
2012.08.06 19:50:15.451,0.8273,0.82749,3.23,2.85
2012.08.06 19:50:17.338,0.82733,0.8275,3.23,2.17
2012.08.06 19:50:17.408,0.82733,0.8275,3.23,1.73
2012.08.06 19:50:17.936,0.82733,0.8275,3.98,1.73
2012.08.06 19:50:33.038,0.82733,0.8275,2.48,1.73
2012.08.06 19:50:35.669,0.82733,0.82747,1.73,1.50
2012.08.06 19:50:35.908,0.82731,0.82746,1.35,1.50
2012.08.06 19:50:36.145,0.82731,0.82745,1.13,1.73
2012.08.06 19:50:36.620,0.82729,0.82745,1.50,1.73
2012.08.06 19:50:37.034,0.8273,0.82745,2.25,1.73
2012.08.06 19:50:37.575,0.82728,0.82746,4.88,1.73
2012.08.06 19:50:38.473,0.82728,0.82746,4.88,1.73
2012.08.06 19:50:38.709,0.82728,0.82746,4.88,1.73
2012.08.06 19:50:38.775,0.8273,0.82747,1.50,3.23
2012.08.06 19:50:38.898,0.82728,0.82746,4.13,1.73
2012.08.06 19:50:39.532,0.82728,0.82746,4.13,1.73
2012.08.06 19:50:40.812,0.82728,0.82746,2.63,1.73
2012.08.06 19:50:40.875,0.82728,0.82746,2.85,1.73
2012.08.06 19:50:41.112,0.8273,0.82746,2.25,1.73
2012.08.06 19:50:42.064,0.82728,0.82746,2.63,1.73
2012.08.06 19:50:42.530,0.8273,0.82747,1.50,3.23
2012.08.06 19:50:43.551,0.82731,0.82747,1.13,1.73
2012.08.06 19:50:43.615,0.82731,0.82745,1.13,1.50
2012.08.06 19:50:43.853,0.82729,0.82745,2.25,1.73
2012.08.06 19:50:45.390,0.82728,0.82745,2.25,1.73
2012.08.06 19:50:55.684,0.82728,0.82744,1.50,1.73
2012.08.06 19:51:05.169,0.82728,0.82745,1.13,2.48
2012.08.06 19:51:05.521,0.82728,0.82745,1.35,2.48
2012.08.06 19:51:07.345,0.82729,0.82745,1.73,1.58
2012.08.06 19:51:07.526,0.82729,0.82745,1.73,1.58
2012.08.06 19:51:07.590,0.82729,0.82745,1.50,2.33
2012.08.06 19:51:09.245,0.82726,0.82741,3.23,1.50
2012.08.06 19:51:20.653,0.82726,0.82741,1.50,1.73
2012.08.06 19:51:20.717,0.82725,0.82741,2.10,1.73
2012.08.06 19:51:22.690,0.82723,0.8274,1.50,1.35
2012.08.06 19:51:31.356,0.82723,0.8274,1.50,2.10
2012.08.06 19:51:34.452,0.8272,0.82737,2.85,1.50
2012.08.06 19:51:34.516,0.8272,0.82737,2.63,1.73
2012.08.06 19:51:40.952,0.82721,0.82733,1.13,1.73
2012.08.06 19:51:41.254,0.82722,0.82737,2.10,1.50
2012.08.06 19:51:41.319,0.82724,0.82739,1.13,2.48
2012.08.06 19:51:49.661,0.82723,0.82739,2.85,1.73
2012.08.06 19:51:52.525,0.82726,0.82742,1.50,4.73
2012.08.06 19:51:52.594,0.82726,0.82742,1.73,3.23
2012.08.06 19:51:53.592,0.82726,0.82742,1.73,4.73
2012.08.06 19:51:54.440,0.82726,0.82742,1.73,1.73
2012.08.06 19:51:56.562,0.82726,0.82742,1.73,1.73
2012.08.06 19:51:57.071,0.82726,0.82742,1.73,3.23
2012.08.06 19:51:57.610,0.82726,0.82742,1.73,1.73
2012.08.06 19:52:01.417,0.82726,0.82742,1.73,1.73
2012.08.06 19:52:02.861,0.82726,0.82743,1.73,2.17
2012.08.06 19:52:02.925,0.82725,0.82743,1.35,2.17
2012.08.06 19:52:03.474,0.82724,0.82739,1.50,1.73
2012.08.06 19:52:04.725,0.82724,0.82739,1.13,1.73
2012.08.06 19:52:04.963,0.82724,0.8274,1.35,1.50
2012.08.06 19:52:05.260,0.82726,0.82741,1.50,2.85
2012.08.06 19:52:05.498,0.82726,0.82741,1.50,1.35
2012.08.06 19:52:06.005,0.82723,0.8274,2.33,1.73
2012.08.06 19:52:09.426,0.82724,0.8274,1.13,1.73
2012.08.06 19:52:21.511,0.82724,0.82741,1.13,1.35
2012.08.06 19:52:23.442,0.82723,0.82739,1.73,2.48
2012.08.06 19:52:30.242,0.82722,0.8274,1.73,3.23
2012.08.06 19:52:30.476,0.82722,0.8274,2.48,3.23
2012.08.06 19:52:31.302,0.8272,0.82736,1.73,2.25
2012.08.06 19:52:31.654,0.82719,0.82736,1.73,2.48
2012.08.06 19:52:40.745,0.82721,0.82738,1.50,4.42
2012.08.06 19:52:41.101,0.82723,0.82741,1.13,4.35
2012.08.06 19:52:41.165,0.82723,0.82741,1.35,2.85
2012.08.06 19:52:41.713,0.82724,0.82741,1.88,2.85
2012.08.06 19:52:47.531,0.82721,0.8274,2.10,2.48
2012.08.06 19:52:51.691,0.82724,0.82741,1.13,2.85
2012.08.06 19:52:52.354,0.82723,0.82739,1.73,1.73
2012.08.06 19:52:52.590,0.82722,0.82737,1.73,1.50
2012.08.06 19:52:52.722,0.82722,0.82737,1.50,1.73
2012.08.06 19:52:58.151,0.82722,0.82738,1.13,3.23
2012.08.06 19:52:58.332,0.82722,0.82738,1.35,2.48
2012.08.06 19:52:58.396,0.82723,0.82738,2.10,1.73
2012.08.06 19:52:58.634,0.82723,0.8274,4.35,1.73
2012.08.06 19:53:03.336,0.82723,0.8274,1.73,2.48
2012.08.06 19:53:05.263,0.82723,0.8274,1.73,3.98
2012.08.06 19:53:06.341,0.82719,0.82738,1.35,1.73
2012.08.06 19:53:06.580,0.82721,0.82737,1.73,1.50
2012.08.06 19:53:06.643,0.82721,0.82737,1.73,2.25
2012.08.06 19:53:06.707,0.82721,0.82737,1.73,2.25
2012.08.06 19:53:07.234,0.82718,0.82736,1.73,3.98
2012.08.06 19:53:08.293,0.82718,0.82736,1.73,3.98
2012.08.06 19:53:10.177,0.82718,0.82736,1.73,3.23
2012.08.06 19:53:18.251,0.82718,0.82736,1.73,1.73
2012.08.06 19:53:19.364,0.82721,0.82737,2.25,1.42
2012.08.06 19:53:19.428,0.82721,0.82738,2.25,1.73
2012.08.06 19:53:19.664,0.82721,0.82738,2.48,1.73
2012.08.06 19:53:21.324,0.82721,0.82738,2.85,1.73
2012.08.06 19:53:21.885,0.82721,0.82738,2.85,1.73
2012.08.06 19:53:22.435,0.82722,0.82738,1.50,1.73
2012.08.06 19:53:49.051,0.8272,0.82737,1.73,2.32
2012.08.06 19:53:49.115,0.8272,0.82737,1.50,1.80
2012.08.06 19:54:07.178,0.82718,0.82737,1.50,2.55
2012.08.06 19:54:44.588,0.82722,0.82736,1.13,1.42
2012.08.06 19:54:44.713,0.82723,0.8274,2.10,3.67
2012.08.06 19:54:45.234,0.82724,0.8274,1.73,1.42
2012.08.06 19:54:45.768,0.82724,0.8274,3.98,1.42
2012.08.06 19:54:50.011,0.82724,0.8274,3.23,1.42
2012.08.06 19:54:51.583,0.82723,0.82741,3.60,1.73
2012.08.06 19:54:52.099,0.82723,0.82741,4.35,2.17
2012.08.06 19:54:55.436,0.82725,0.82741,3.00,1.42
2012.08.06 19:55:01.300,0.82724,0.82738,1.73,1.50
2012.08.06 19:55:01.364,0.8272,0.82736,3.23,1.73
2012.08.06 19:55:02.078,0.82717,0.82733,1.73,1.50
2012.08.06 19:55:02.142,0.82717,0.82733,1.50,1.73
2012.08.06 19:55:02.502,0.82713,0.82731,3.00,2.55
2012.08.06 19:55:03.890,0.82712,0.82729,1.73,2.48
2012.08.06 19:55:05.396,0.82712,0.8273,1.73,1.73
2012.08.06 19:55:06.027,0.82712,0.8273,1.73,1.73
2012.08.06 19:55:08.118,0.82712,0.82731,1.73,3.60
2012.08.06 19:55:09.133,0.82712,0.8273,1.73,2.48
2012.08.06 19:55:11.213,0.82712,0.82729,1.73,3.60
2012.08.06 19:55:11.508,0.82709,0.82728,2.85,2.85
2012.08.06 19:55:12.178,0.82709,0.82725,1.50,1.73
2012.08.06 19:55:12.779,0.82709,0.82726,1.50,1.73
2012.08.06 19:55:13.309,0.82709,0.82725,1.50,2.48
2012.08.06 19:55:13.847,0.82709,0.82724,1.50,3.75
2012.08.06 19:55:14.146,0.82707,0.82722,1.50,2.48
2012.08.06 19:55:14.501,0.82707,0.82722,1.50,3.23
2012.08.06 19:55:16.458,0.82708,0.82723,1.50,1.42
2012.08.06 19:55:16.581,0.82708,0.82725,1.50,1.42
2012.08.06 19:55:16.646,0.82709,0.82726,1.50,2.48
2012.08.06 19:55:17.063,0.82709,0.82719,1.50,1.50
2012.08.06 19:55:17.128,0.82709,0.82722,1.50,1.50
2012.08.06 19:55:17.310,0.82708,0.82724,1.50,2.10
2012.08.06 19:55:17.433,0.82704,0.82723,2.48,2.48
2012.08.06 19:55:19.838,0.82703,0.8272,1.50,2.85
2012.08.06 19:55:21.078,0.82705,0.8272,1.88,1.73
2012.08.06 19:55:24.438,0.82705,0.8272,1.50,1.42
2012.08.06 19:55:24.621,0.82707,0.82723,1.35,2.17
2012.08.06 19:55:24.685,0.82704,0.82721,4.50,1.42
2012.08.06 19:55:25.011,0.82703,0.82721,5.48,1.42
2012.08.06 19:55:26.314,0.82704,0.82721,1.70,1.20
2012.08.06 19:55:26.617,0.8271,0.82728,3.38,2.48
2012.08.06 19:55:26.683,0.8271,0.82727,2.85,1.42
2012.08.06 19:55:27.219,0.8271,0.82727,1.13,2.92
2012.08.06 19:55:27.859,0.8271,0.82727,1.13,2.92
2012.08.06 19:55:28.370,0.8271,0.82727,1.13,2.92
2012.08.06 19:55:32.564,0.8271,0.82725,1.35,2.25
2012.08.06 19:55:32.744,0.82711,0.82728,1.73,2.92
2012.08.06 19:55:33.554,0.82711,0.82728,2.48,2.92
2012.08.06 19:55:34.109,0.82711,0.82727,2.48,1.20
2012.08.06 19:55:36.269,0.82711,0.82727,1.73,1.20
2012.08.06 19:55:37.676,0.82711,0.82727,1.73,1.20
2012.08.06 19:55:38.638,0.82712,0.82728,1.88,2.17
2012.08.06 19:55:39.169,0.82712,0.82728,2.10,1.42
2012.08.06 19:55:39.470,0.8271,0.82723,2.25,1.05
2012.08.06 19:55:39.796,0.82706,0.82723,2.25,1.05
2012.08.06 19:55:40.406,0.82704,0.82721,2.48,1.42
2012.08.06 19:55:40.620,0.82704,0.82721,1.73,2.92
2012.08.06 19:55:41.037,0.82701,0.82719,2.48,2.17
2012.08.06 19:55:41.163,0.827,0.82719,2.85,2.92
2012.08.06 19:55:41.346,0.827,0.82719,2.25,1.42
2012.08.06 19:55:41.411,0.827,0.82719,2.25,1.42
2012.08.06 19:55:42.422,0.82699,0.82718,3.98,2.17
2012.08.06 19:55:43.233,0.82699,0.82718,5.48,2.17
2012.08.06 19:55:43.590,0.82705,0.8272,1.50,1.42
2012.08.06 19:55:43.880,0.82705,0.8272,1.50,1.42
2012.08.06 19:55:44.241,0.82706,0.82724,1.50,1.80
2012.08.06 19:55:44.306,0.82706,0.82724,2.10,1.42
2012.08.06 19:55:50.653,0.82705,0.82723,3.00,1.42
2012.08.06 19:55:51.005,0.82704,0.82723,3.00,2.92
2012.08.06 19:55:51.540,0.82703,0.82722,1.73,4.42
2012.08.06 19:55:51.896,0.82702,0.82718,2.25,1.42
2012.08.06 19:55:54.331,0.82702,0.8272,1.50,2.17
2012.08.06 19:55:54.600,0.82703,0.8272,1.73,1.42
2012.08.06 19:55:55.799,0.82702,0.8272,3.00,2.17
2012.08.06 19:55:55.862,0.82702,0.82718,3.00,1.42
2012.08.06 19:55:56.447,0.82703,0.82719,2.25,1.42
2012.08.06 19:55:56.628,0.82704,0.8272,3.60,1.73
2012.08.06 19:55:57.044,0.82707,0.82723,2.10,1.92
2012.08.06 19:55:57.401,0.82709,0.82726,1.50,3.98
2012.08.06 19:55:57.525,0.82711,0.82727,3.60,1.73
2012.08.06 19:55:58.238,0.82714,0.8273,1.50,2.48
2012.08.06 19:55:58.419,0.82714,0.82731,1.73,3.67
2012.08.06 19:55:58.484,0.82712,0.82729,4.50,1.42
2012.08.06 19:55:59.646,0.82713,0.82728,1.50,1.73
2012.08.06 19:56:00.003,0.82715,0.82732,1.73,2.25
2012.08.06 19:56:00.067,0.82715,0.82732,1.73,2.48
2012.08.06 19:56:01.568,0.82715,0.82732,1.73,2.48
2012.08.06 19:56:08.602,0.82714,0.82731,1.50,2.55
2012.08.06 19:56:08.955,0.8271,0.82728,4.73,1.05
2012.08.06 19:56:09.078,0.8271,0.82725,1.50,1.73
2012.08.06 19:56:09.433,0.82712,0.82727,1.73,1.73
2012.08.06 19:56:12.820,0.82712,0.8273,3.98,1.73
2012.08.06 19:56:14.590,0.82715,0.82731,1.50,2.55
2012.08.06 19:56:14.712,0.82715,0.82731,1.50,2.10
2012.08.06 19:56:15.349,0.82712,0.8273,5.48,1.42
2012.08.06 19:56:15.770,0.82712,0.82729,2.48,1.73
2012.08.06 19:56:16.843,0.82712,0.82729,1.73,1.73
2012.08.06 19:56:17.306,0.82708,0.82726,3.23,1.42
2012.08.06 19:56:26.073,0.82708,0.82727,2.25,2.55
2012.08.06 19:56:26.620,0.82708,0.82726,1.50,1.42
2012.08.06 19:56:27.150,0.82708,0.82724,1.50,2.48
2012.08.06 19:56:27.706,0.82705,0.82723,2.10,2.48
2012.08.06 19:56:29.716,0.82704,0.82721,1.73,1.82
2012.08.06 19:56:29.840,0.82702,0.82719,3.73,2.92
2012.08.06 19:56:30.366,0.827,0.82717,1.50,2.48
2012.08.06 19:56:31.495,0.827,0.82719,1.50,3.23
2012.08.06 19:56:32.215,0.82702,0.82718,1.50,1.73
2012.08.06 19:56:32.279,0.82702,0.82718,1.50,1.73
2012.08.06 19:56:33.040,0.82702,0.82718,1.73,1.73
2012.08.06 19:56:35.792,0.82702,0.82718,1.73,1.73
2012.08.06 19:56:36.372,0.82702,0.82718,1.50,1.73
2012.08.06 19:56:37.593,0.82702,0.82719,1.50,1.42
2012.08.06 19:56:37.994,0.82702,0.82718,1.50,1.73
2012.08.06 19:56:39.676,0.82699,0.82715,1.13,1.73
2012.08.06 19:56:39.860,0.82701,0.82719,1.50,2.17
2012.08.06 19:56:41.051,0.82701,0.82719,1.73,2.92
2012.08.06 19:56:41.721,0.82701,0.82719,1.73,2.92
2012.08.06 19:56:42.947,0.82701,0.82719,1.73,2.92
2012.08.06 19:56:43.487,0.82701,0.82719,1.73,2.48
2012.08.06 19:56:50.474,0.827,0.82715,2.48,1.50
2012.08.06 19:56:52.483,0.827,0.82718,2.48,1.73
2012.08.06 19:56:53.143,0.827,0.82716,2.48,1.50
2012.08.06 19:56:53.727,0.827,0.82713,1.73,1.50
2012.08.06 19:56:53.792,0.82698,0.82713,1.73,1.50
2012.08.06 19:56:53.856,0.82697,0.82713,2.48,1.50
2012.08.06 19:56:53.919,0.82697,0.82713,2.48,1.50
2012.08.06 19:56:54.470,0.82696,0.82709,1.35,1.50
2012.08.06 19:56:54.824,0.82694,0.82707,1.35,1.50
2012.08.06 19:56:56.642,0.82694,0.82711,1.35,1.42
2012.08.06 19:56:57.581,0.82694,0.82712,1.35,2.17
2012.08.06 19:56:57.821,0.82694,0.82712,3.98,2.17
2012.08.06 19:56:58.381,0.82696,0.82714,2.10,1.73
2012.08.06 19:57:01.349,0.82696,0.82712,2.85,1.50
2012.08.06 19:57:03.194,0.82696,0.82714,2.85,3.23
2012.08.06 19:57:03.496,0.82698,0.82714,1.88,1.73
2012.08.06 19:57:03.853,0.82702,0.82714,1.73,1.50
2012.08.06 19:57:03.918,0.82702,0.82718,1.73,1.50
2012.08.06 19:57:03.983,0.82705,0.82719,1.73,3.48
2012.08.06 19:57:05.578,0.82705,0.82719,1.73,2.73
2012.08.06 19:57:05.703,0.82703,0.82719,1.73,3.70
2012.08.06 19:57:06.069,0.827,0.82717,2.85,2.92
2012.08.06 19:57:06.134,0.827,0.82717,2.10,2.92
2012.08.06 19:57:06.966,0.827,0.82716,2.10,2.92
2012.08.06 19:57:08.130,0.82701,0.82716,1.50,2.92
2012.08.06 19:57:08.371,0.82703,0.82717,1.35,2.25
2012.08.06 19:57:08.616,0.82701,0.82717,1.73,1.42
2012.08.06 19:57:09.132,0.82699,0.82716,2.10,2.92
2012.08.06 19:57:09.899,0.82699,0.82716,2.10,1.42
2012.08.06 19:57:19.489,0.82699,0.82715,1.35,2.17
2012.08.06 19:57:19.841,0.82696,0.82714,2.48,1.42
2012.08.06 19:57:20.171,0.82698,0.82715,2.10,2.17
2012.08.06 19:57:23.073,0.82699,0.82715,1.35,1.73
2012.08.06 19:57:24.366,0.82703,0.82717,1.88,1.73
2012.08.06 19:57:24.920,0.82703,0.82719,2.10,3.92
2012.08.06 19:57:25.566,0.82703,0.82719,1.35,5.42
2012.08.06 19:57:26.141,0.82703,0.82719,2.10,3.92
2012.08.06 19:57:26.805,0.82703,0.82719,1.35,3.92
2012.08.06 19:57:28.130,0.82703,0.82719,2.10,2.73
2012.08.06 19:57:28.381,0.82703,0.82719,2.85,2.73
2012.08.06 19:57:28.618,0.82703,0.82719,2.85,2.73
2012.08.06 19:57:32.182,0.82703,0.82719,4.35,2.73
2012.08.06 19:57:32.736,0.82703,0.82719,4.35,2.73
2012.08.06 19:57:33.055,0.82703,0.82719,3.60,3.40
2012.08.06 19:57:35.118,0.82704,0.82719,2.48,1.42
2012.08.06 19:57:35.862,0.82704,0.82719,2.48,1.42
2012.08.06 19:57:36.389,0.82707,0.82719,1.73,2.73
2012.08.06 19:57:36.974,0.82707,0.82719,2.10,2.73
2012.08.06 19:57:40.379,0.82707,0.8272,1.35,2.73
2012.08.06 19:57:44.723,0.82709,0.8272,1.50,2.73
2012.08.06 19:57:45.025,0.8271,0.82719,2.48,1.23
2012.08.06 19:57:45.092,0.82709,0.82722,2.10,1.50
2012.08.06 19:57:45.569,0.82708,0.82722,1.73,1.50
2012.08.06 19:57:45.691,0.82707,0.82719,1.13,1.50
2012.08.06 19:57:46.219,0.82706,0.82719,1.35,1.50
2012.08.06 19:57:47.608,0.82704,0.8272,2.10,3.00
2012.08.06 19:57:47.850,0.82704,0.82719,2.10,1.50
2012.08.06 19:57:47.914,0.82704,0.82719,2.10,1.50
2012.08.06 19:57:48.242,0.82707,0.8272,1.73,1.50
2012.08.06 19:57:48.493,0.82707,0.82724,1.73,3.38
2012.08.06 19:57:48.835,0.82708,0.82724,1.35,1.50
2012.08.06 19:57:49.432,0.82707,0.82724,2.85,1.50
2012.08.06 19:57:49.754,0.82708,0.82725,2.85,1.42
2012.08.06 19:57:50.174,0.82708,0.82725,1.73,1.42
2012.08.06 19:57:55.891,0.82708,0.82724,1.73,1.42
2012.08.06 19:57:56.424,0.82706,0.82722,1.73,1.95
2012.08.06 19:57:56.782,0.82707,0.82721,1.50,3.23
2012.08.06 19:57:57.021,0.82707,0.82723,1.73,1.73
2012.08.06 19:57:58.586,0.82707,0.82721,1.73,1.50
2012.08.06 19:57:58.712,0.82705,0.82718,2.10,1.50
2012.08.06 19:57:58.836,0.82705,0.82718,1.88,1.50
2012.08.06 19:57:59.019,0.827,0.82715,2.45,1.20
2012.08.06 19:57:59.142,0.827,0.82715,1.13,2.92
2012.08.06 19:57:59.265,0.827,0.82716,1.13,3.23
2012.08.06 19:57:59.389,0.82702,0.82718,1.73,1.42
2012.08.06 19:57:59.773,0.82702,0.82714,1.73,1.50
2012.08.06 19:58:00.305,0.82702,0.82718,1.50,3.67
2012.08.06 19:58:00.369,0.82702,0.82718,1.73,2.92
2012.08.06 19:58:01.003,0.827,0.82717,1.50,2.10
2012.08.06 19:58:01.478,0.82702,0.82718,2.48,2.92
2012.08.06 19:58:01.714,0.82702,0.82716,2.48,1.50
2012.08.06 19:58:02.072,0.82702,0.82718,2.25,2.92
2012.08.06 19:58:02.137,0.82701,0.82718,1.35,3.67
2012.08.06 19:58:02.695,0.82701,0.82717,1.73,2.48
2012.08.06 19:58:04.521,0.82699,0.82717,1.13,2.92
2012.08.06 19:58:04.645,0.827,0.82716,1.13,1.73
2012.08.06 19:58:04.884,0.82702,0.82718,1.73,2.48
2012.08.06 19:58:06.431,0.82702,0.82715,1.73,1.50
2012.08.06 19:58:06.614,0.82699,0.82713,1.50,1.50
2012.08.06 19:58:06.678,0.82699,0.82713,1.50,1.50
2012.08.06 19:58:06.743,0.82702,0.82715,1.50,3.23
2012.08.06 19:58:07.042,0.82699,0.82715,2.25,2.17
2012.08.06 19:58:07.164,0.82699,0.82713,2.25,1.50
2012.08.06 19:58:07.288,0.82701,0.82715,1.73,1.50
2012.08.06 19:58:07.670,0.82701,0.82713,1.73,1.50
2012.08.06 19:58:07.856,0.82697,0.82709,1.50,1.73
2012.08.06 19:58:07.980,0.82698,0.8271,1.13,1.73
2012.08.06 19:58:08.103,0.82698,0.82711,2.10,2.25
2012.08.06 19:58:08.517,0.82694,0.82711,1.35,3.75
2012.08.06 19:58:08.582,0.82694,0.82709,1.35,1.50
2012.08.06 19:58:08.765,0.82696,0.82711,1.13,1.73
2012.08.06 19:58:09.590,0.82696,0.82708,1.35,1.50
2012.08.06 19:58:10.440,0.82696,0.82708,1.35,2.25
2012.08.06 19:58:11.372,0.82696,0.82708,1.35,2.25
2012.08.06 19:58:11.929,0.82696,0.82708,1.35,1.50
2012.08.06 19:58:13.730,0.82692,0.82708,2.48,2.25
2012.08.06 19:58:14.056,0.82692,0.82704,1.73,1.50
2012.08.06 19:58:14.427,0.82692,0.82706,1.73,1.50
2012.08.06 19:58:16.818,0.82692,0.82706,1.73,2.25
2012.08.06 19:58:17.086,0.8269,0.82704,1.73,2.48
2012.08.06 19:58:23.784,0.82688,0.82704,2.10,2.48
2012.08.06 19:58:28.398,0.82689,0.82704,2.10,2.48
2012.08.06 19:58:28.596,0.82688,0.82702,2.25,3.23
2012.08.06 19:58:28.899,0.82686,0.82699,1.50,1.50
2012.08.06 19:58:29.023,0.82685,0.827,2.25,1.20
2012.08.06 19:58:29.771,0.82685,0.827,1.50,2.17
2012.08.06 19:58:31.483,0.82684,0.827,1.50,1.42
2012.08.06 19:58:32.084,0.82685,0.827,1.50,1.42
2012.08.06 19:58:33.186,0.82685,0.827,2.25,1.42
2012.08.06 19:58:33.602,0.82687,0.82702,1.50,1.20
2012.08.06 19:58:34.290,0.82686,0.82701,1.50,1.73
2012.08.06 19:58:34.354,0.82684,0.827,1.50,1.42
2012.08.06 19:58:35.619,0.82681,0.82699,2.10,2.17
2012.08.06 19:58:35.920,0.82679,0.82696,1.35,1.95
2012.08.06 19:58:36.472,0.82678,0.82694,2.10,1.42
2012.08.06 19:58:36.709,0.82678,0.82694,2.10,1.42
2012.08.06 19:58:37.678,0.82678,0.82693,1.73,1.73
2012.08.06 19:58:46.879,0.82677,0.82694,1.50,1.42
2012.08.06 19:58:53.029,0.82676,0.82694,1.50,4.42
2012.08.06 19:58:53.094,0.82675,0.82692,1.13,1.42
2012.08.06 19:58:55.959,0.82675,0.82693,1.13,2.17
2012.08.06 19:58:56.083,0.82676,0.82693,1.73,1.73
2012.08.06 19:59:00.219,0.82677,0.82695,1.73,1.42
2012.08.06 19:59:00.578,0.82684,0.82698,1.35,1.95
2012.08.06 19:59:01.056,0.8268,0.82698,2.10,2.17
2012.08.06 19:59:01.754,0.8268,0.82698,2.10,2.17
2012.08.06 19:59:04.629,0.8268,0.82695,2.10,1.20
2012.08.06 19:59:05.742,0.8268,0.82697,2.10,2.92
2012.08.06 19:59:06.795,0.8268,0.82695,2.10,1.20
2012.08.06 19:59:09.334,0.8268,0.82696,2.10,1.42
2012.08.06 19:59:11.457,0.82679,0.82696,1.73,1.42
2012.08.06 19:59:12.574,0.82679,0.82696,1.73,2.17
2012.08.06 19:59:13.541,0.82679,0.82697,2.10,2.92
2012.08.06 19:59:21.686,0.82679,0.82698,1.35,2.17
2012.08.06 19:59:21.809,0.82676,0.82695,2.85,1.42
2012.08.06 19:59:22.340,0.82676,0.82695,2.10,1.42
2012.08.06 19:59:23.011,0.82676,0.82695,2.10,1.42
2012.08.06 19:59:23.555,0.82676,0.82695,2.10,1.42
2012.08.06 19:59:28.354,0.82676,0.82694,1.35,2.17
2012.08.06 19:59:28.590,0.82674,0.82691,2.25,1.05
2012.08.06 19:59:28.773,0.82672,0.82691,2.48,1.05
2012.08.06 19:59:28.839,0.82671,0.82687,1.88,1.42
2012.08.06 19:59:29.136,0.8267,0.82687,2.25,2.17
2012.08.06 19:59:31.390,0.8267,0.82688,1.50,2.55
2012.08.06 19:59:31.891,0.82669,0.82688,2.63,2.55
2012.08.06 19:59:35.564,0.82669,0.82685,2.25,1.42
2012.08.06 19:59:41.286,0.82669,0.82684,1.50,1.20
2012.08.06 19:59:51.087,0.82669,0.82684,1.13,1.95
2012.08.06 19:59:51.339,0.82669,0.82684,1.73,2.17
2012.08.06 19:59:53.166,0.82669,0.82684,1.35,1.42
2012.08.06 19:59:53.949,0.82669,0.82686,1.35,2.17
2012.08.06 19:59:56.046,0.82669,0.82684,1.35,2.17
2012.08.06 19:59:56.109,0.82666,0.82683,2.85,1.50
2012.08.06 19:59:56.408,0.82663,0.82681,1.88,2.17
2012.08.06 19:59:56.474,0.82665,0.82678,1.13,1.73
2012.08.06 19:59:56.714,0.82665,0.82681,1.35,1.73
2012.08.06 19:59:57.196,0.82664,0.82681,1.35,2.17
2012.08.06 19:59:57.899,0.82664,0.82678,1.35,1.20
2012.08.06 19:59:58.154,0.82665,0.82678,1.35,1.20
2012.08.06 19:59:58.397,0.82667,0.82682,1.35,1.50
2012.08.06 19:59:58.913,0.82667,0.82683,1.73,1.20
2012.08.06 19:59:59.434,0.82667,0.82682,1.35,1.20
2012.08.06 19:59:59.790,0.82665,0.8268,3.38,1.50
