2012.08.02 11:00:00.159,0.82228,0.82246,2.25,3.75
2012.08.02 11:00:00.511,0.82228,0.82243,2.25,1.50
2012.08.02 11:00:00.813,0.82226,0.82241,4.35,1.50
2012.08.02 11:00:01.205,0.82226,0.82244,4.35,1.50
2012.08.02 11:00:01.711,0.82229,0.82244,1.50,1.50
2012.08.02 11:00:01.778,0.82226,0.82242,2.25,1.50
2012.08.02 11:00:01.901,0.82225,0.82242,3.00,2.25
2012.08.02 11:00:02.511,0.82225,0.82241,3.00,3.00
2012.08.02 11:00:03.111,0.82224,0.82236,2.25,1.50
2012.08.02 11:00:03.233,0.82225,0.82242,2.25,3.00
2012.08.02 11:00:03.472,0.82223,0.82239,3.00,1.50
2012.08.02 11:00:03.596,0.82226,0.82242,1.50,3.00
2012.08.02 11:00:04.010,0.82223,0.82237,3.00,1.50
2012.08.02 11:00:04.313,0.8222,0.82235,2.25,1.50
2012.08.02 11:00:04.732,0.82221,0.82233,1.50,1.50
2012.08.02 11:00:04.856,0.82221,0.82239,3.00,2.25
2012.08.02 11:00:05.041,0.82223,0.82236,1.50,1.50
2012.08.02 11:00:05.625,0.82223,0.82239,3.00,1.50
2012.08.02 11:00:05.698,0.82226,0.82241,1.50,3.00
2012.08.02 11:00:06.406,0.82224,0.82239,3.75,1.50
2012.08.02 11:00:07.022,0.82224,0.82239,3.00,1.50
2012.08.02 11:00:07.377,0.82229,0.8224,1.50,1.50
2012.08.02 11:00:07.619,0.82229,0.82242,1.50,3.00
2012.08.02 11:00:07.805,0.82229,0.82244,1.50,1.50
2012.08.02 11:00:08.359,0.82228,0.82245,3.00,2.25
2012.08.02 11:00:08.540,0.82228,0.82245,3.00,2.25
2012.08.02 11:00:08.664,0.82228,0.82245,2.25,2.25
2012.08.02 11:00:08.789,0.82228,0.82245,2.25,1.50
2012.08.02 11:00:09.271,0.82228,0.82245,3.00,2.25
2012.08.02 11:00:09.344,0.82227,0.82242,3.75,2.25
2012.08.02 11:00:09.647,0.82225,0.82242,1.50,3.75
2012.08.02 11:00:09.773,0.82223,0.82236,2.25,1.50
2012.08.02 11:00:10.283,0.82223,0.82232,1.50,1.50
2012.08.02 11:00:10.563,0.82223,0.82234,1.50,1.50
2012.08.02 11:00:10.804,0.82222,0.82236,1.50,1.50
2012.08.02 11:00:10.881,0.82223,0.82236,1.50,1.50
2012.08.02 11:00:11.300,0.82228,0.82236,1.50,1.50
2012.08.02 11:00:11.422,0.82226,0.82237,2.25,1.50
2012.08.02 11:00:11.486,0.82226,0.82243,2.25,3.03
2012.08.02 11:00:11.724,0.82224,0.8224,2.25,2.25
2012.08.02 11:00:12.082,0.82218,0.82232,1.50,1.50
2012.08.02 11:00:12.146,0.82218,0.8223,1.50,1.50
2012.08.02 11:00:12.863,0.8222,0.8223,1.50,1.50
2012.08.02 11:00:12.940,0.82222,0.82236,1.50,1.50
2012.08.02 11:00:13.007,0.82224,0.82236,1.50,1.50
2012.08.02 11:00:13.130,0.82224,0.82237,1.50,1.50
2012.08.02 11:00:14.053,0.82224,0.82237,1.50,1.50
2012.08.02 11:00:14.301,0.82222,0.82237,1.50,2.25
2012.08.02 11:00:14.600,0.82225,0.82237,1.50,1.50
2012.08.02 11:00:14.840,0.82222,0.82237,1.50,1.50
2012.08.02 11:00:14.905,0.82227,0.82238,1.50,1.50
2012.08.02 11:00:15.027,0.82222,0.82237,1.50,1.50
2012.08.02 11:00:15.210,0.82219,0.82235,3.00,1.88
2012.08.02 11:00:16.402,0.82219,0.82233,2.25,1.50
2012.08.02 11:00:16.801,0.82219,0.82235,2.25,1.88
2012.08.02 11:00:17.923,0.82219,0.82235,2.25,2.63
2012.08.02 11:00:18.221,0.82219,0.82234,2.25,1.50
2012.08.02 11:00:18.284,0.82219,0.82235,1.50,3.74
2012.08.02 11:00:18.826,0.82217,0.82235,3.00,5.24
2012.08.02 11:00:19.083,0.8222,0.82235,1.50,5.24
2012.08.02 11:00:19.389,0.8222,0.82231,1.50,2.63
2012.08.02 11:00:19.693,0.82216,0.82226,2.25,1.50
2012.08.02 11:00:19.760,0.82215,0.82228,2.25,2.10
2012.08.02 11:00:19.826,0.82215,0.82228,1.50,2.10
2012.08.02 11:00:19.951,0.82216,0.82231,1.50,2.76
2012.08.02 11:00:20.017,0.82218,0.82231,1.50,2.76
2012.08.02 11:00:20.520,0.82219,0.82231,1.50,2.01
2012.08.02 11:00:21.529,0.82218,0.82231,1.50,2.01
2012.08.02 11:00:21.599,0.82216,0.82231,1.50,2.01
2012.08.02 11:00:22.575,0.82218,0.82232,1.50,1.50
2012.08.02 11:00:22.877,0.82221,0.82234,1.50,3.00
2012.08.02 11:00:22.943,0.82221,0.82234,1.50,1.50
2012.08.02 11:00:23.071,0.82225,0.82235,1.88,1.50
2012.08.02 11:00:23.315,0.82228,0.82243,1.50,3.75
2012.08.02 11:00:23.566,0.82228,0.82244,1.50,1.50
2012.08.02 11:00:23.806,0.8223,0.82246,1.50,2.01
2012.08.02 11:00:24.803,0.82231,0.82247,2.25,1.50
2012.08.02 11:00:24.868,0.82234,0.82247,1.50,2.25
2012.08.02 11:00:24.991,0.82231,0.82247,2.25,2.25
2012.08.02 11:00:25.116,0.82236,0.82249,1.50,2.01
2012.08.02 11:00:25.241,0.82233,0.82249,1.50,3.51
2012.08.02 11:00:25.481,0.8223,0.82248,2.25,2.01
2012.08.02 11:00:25.662,0.8223,0.82245,2.25,1.50
2012.08.02 11:00:26.142,0.8223,0.82248,3.00,1.50
2012.08.02 11:00:26.617,0.8223,0.82245,2.25,1.50
2012.08.02 11:00:26.917,0.82227,0.82244,1.35,2.25
2012.08.02 11:00:26.981,0.82227,0.82241,1.35,1.50
2012.08.02 11:00:27.103,0.82227,0.82244,1.35,2.25
2012.08.02 11:00:27.282,0.82227,0.82243,2.10,1.50
2012.08.02 11:00:27.699,0.82231,0.82247,1.50,1.50
2012.08.02 11:00:29.210,0.82231,0.82248,1.50,2.25
2012.08.02 11:00:29.755,0.82231,0.82246,1.50,3.75
2012.08.02 11:00:29.939,0.82229,0.82244,3.00,1.50
2012.08.02 11:00:30.353,0.8223,0.82246,1.50,3.00
2012.08.02 11:00:32.203,0.82229,0.82245,2.25,1.50
2012.08.02 11:00:32.587,0.82229,0.82247,3.75,3.00
2012.08.02 11:00:32.967,0.82229,0.82245,4.13,1.50
2012.08.02 11:00:33.271,0.82229,0.8224,1.88,1.50
2012.08.02 11:00:33.395,0.82229,0.82241,1.88,1.26
2012.08.02 11:00:33.641,0.82226,0.82241,1.50,1.26
2012.08.02 11:00:33.764,0.82224,0.82241,3.00,2.76
2012.08.02 11:00:33.946,0.82226,0.82241,1.88,2.76
2012.08.02 11:00:34.071,0.82226,0.82243,4.13,1.50
2012.08.02 11:00:35.539,0.82226,0.82242,4.13,1.50
2012.08.02 11:00:36.181,0.82222,0.82235,1.50,2.25
2012.08.02 11:00:36.249,0.82219,0.82235,3.38,2.25
2012.08.02 11:00:36.805,0.8222,0.82237,1.50,4.35
2012.08.02 11:00:37.365,0.82219,0.82235,1.88,3.00
2012.08.02 11:00:37.901,0.82219,0.82235,2.63,3.00
2012.08.02 11:00:38.081,0.82219,0.82235,3.38,3.00
2012.08.02 11:00:38.205,0.82224,0.82237,2.63,5.10
2012.08.02 11:00:38.780,0.82224,0.82237,3.00,2.25
2012.08.02 11:00:38.918,0.82224,0.82237,3.00,1.50
2012.08.02 11:00:39.712,0.82224,0.82234,3.00,1.50
2012.08.02 11:00:39.837,0.82221,0.82234,1.50,1.50
2012.08.02 11:00:40.421,0.8222,0.82233,2.25,1.50
2012.08.02 11:00:40.726,0.82221,0.82234,1.13,1.50
2012.08.02 11:00:40.791,0.82221,0.82237,1.13,2.01
2012.08.02 11:00:40.914,0.82225,0.82235,1.13,1.50
2012.08.02 11:00:41.849,0.82222,0.82235,1.50,1.50
2012.08.02 11:00:42.530,0.82222,0.82236,1.88,1.50
2012.08.02 11:00:43.063,0.82222,0.82237,1.88,1.50
2012.08.02 11:00:43.185,0.82222,0.82235,1.88,1.50
2012.08.02 11:00:43.257,0.82222,0.82238,1.88,3.75
2012.08.02 11:00:43.743,0.82224,0.82239,1.50,1.50
2012.08.02 11:00:44.244,0.82224,0.82238,1.50,1.50
2012.08.02 11:00:44.952,0.82223,0.82238,1.50,3.00
2012.08.02 11:00:45.961,0.82222,0.82236,1.13,2.25
2012.08.02 11:00:46.601,0.82223,0.82238,1.50,1.50
2012.08.02 11:00:46.795,0.82232,0.82246,1.50,2.25
2012.08.02 11:00:47.657,0.82232,0.82248,1.50,4.86
2012.08.02 11:00:48.594,0.82233,0.82248,1.50,3.36
2012.08.02 11:00:49.031,0.82234,0.82249,1.50,1.50
2012.08.02 11:00:49.330,0.82237,0.82251,1.88,2.25
2012.08.02 11:00:49.573,0.8224,0.82254,1.50,1.50
2012.08.02 11:00:49.991,0.8224,0.82256,1.50,1.50
2012.08.02 11:00:50.117,0.82242,0.82257,1.50,1.50
2012.08.02 11:00:50.414,0.82238,0.82255,3.38,1.26
2012.08.02 11:00:50.715,0.82239,0.82256,3.38,1.50
2012.08.02 11:00:51.152,0.82244,0.82257,1.50,2.01
2012.08.02 11:00:51.992,0.82244,0.82258,1.50,1.50
2012.08.02 11:00:52.407,0.82247,0.8226,1.50,1.50
2012.08.02 11:00:52.953,0.82247,0.8226,1.88,1.50
2012.08.02 11:00:53.368,0.82248,0.82264,1.88,1.26
2012.08.02 11:00:56.622,0.8225,0.82265,1.50,2.24
2012.08.02 11:00:56.923,0.82252,0.82267,1.50,2.76
2012.08.02 11:00:57.045,0.82252,0.82267,1.50,2.99
2012.08.02 11:00:57.458,0.82254,0.82267,2.10,1.26
2012.08.02 11:00:58.002,0.82253,0.82269,2.10,1.73
2012.08.02 11:00:58.569,0.82253,0.82269,2.10,1.73
2012.08.02 11:00:59.225,0.82257,0.82269,1.50,1.73
2012.08.02 11:00:59.353,0.82257,0.82272,2.85,1.50
2012.08.02 11:00:59.653,0.82257,0.8227,1.73,1.50
2012.08.02 11:01:00.142,0.82257,0.82269,2.10,1.50
2012.08.02 11:01:00.217,0.82257,0.82273,2.10,1.73
2012.08.02 11:01:01.287,0.82257,0.82273,3.00,1.73
2012.08.02 11:01:01.797,0.82255,0.8227,6.23,1.73
2012.08.02 11:01:06.234,0.82256,0.8227,2.10,1.73
2012.08.02 11:01:06.688,0.82257,0.82273,1.35,1.73
2012.08.02 11:01:07.012,0.82257,0.8227,1.35,1.50
2012.08.02 11:01:08.238,0.82257,0.82273,1.35,1.73
2012.08.02 11:01:08.360,0.82255,0.82273,2.48,3.74
2012.08.02 11:01:08.894,0.82255,0.82271,1.73,2.24
2012.08.02 11:01:08.960,0.82255,0.82271,2.85,1.73
2012.08.02 11:01:09.084,0.82258,0.82274,2.10,2.48
2012.08.02 11:01:09.325,0.82258,0.82274,1.88,2.48
2012.08.02 11:01:09.448,0.82258,0.82274,2.10,2.48
2012.08.02 11:01:10.015,0.82263,0.82274,1.50,1.73
2012.08.02 11:01:10.149,0.82267,0.82282,1.73,5.24
2012.08.02 11:01:10.332,0.82269,0.82282,1.50,2.24
2012.08.02 11:01:10.572,0.82267,0.82282,1.73,2.99
2012.08.02 11:01:13.201,0.82267,0.82281,1.73,2.99
2012.08.02 11:01:13.326,0.82267,0.82281,1.50,3.74
2012.08.02 11:01:13.451,0.82267,0.82282,1.50,3.23
2012.08.02 11:01:13.873,0.82269,0.82283,1.50,2.48
2012.08.02 11:01:14.517,0.82273,0.82286,2.25,3.36
2012.08.02 11:01:14.589,0.82274,0.82291,2.48,2.99
2012.08.02 11:01:16.166,0.82272,0.82286,1.88,1.73
2012.08.02 11:01:16.481,0.8227,0.82286,1.50,1.73
2012.08.02 11:01:17.018,0.8227,0.82286,1.73,1.73
2012.08.02 11:01:17.541,0.82271,0.82287,1.50,2.84
2012.08.02 11:01:18.399,0.82271,0.82287,2.10,1.49
2012.08.02 11:01:18.527,0.82274,0.82287,1.50,1.49
2012.08.02 11:01:18.592,0.82274,0.82288,1.73,1.49
2012.08.02 11:01:19.131,0.82276,0.82291,2.25,1.73
2012.08.02 11:01:20.186,0.82276,0.82293,3.98,2.63
2012.08.02 11:01:20.266,0.8228,0.82296,1.73,1.73
2012.08.02 11:01:21.307,0.82283,0.82297,1.73,1.73
2012.08.02 11:01:21.372,0.82285,0.82296,1.50,1.73
2012.08.02 11:01:21.730,0.82282,0.82296,2.25,1.73
2012.08.02 11:01:21.975,0.82284,0.823,3.23,2.48
2012.08.02 11:01:22.042,0.82286,0.823,1.50,1.73
2012.08.02 11:01:22.167,0.8229,0.82304,1.50,1.73
2012.08.02 11:01:22.481,0.8229,0.82306,2.25,4.73
2012.08.02 11:01:22.664,0.82291,0.82307,1.50,1.73
2012.08.02 11:01:22.729,0.82291,0.82308,2.48,2.24
2012.08.02 11:01:23.253,0.82291,0.82307,1.50,1.73
2012.08.02 11:01:23.317,0.82291,0.82308,2.25,2.24
2012.08.02 11:01:24.153,0.8229,0.82306,3.00,2.48
2012.08.02 11:01:24.220,0.8229,0.82306,2.25,2.48
2012.08.02 11:01:24.771,0.82291,0.82307,1.50,2.99
2012.08.02 11:01:25.279,0.82289,0.82307,2.48,5.24
2012.08.02 11:01:25.464,0.8229,0.82305,1.88,1.73
2012.08.02 11:01:25.529,0.8229,0.82305,1.13,1.73
2012.08.02 11:01:25.597,0.82289,0.82299,2.63,1.50
2012.08.02 11:01:25.901,0.82283,0.82295,2.10,1.50
2012.08.02 11:01:26.088,0.82277,0.8229,1.50,2.48
2012.08.02 11:01:26.272,0.82275,0.82289,1.73,1.73
2012.08.02 11:01:26.384,0.82275,0.82289,2.48,1.73
2012.08.02 11:01:26.741,0.82275,0.82291,1.73,1.50
2012.08.02 11:01:26.805,0.82275,0.82291,1.73,2.48
2012.08.02 11:01:27.617,0.82275,0.8229,1.73,1.50
2012.08.02 11:01:27.859,0.82275,0.82288,1.73,1.50
2012.08.02 11:01:28.326,0.82275,0.8229,2.10,1.50
2012.08.02 11:01:32.168,0.82282,0.82295,1.88,1.73
2012.08.02 11:01:32.479,0.8228,0.82289,1.50,1.73
2012.08.02 11:01:33.871,0.8228,0.82287,1.50,1.73
2012.08.02 11:01:34.188,0.82275,0.82287,1.50,3.23
2012.08.02 11:01:34.311,0.82271,0.82287,3.23,3.23
2012.08.02 11:01:34.493,0.82272,0.82286,1.50,1.73
2012.08.02 11:01:34.732,0.82271,0.82288,2.48,1.73
2012.08.02 11:01:35.509,0.82272,0.82288,1.50,1.73
2012.08.02 11:01:36.048,0.82272,0.82289,1.73,4.34
2012.08.02 11:01:36.600,0.82272,0.82286,1.73,1.50
2012.08.02 11:01:37.231,0.82272,0.82286,1.73,1.50
2012.08.02 11:01:37.765,0.82273,0.8229,2.48,1.49
2012.08.02 11:01:39.329,0.82274,0.82288,1.50,1.73
2012.08.02 11:01:40.032,0.82274,0.82289,1.50,1.73
2012.08.02 11:01:40.790,0.82274,0.8229,2.10,1.26
2012.08.02 11:01:40.973,0.82274,0.82291,2.85,1.73
2012.08.02 11:01:43.085,0.82278,0.82292,1.88,2.48
2012.08.02 11:01:43.389,0.82282,0.82294,1.50,1.73
2012.08.02 11:01:43.515,0.82282,0.82295,2.25,1.49
2012.08.02 11:01:43.698,0.82279,0.82296,2.48,2.48
2012.08.02 11:01:43.880,0.82279,0.82296,3.98,2.48
2012.08.02 11:01:44.179,0.82279,0.82294,2.85,1.73
2012.08.02 11:01:44.668,0.82281,0.82295,1.73,2.48
2012.08.02 11:01:44.734,0.82279,0.82291,3.00,1.73
2012.08.02 11:01:45.091,0.82276,0.82291,2.48,1.73
2012.08.02 11:01:45.329,0.82279,0.82291,1.50,1.73
2012.08.02 11:01:45.930,0.82278,0.82291,1.50,1.73
2012.08.02 11:01:47.238,0.82276,0.82293,4.35,2.48
2012.08.02 11:01:47.539,0.82279,0.82294,2.48,2.25
2012.08.02 11:01:47.896,0.82279,0.82294,3.23,1.50
2012.08.02 11:01:48.426,0.8228,0.82295,2.48,1.73
2012.08.02 11:01:49.232,0.82285,0.82297,1.88,3.98
2012.08.02 11:01:49.593,0.82283,0.82298,1.50,2.48
2012.08.02 11:01:49.836,0.82279,0.82294,2.25,2.48
2012.08.02 11:01:50.137,0.82283,0.82294,1.50,1.73
2012.08.02 11:01:50.381,0.82284,0.82297,2.25,2.10
2012.08.02 11:01:50.508,0.82284,0.823,2.48,1.73
2012.08.02 11:01:51.048,0.82285,0.82301,2.48,6.60
2012.08.02 11:01:51.124,0.82284,0.823,2.25,1.73
2012.08.02 11:01:51.250,0.82284,0.82299,1.50,2.48
2012.08.02 11:01:52.470,0.82283,0.82296,2.85,1.73
2012.08.02 11:01:52.781,0.82281,0.82296,5.25,1.73
2012.08.02 11:01:53.084,0.82277,0.82292,3.23,1.50
2012.08.02 11:01:53.209,0.82277,0.82292,3.23,1.50
2012.08.02 11:01:53.333,0.82275,0.82291,6.60,1.73
2012.08.02 11:01:54.044,0.82278,0.82292,3.38,1.73
2012.08.02 11:01:54.346,0.82278,0.82292,2.85,1.50
2012.08.02 11:01:54.887,0.82278,0.82295,2.85,2.48
2012.08.02 11:01:56.185,0.82282,0.82295,2.25,1.73
2012.08.02 11:01:56.655,0.8228,0.82295,4.35,2.48
2012.08.02 11:01:58.995,0.82282,0.82295,3.00,1.73
2012.08.02 11:01:59.059,0.82282,0.82295,3.98,1.50
2012.08.02 11:01:59.301,0.82281,0.82295,1.50,2.85
2012.08.02 11:01:59.812,0.82281,0.82294,1.50,1.50
2012.08.02 11:01:59.885,0.82275,0.82288,3.98,1.50
2012.08.02 11:01:59.951,0.82275,0.82288,3.83,1.50
2012.08.02 11:02:00.016,0.82275,0.82291,3.83,3.98
2012.08.02 11:02:03.454,0.82278,0.82293,1.50,3.23
2012.08.02 11:02:04.024,0.82276,0.82292,1.73,2.48
2012.08.02 11:02:04.990,0.82275,0.82291,1.73,3.60
2012.08.02 11:02:05.171,0.82274,0.82288,1.73,1.50
2012.08.02 11:02:05.795,0.82274,0.82289,1.73,2.48
2012.08.02 11:02:06.408,0.82275,0.8229,1.50,2.48
2012.08.02 11:02:08.908,0.82277,0.82291,1.50,2.85
2012.08.02 11:02:09.030,0.82275,0.82291,1.50,2.85
2012.08.02 11:02:09.508,0.82278,0.8229,1.13,3.23
2012.08.02 11:02:10.154,0.82295,0.82301,1.50,1.35
2012.08.02 11:02:10.227,0.82295,0.82303,1.50,1.50
2012.08.02 11:02:10.355,0.82295,0.82309,1.50,2.48
2012.08.02 11:02:10.605,0.82298,0.8231,1.88,3.23
2012.08.02 11:02:10.909,0.82298,0.82314,3.00,1.01
2012.08.02 11:02:11.275,0.82301,0.82317,1.50,1.73
2012.08.02 11:02:11.403,0.82303,0.82316,1.13,1.73
2012.08.02 11:02:11.647,0.82303,0.82316,1.13,1.50
2012.08.02 11:02:12.934,0.82303,0.82315,1.35,1.50
2012.08.02 11:02:13.001,0.823,0.82313,2.85,1.50
2012.08.02 11:02:13.515,0.82302,0.82313,1.88,1.73
2012.08.02 11:02:13.706,0.823,0.82312,2.48,1.73
2012.08.02 11:02:13.770,0.823,0.82312,2.85,1.73
2012.08.02 11:02:13.952,0.823,0.82314,2.85,3.00
2012.08.02 11:02:14.370,0.82302,0.82317,2.10,1.73
2012.08.02 11:02:14.903,0.82303,0.82317,1.73,1.73
2012.08.02 11:02:14.969,0.82303,0.82317,1.50,1.73
2012.08.02 11:02:15.093,0.82303,0.82317,2.48,1.73
2012.08.02 11:02:15.160,0.82303,0.82317,2.25,1.73
2012.08.02 11:02:16.106,0.82303,0.82318,1.35,3.98
2012.08.02 11:02:16.230,0.82303,0.82318,1.35,2.48
2012.08.02 11:02:16.770,0.82304,0.82318,1.35,1.50
2012.08.02 11:02:17.344,0.82304,0.82319,2.10,2.48
2012.08.02 11:02:18.056,0.82302,0.82319,1.73,2.99
2012.08.02 11:02:18.179,0.82302,0.82319,3.00,2.99
2012.08.02 11:02:18.244,0.82304,0.82319,1.50,2.99
2012.08.02 11:02:18.367,0.82302,0.82318,1.50,2.48
2012.08.02 11:02:18.555,0.82302,0.82318,1.50,3.98
2012.08.02 11:02:18.857,0.82298,0.82314,1.50,1.35
2012.08.02 11:02:19.042,0.82297,0.82311,2.25,1.73
2012.08.02 11:02:19.228,0.82293,0.82306,1.48,2.25
2012.08.02 11:02:19.354,0.8229,0.82305,2.25,1.73
2012.08.02 11:02:19.653,0.82289,0.82304,1.73,1.50
2012.08.02 11:02:20.071,0.82289,0.82303,2.48,1.50
2012.08.02 11:02:20.371,0.82288,0.82303,2.10,2.48
2012.08.02 11:02:21.458,0.82288,0.82301,1.50,2.10
2012.08.02 11:02:21.645,0.82282,0.82298,3.98,1.73
2012.08.02 11:02:22.178,0.82282,0.82298,2.48,1.73
2012.08.02 11:02:23.126,0.82284,0.82298,1.88,3.23
2012.08.02 11:02:26.918,0.82281,0.82296,1.73,2.48
2012.08.02 11:02:26.982,0.82281,0.82295,1.73,1.35
2012.08.02 11:02:27.340,0.82279,0.82292,4.13,2.48
2012.08.02 11:02:27.816,0.82284,0.82291,1.88,2.48
2012.08.02 11:02:27.882,0.82284,0.82291,1.88,1.50
2012.08.02 11:02:28.326,0.82284,0.82294,1.88,1.50
2012.08.02 11:02:28.684,0.82281,0.82294,1.88,2.48
2012.08.02 11:02:28.806,0.82283,0.82294,1.88,2.48
2012.08.02 11:02:28.930,0.82279,0.82292,1.50,1.50
2012.08.02 11:02:29.344,0.82277,0.8229,2.85,1.50
2012.08.02 11:02:29.467,0.82277,0.82292,3.04,1.50
2012.08.02 11:02:29.765,0.82277,0.82291,2.85,3.00
2012.08.02 11:02:30.094,0.82277,0.8229,2.63,3.23
2012.08.02 11:02:31.086,0.82277,0.8229,1.88,3.23
2012.08.02 11:02:31.512,0.82273,0.82286,2.67,1.50
2012.08.02 11:02:31.868,0.82271,0.82285,2.85,2.48
2012.08.02 11:02:32.421,0.82271,0.82285,2.85,2.48
2012.08.02 11:02:34.007,0.82271,0.82286,2.85,2.48
2012.08.02 11:02:34.187,0.82271,0.82286,2.85,2.48
2012.08.02 11:02:36.888,0.82273,0.82287,2.48,1.50
2012.08.02 11:02:37.461,0.82272,0.82286,2.85,1.50
2012.08.02 11:02:39.249,0.82272,0.82289,2.85,3.98
2012.08.02 11:02:40.889,0.82272,0.82287,4.73,1.50
2012.08.02 11:02:40.954,0.82272,0.82285,3.23,1.50
2012.08.02 11:02:41.076,0.82272,0.82285,2.63,2.48
2012.08.02 11:02:41.647,0.82272,0.82286,1.88,1.73
2012.08.02 11:02:42.160,0.82272,0.82286,2.63,1.73
2012.08.02 11:02:42.355,0.82272,0.82286,1.88,1.73
2012.08.02 11:02:42.729,0.8227,0.82284,1.50,2.85
2012.08.02 11:02:42.969,0.82268,0.82283,1.42,2.48
2012.08.02 11:02:44.026,0.82266,0.82282,4.27,3.23
2012.08.02 11:02:46.509,0.82268,0.82283,3.15,1.50
2012.08.02 11:02:47.635,0.82268,0.82282,1.65,1.50
2012.08.02 11:02:47.699,0.82267,0.82282,1.65,2.48
2012.08.02 11:02:48.064,0.82266,0.82277,1.95,1.50
2012.08.02 11:02:48.610,0.82266,0.82278,1.95,1.50
2012.08.02 11:02:48.788,0.82266,0.8228,1.95,3.00
2012.08.02 11:02:49.637,0.82266,0.8228,1.88,3.00
2012.08.02 11:02:50.082,0.82266,0.8228,1.95,3.00
2012.08.02 11:02:50.684,0.82266,0.82279,1.95,1.50
2012.08.02 11:02:51.383,0.82266,0.82279,1.95,1.50
2012.08.02 11:02:51.912,0.82266,0.82279,1.95,1.50
2012.08.02 11:02:52.229,0.82266,0.82279,1.88,1.50
2012.08.02 11:02:52.294,0.82264,0.82277,2.25,3.60
2012.08.02 11:02:52.593,0.82261,0.82276,2.48,1.50
2012.08.02 11:02:53.205,0.82263,0.82277,1.50,3.23
2012.08.02 11:02:53.734,0.82264,0.82277,4.13,2.48
2012.08.02 11:02:54.253,0.82264,0.82276,1.88,1.50
2012.08.02 11:02:54.435,0.82262,0.82276,3.98,1.50
2012.08.02 11:02:54.851,0.82261,0.82276,1.50,4.73
2012.08.02 11:02:55.175,0.82261,0.82276,1.50,4.73
2012.08.02 11:02:55.567,0.82258,0.82276,5.85,3.98
2012.08.02 11:02:55.639,0.8226,0.82276,2.48,2.48
2012.08.02 11:02:57.258,0.82258,0.82276,3.98,5.85
2012.08.02 11:02:57.816,0.82259,0.82274,1.50,1.73
2012.08.02 11:02:58.113,0.8226,0.82274,1.73,1.50
2012.08.02 11:02:59.459,0.82259,0.82274,1.73,1.50
2012.08.02 11:03:00.262,0.82258,0.82274,3.23,1.73
2012.08.02 11:03:00.792,0.82259,0.82274,1.50,3.23
2012.08.02 11:03:01.625,0.82258,0.82272,1.73,2.25
2012.08.02 11:03:01.748,0.82257,0.82272,2.48,2.76
2012.08.02 11:03:02.221,0.82255,0.82271,4.73,1.50
2012.08.02 11:03:02.521,0.82255,0.82272,4.13,2.24
2012.08.02 11:03:02.643,0.82255,0.82267,1.50,1.50
2012.08.02 11:03:03.027,0.82256,0.8227,2.10,2.25
2012.08.02 11:03:03.268,0.82258,0.82272,1.50,1.73
2012.08.02 11:03:03.742,0.82258,0.82271,1.50,1.50
2012.08.02 11:03:03.930,0.82256,0.82272,3.60,3.23
2012.08.02 11:03:03.994,0.82256,0.82271,3.60,1.50
2012.08.02 11:03:04.379,0.82257,0.82272,1.73,3.23
2012.08.02 11:03:04.686,0.82257,0.82274,4.35,2.85
2012.08.02 11:03:05.023,0.82262,0.82274,1.50,2.85
2012.08.02 11:03:05.336,0.8226,0.82274,2.25,2.85
2012.08.02 11:03:05.914,0.82259,0.82265,2.25,1.88
2012.08.02 11:03:06.224,0.82255,0.82263,1.50,1.50
2012.08.02 11:03:06.352,0.82246,0.8226,1.50,3.23
2012.08.02 11:03:06.416,0.82246,0.8226,1.50,3.23
2012.08.02 11:03:06.832,0.82244,0.82259,1.50,2.48
2012.08.02 11:03:07.074,0.82247,0.8226,1.50,2.48
2012.08.02 11:03:07.604,0.82249,0.82262,1.50,2.85
2012.08.02 11:03:07.905,0.82253,0.82266,3.38,1.69
2012.08.02 11:03:08.030,0.82255,0.82267,3.23,1.45
2012.08.02 11:03:08.272,0.82257,0.8227,1.73,4.69
2012.08.02 11:03:08.839,0.82254,0.82267,1.73,2.25
2012.08.02 11:03:08.904,0.82254,0.82267,1.50,2.25
2012.08.02 11:03:09.146,0.82253,0.82268,3.00,3.60
2012.08.02 11:03:10.304,0.82253,0.82268,2.67,3.38
2012.08.02 11:03:10.738,0.82253,0.82268,2.48,4.13
2012.08.02 11:03:11.101,0.82252,0.82268,2.85,3.23
2012.08.02 11:03:12.378,0.82255,0.82267,1.50,2.48
2012.08.02 11:03:12.854,0.82254,0.82267,1.50,1.73
2012.08.02 11:03:12.979,0.82255,0.8227,1.73,3.60
2012.08.02 11:03:14.858,0.82255,0.8227,1.73,4.13
2012.08.02 11:03:14.922,0.82256,0.8227,1.73,2.63
2012.08.02 11:03:15.101,0.82256,0.82273,2.48,7.35
2012.08.02 11:03:16.259,0.82257,0.82272,3.98,1.50
2012.08.02 11:03:16.620,0.82261,0.82272,2.10,1.50
2012.08.02 11:03:16.919,0.8226,0.82272,1.50,1.50
2012.08.02 11:03:17.042,0.82258,0.82272,1.58,1.50
2012.08.02 11:03:17.164,0.82258,0.8227,1.58,1.50
2012.08.02 11:03:18.415,0.82258,0.82272,1.58,1.50
2012.08.02 11:03:19.955,0.82258,0.8227,1.58,1.50
2012.08.02 11:03:20.259,0.82257,0.82268,1.58,1.50
2012.08.02 11:03:20.501,0.82257,0.8227,1.58,1.50
2012.08.02 11:03:21.501,0.82257,0.82272,1.58,3.75
2012.08.02 11:03:22.072,0.82257,0.82271,1.58,1.50
2012.08.02 11:03:22.310,0.82257,0.82269,1.58,1.50
2012.08.02 11:03:22.434,0.82257,0.82271,3.08,1.50
2012.08.02 11:03:22.500,0.82261,0.82274,1.88,3.23
2012.08.02 11:03:23.005,0.82261,0.82274,2.10,1.50
2012.08.02 11:03:24.692,0.82261,0.82274,2.10,2.25
2012.08.02 11:03:24.874,0.82259,0.82274,2.25,2.48
2012.08.02 11:03:25.476,0.82257,0.82269,1.73,1.50
2012.08.02 11:03:25.958,0.82255,0.82268,1.35,1.50
2012.08.02 11:03:26.094,0.82255,0.82268,1.35,2.25
2012.08.02 11:03:26.351,0.82254,0.82268,1.50,2.48
2012.08.02 11:03:26.707,0.82252,0.82263,1.92,1.50
2012.08.02 11:03:26.830,0.82254,0.82265,1.50,4.13
2012.08.02 11:03:27.419,0.82255,0.82267,1.50,2.85
2012.08.02 11:03:27.602,0.82256,0.82269,1.73,3.60
2012.08.02 11:03:27.665,0.82256,0.82269,1.73,2.10
2012.08.02 11:03:42.138,0.82255,0.82269,1.73,2.10
2012.08.02 11:03:42.665,0.82254,0.82269,2.85,1.73
2012.08.02 11:03:43.030,0.82254,0.82269,4.35,1.50
2012.08.02 11:03:43.327,0.82254,0.82269,3.60,1.73
2012.08.02 11:03:44.131,0.82253,0.82268,2.48,1.73
2012.08.02 11:03:44.312,0.82253,0.82266,1.50,1.73
2012.08.02 11:03:44.730,0.82254,0.82264,4.13,1.73
2012.08.02 11:03:44.856,0.82257,0.82271,2.10,1.50
2012.08.02 11:03:45.519,0.82254,0.82265,3.23,1.50
2012.08.02 11:03:46.234,0.82254,0.82265,3.23,1.50
2012.08.02 11:03:46.658,0.82254,0.82263,2.48,1.50
2012.08.02 11:03:46.843,0.82253,0.82263,1.73,1.50
2012.08.02 11:03:47.355,0.82253,0.82265,1.73,1.73
2012.08.02 11:03:48.307,0.82253,0.82263,1.73,1.50
2012.08.02 11:03:49.089,0.82253,0.82265,2.48,1.73
2012.08.02 11:03:49.501,0.82254,0.82266,1.73,1.50
2012.08.02 11:03:50.046,0.82254,0.82267,1.73,1.73
2012.08.02 11:03:51.010,0.82254,0.82269,3.23,1.73
2012.08.02 11:03:52.706,0.82254,0.82269,4.95,1.50
2012.08.02 11:03:53.237,0.82259,0.82269,1.73,1.50
2012.08.02 11:03:53.621,0.82259,0.82271,1.73,1.50
2012.08.02 11:03:53.688,0.8226,0.82275,2.48,1.73
2012.08.02 11:03:54.069,0.82258,0.82274,5.48,1.73
2012.08.02 11:04:00.007,0.8226,0.82274,1.73,1.73
2012.08.02 11:04:00.259,0.82263,0.82277,3.60,1.73
2012.08.02 11:04:00.793,0.82263,0.82276,3.60,1.50
2012.08.02 11:04:01.029,0.82263,0.82276,3.60,1.50
2012.08.02 11:04:01.567,0.82263,0.82275,2.48,1.50
2012.08.02 11:04:02.632,0.82259,0.82276,5.85,1.73
2012.08.02 11:04:03.451,0.82259,0.82272,3.60,1.50
2012.08.02 11:04:03.692,0.82258,0.8227,2.48,1.50
2012.08.02 11:04:04.889,0.82258,0.8227,1.73,1.50
2012.08.02 11:04:05.012,0.82259,0.82272,1.73,1.50
2012.08.02 11:04:05.540,0.82259,0.82274,1.73,1.73
2012.08.02 11:04:08.191,0.82257,0.82274,5.33,3.23
2012.08.02 11:04:08.430,0.82257,0.82274,2.85,3.23
2012.08.02 11:04:08.553,0.82257,0.82272,2.10,2.48
2012.08.02 11:04:08.968,0.82257,0.82272,3.60,1.73
2012.08.02 11:04:09.507,0.82257,0.82273,2.10,4.73
2012.08.02 11:04:10.037,0.82257,0.82271,1.88,2.48
2012.08.02 11:04:11.538,0.82257,0.82273,3.00,2.48
2012.08.02 11:04:11.603,0.82258,0.82274,1.35,2.48
2012.08.02 11:04:14.583,0.82258,0.82271,2.48,1.50
2012.08.02 11:04:14.944,0.82256,0.82267,2.63,1.49
2012.08.02 11:04:15.304,0.82248,0.82262,1.73,1.73
2012.08.02 11:04:15.835,0.82249,0.82264,2.48,2.48
2012.08.02 11:04:15.959,0.82252,0.82266,1.50,4.73
2012.08.02 11:04:16.142,0.82252,0.82266,1.73,1.73
2012.08.02 11:04:16.208,0.82252,0.82266,1.73,1.73
2012.08.02 11:04:16.741,0.82248,0.82263,3.98,1.49
2012.08.02 11:04:16.807,0.82248,0.82263,3.23,1.49
2012.08.02 11:04:24.819,0.82249,0.82263,2.85,1.50
2012.08.02 11:04:25.118,0.82247,0.82261,1.73,1.73
2012.08.02 11:04:25.724,0.82247,0.8226,1.73,1.50
2012.08.02 11:04:26.326,0.82247,0.82261,1.73,1.73
2012.08.02 11:04:26.563,0.82246,0.82261,3.98,1.73
2012.08.02 11:04:28.137,0.82246,0.8226,2.48,1.88
2012.08.02 11:04:28.202,0.82246,0.8226,1.73,2.85
2012.08.02 11:04:28.383,0.82245,0.8226,2.85,1.73
2012.08.02 11:04:28.449,0.82247,0.8226,1.73,1.50
2012.08.02 11:04:28.784,0.82247,0.82263,5.48,1.73
2012.08.02 11:04:29.608,0.82248,0.82263,2.48,1.49
2012.08.02 11:04:30.058,0.82247,0.82263,2.85,2.99
2012.08.02 11:04:30.633,0.82246,0.82257,2.10,1.88
2012.08.02 11:04:30.991,0.82241,0.82256,1.73,1.86
2012.08.02 11:04:31.354,0.82241,0.82256,1.73,1.86
2012.08.02 11:04:31.779,0.82243,0.82257,1.73,4.86
2012.08.02 11:04:31.844,0.82243,0.82257,1.73,4.86
2012.08.02 11:04:32.372,0.82242,0.82257,3.98,5.61
2012.08.02 11:04:32.935,0.82243,0.82257,1.73,4.86
2012.08.02 11:04:33.124,0.82243,0.8226,3.98,2.99
2012.08.02 11:04:34.830,0.82243,0.82256,1.73,1.50
2012.08.02 11:04:34.896,0.82243,0.82256,1.73,1.73
2012.08.02 11:04:34.961,0.82243,0.82256,1.73,1.73
2012.08.02 11:04:36.381,0.82242,0.82259,4.73,2.99
2012.08.02 11:04:36.945,0.82242,0.82259,4.73,2.99
2012.08.02 11:04:39.850,0.82244,0.82258,2.48,1.73
2012.08.02 11:04:42.350,0.82242,0.82257,1.73,2.24
2012.08.02 11:04:42.475,0.8224,0.82256,4.73,1.11
2012.08.02 11:04:42.834,0.8224,0.82254,2.48,3.60
2012.08.02 11:04:43.019,0.82238,0.82252,2.48,2.48
2012.08.02 11:04:43.085,0.82235,0.82248,1.73,1.50
2012.08.02 11:04:43.210,0.82234,0.82248,2.48,1.50
2012.08.02 11:04:43.332,0.82234,0.82248,1.73,1.73
2012.08.02 11:04:44.697,0.82233,0.82246,1.17,1.73
2012.08.02 11:04:46.284,0.82231,0.82245,4.73,1.50
2012.08.02 11:04:46.787,0.82231,0.82246,1.35,1.73
2012.08.02 11:04:47.546,0.82233,0.82248,2.48,2.25
2012.08.02 11:04:47.906,0.82238,0.82249,1.35,1.50
2012.08.02 11:04:48.093,0.82235,0.82251,5.10,2.24
2012.08.02 11:04:49.873,0.82235,0.82247,1.73,1.50
2012.08.02 11:04:50.717,0.82234,0.8225,1.73,2.24
2012.08.02 11:04:50.966,0.82236,0.8225,1.88,2.99
2012.08.02 11:04:51.205,0.82236,0.8225,3.60,2.24
2012.08.02 11:04:51.328,0.82237,0.8225,2.10,1.50
2012.08.02 11:04:51.748,0.82239,0.82252,1.73,2.25
2012.08.02 11:04:51.872,0.8224,0.82253,1.73,2.25
2012.08.02 11:04:53.555,0.82242,0.82257,3.23,2.24
2012.08.02 11:04:54.087,0.82244,0.82259,1.73,3.36
2012.08.02 11:04:54.573,0.82243,0.82257,1.73,2.25
2012.08.02 11:04:54.813,0.82241,0.82257,2.85,2.99
2012.08.02 11:04:56.387,0.8224,0.82256,1.73,2.24
2012.08.02 11:04:56.804,0.82243,0.82256,1.50,2.24
2012.08.02 11:04:57.446,0.82243,0.82256,3.38,1.73
2012.08.02 11:04:57.751,0.82245,0.82253,1.73,1.50
2012.08.02 11:04:57.935,0.82243,0.82258,3.23,2.48
2012.08.02 11:04:58.473,0.82243,0.82255,1.73,1.50
2012.08.02 11:04:58.773,0.82243,0.82254,1.50,1.73
2012.08.02 11:04:59.248,0.82243,0.82255,1.73,1.50
2012.08.02 11:04:59.372,0.82243,0.82254,2.48,1.50
2012.08.02 11:04:59.612,0.82243,0.82256,1.73,1.88
2012.08.02 11:04:59.797,0.82243,0.82258,1.73,3.98
2012.08.02 11:05:00.328,0.82242,0.82257,1.73,2.25
2012.08.02 11:05:01.301,0.82242,0.82255,1.73,1.50
2012.08.02 11:05:02.516,0.82242,0.82257,1.73,3.75
2012.08.02 11:05:03.237,0.82242,0.82257,1.73,2.25
2012.08.02 11:05:03.538,0.82244,0.82255,1.73,1.50
2012.08.02 11:05:03.719,0.82243,0.82258,1.73,1.73
2012.08.02 11:05:04.245,0.82243,0.82257,1.73,1.50
2012.08.02 11:05:04.542,0.82247,0.82259,2.85,1.50
2012.08.02 11:05:05.081,0.82248,0.82261,1.73,1.13
2012.08.02 11:05:06.230,0.82253,0.82263,1.50,1.49
2012.08.02 11:05:06.537,0.82253,0.82266,2.48,2.44
2012.08.02 11:05:07.071,0.82253,0.82268,3.98,2.61
2012.08.02 11:05:07.605,0.82253,0.82269,7.35,4.11
2012.08.02 11:05:07.847,0.82251,0.82267,2.48,3.14
2012.08.02 11:05:07.912,0.82251,0.82266,1.73,1.49
2012.08.02 11:05:08.036,0.82251,0.82266,1.73,1.49
2012.08.02 11:05:09.626,0.82252,0.82266,2.48,1.49
2012.08.02 11:05:10.156,0.8225,0.82266,1.73,2.48
2012.08.02 11:05:10.862,0.8225,0.82263,1.73,1.50
2012.08.02 11:05:11.526,0.8225,0.82265,3.23,1.73
2012.08.02 11:05:15.642,0.8225,0.82261,3.60,1.88
2012.08.02 11:05:15.826,0.8225,0.82261,1.73,1.73
2012.08.02 11:05:15.949,0.82248,0.8226,1.50,2.10
2012.08.02 11:05:16.133,0.82244,0.82257,1.73,1.73
2012.08.02 11:05:17.094,0.82246,0.82257,1.73,1.50
2012.08.02 11:05:17.159,0.82244,0.82259,1.73,1.50
2012.08.02 11:05:17.282,0.82243,0.82259,2.48,1.73
2012.08.02 11:05:17.813,0.82241,0.82253,3.23,1.73
2012.08.02 11:05:18.341,0.82237,0.82251,4.73,1.50
2012.08.02 11:05:19.048,0.82239,0.82254,1.73,1.73
2012.08.02 11:05:19.405,0.82243,0.82254,1.73,1.50
2012.08.02 11:05:19.469,0.82243,0.82257,1.73,3.23
2012.08.02 11:05:24.438,0.82241,0.82257,5.10,1.73
2012.08.02 11:05:25.280,0.82241,0.82253,4.35,1.50
2012.08.02 11:05:25.975,0.82243,0.82255,1.73,1.73
2012.08.02 11:05:26.858,0.82243,0.82253,1.73,1.50
2012.08.02 11:05:29.347,0.82239,0.8225,2.25,1.73
2012.08.02 11:05:29.478,0.82236,0.82248,3.60,1.50
2012.08.02 11:05:29.544,0.82236,0.82251,3.60,3.23
2012.08.02 11:05:31.251,0.8224,0.82252,1.73,1.50
2012.08.02 11:05:31.725,0.82241,0.82256,1.73,2.48
2012.08.02 11:05:31.789,0.82244,0.82256,1.73,2.48
2012.08.02 11:05:32.147,0.82241,0.82256,1.73,2.48
2012.08.02 11:05:32.752,0.82243,0.82256,1.73,1.92
2012.08.02 11:05:33.049,0.82241,0.82253,1.73,1.50
2012.08.02 11:05:33.665,0.82241,0.82253,1.73,1.50
2012.08.02 11:05:33.969,0.82236,0.82247,2.48,1.50
2012.08.02 11:05:34.269,0.82236,0.82246,1.50,1.73
2012.08.02 11:05:35.045,0.82233,0.82249,1.92,4.86
2012.08.02 11:05:36.370,0.82233,0.82249,3.60,1.73
2012.08.02 11:05:38.460,0.82233,0.82251,5.10,5.10
2012.08.02 11:05:41.441,0.82234,0.82249,1.73,1.73
2012.08.02 11:05:44.311,0.82236,0.82249,1.50,1.73
2012.08.02 11:05:44.666,0.82237,0.82251,2.25,2.10
2012.08.02 11:05:44.903,0.82236,0.82251,1.73,2.10
2012.08.02 11:05:46.187,0.82239,0.82252,2.85,1.50
2012.08.02 11:05:46.633,0.82242,0.82254,1.35,1.50
2012.08.02 11:05:46.699,0.82244,0.82257,2.48,1.73
2012.08.02 11:06:01.053,0.82242,0.82256,1.35,1.50
2012.08.02 11:06:01.608,0.82242,0.82257,2.85,3.60
2012.08.02 11:06:02.460,0.82242,0.82255,1.35,2.63
2012.08.02 11:06:02.764,0.82239,0.82252,2.48,2.48
2012.08.02 11:06:02.887,0.82238,0.82252,2.25,2.85
2012.08.02 11:06:03.360,0.82235,0.82248,3.60,1.50
2012.08.02 11:06:04.091,0.82235,0.82248,3.60,1.50
2012.08.02 11:06:04.650,0.82235,0.8225,3.60,1.73
2012.08.02 11:06:04.773,0.82235,0.82248,3.60,1.50
2012.08.02 11:06:05.270,0.82235,0.8225,3.60,1.73
2012.08.02 11:06:05.507,0.82235,0.82248,3.60,1.50
2012.08.02 11:06:06.267,0.82235,0.82251,3.60,1.73
2012.08.02 11:06:06.779,0.82235,0.82251,3.60,1.73
2012.08.02 11:06:07.769,0.82235,0.82249,3.60,1.50
2012.08.02 11:06:08.568,0.82235,0.82251,3.60,2.85
2012.08.02 11:06:09.157,0.82235,0.82248,3.60,1.50
2012.08.02 11:06:09.282,0.82235,0.8225,3.60,1.73
2012.08.02 11:06:09.807,0.82235,0.8225,1.73,1.73
2012.08.02 11:06:10.258,0.82234,0.8225,2.48,1.73
2012.08.02 11:06:10.321,0.82233,0.82248,3.08,1.50
2012.08.02 11:06:10.867,0.82233,0.82251,3.08,3.98
2012.08.02 11:06:13.264,0.82233,0.82251,3.08,4.73
2012.08.02 11:06:16.484,0.82234,0.82248,1.73,1.50
2012.08.02 11:06:17.016,0.82234,0.82251,2.48,3.23
2012.08.02 11:06:18.051,0.82234,0.82249,2.48,1.50
2012.08.02 11:06:21.805,0.82234,0.82251,3.98,2.48
2012.08.02 11:06:22.556,0.82234,0.82251,3.23,2.48
2012.08.02 11:06:23.719,0.82234,0.82251,3.98,2.48
2012.08.02 11:06:30.349,0.82234,0.82248,1.73,1.73
2012.08.02 11:06:31.765,0.82234,0.82248,1.73,1.73
2012.08.02 11:06:33.364,0.82234,0.82247,1.73,1.50
2012.08.02 11:06:33.715,0.82234,0.8225,2.48,3.60
2012.08.02 11:06:34.986,0.82235,0.8225,2.48,2.10
2012.08.02 11:06:35.585,0.82235,0.8225,2.48,2.10
2012.08.02 11:06:36.648,0.82235,0.8225,2.48,2.85
2012.08.02 11:06:37.441,0.82238,0.8225,1.50,2.10
2012.08.02 11:06:37.974,0.82236,0.8225,2.48,1.88
2012.08.02 11:06:38.096,0.82236,0.8225,2.25,2.10
2012.08.02 11:06:40.542,0.82236,0.8225,1.50,3.60
2012.08.02 11:06:40.721,0.82237,0.8225,1.73,3.38
2012.08.02 11:06:41.074,0.82238,0.8225,2.48,1.88
2012.08.02 11:06:42.886,0.82237,0.82252,3.23,1.50
2012.08.02 11:06:43.131,0.82237,0.8225,1.73,1.73
2012.08.02 11:06:43.199,0.82238,0.8225,1.95,1.73
2012.08.02 11:06:43.504,0.82246,0.82257,1.50,4.50
2012.08.02 11:06:43.631,0.82246,0.82261,2.48,4.26
2012.08.02 11:06:43.695,0.82246,0.82261,2.48,4.49
2012.08.02 11:06:44.342,0.82243,0.82257,3.23,1.50
2012.08.02 11:06:45.040,0.82243,0.82259,4.73,2.48
2012.08.02 11:06:48.079,0.82243,0.8226,3.98,2.61
2012.08.02 11:06:57.276,0.82243,0.82258,3.23,1.49
2012.08.02 11:06:57.518,0.82238,0.82255,2.48,2.61
2012.08.02 11:06:57.639,0.82238,0.82252,1.73,1.50
2012.08.02 11:06:57.876,0.82237,0.82252,1.73,2.24
2012.08.02 11:06:58.174,0.82236,0.82252,3.98,2.24
2012.08.02 11:06:58.298,0.82236,0.82249,1.73,1.49
2012.08.02 11:06:58.542,0.82234,0.82247,3.42,2.85
2012.08.02 11:06:58.608,0.82232,0.82244,1.17,1.73
2012.08.02 11:06:59.026,0.82229,0.82243,1.73,3.36
2012.08.02 11:06:59.148,0.82228,0.8224,2.29,1.50
2012.08.02 11:06:59.686,0.82227,0.8224,1.17,1.73
2012.08.02 11:06:59.931,0.82232,0.82243,1.88,1.92
2012.08.02 11:07:00.233,0.82229,0.82243,2.85,1.17
2012.08.02 11:07:00.903,0.82226,0.82241,1.73,2.99
2012.08.02 11:07:01.260,0.82231,0.82243,1.88,2.24
2012.08.02 11:07:01.659,0.82228,0.82243,2.10,1.73
2012.08.02 11:07:02.219,0.82231,0.82243,1.88,1.73
2012.08.02 11:07:02.457,0.82229,0.82244,2.48,2.24
2012.08.02 11:07:03.569,0.82228,0.82241,2.85,1.50
2012.08.02 11:07:04.233,0.82227,0.82243,5.10,1.73
2012.08.02 11:07:04.526,0.82231,0.82243,1.88,1.73
2012.08.02 11:07:04.648,0.82228,0.82244,2.85,2.99
2012.08.02 11:07:05.829,0.82231,0.82244,1.88,2.24
2012.08.02 11:07:06.008,0.82228,0.82244,2.85,2.24
2012.08.02 11:07:07.580,0.82231,0.82243,1.88,1.73
2012.08.02 11:07:07.875,0.82229,0.82245,4.35,2.24
2012.08.02 11:07:09.032,0.82228,0.82243,1.50,2.99
2012.08.02 11:07:10.194,0.82229,0.82243,1.13,2.48
2012.08.02 11:07:10.259,0.82229,0.82243,1.35,1.73
2012.08.02 11:07:10.384,0.82232,0.82245,2.63,2.99
2012.08.02 11:07:10.566,0.82234,0.82246,1.73,1.50
2012.08.02 11:07:11.038,0.82236,0.82248,1.50,2.99
2012.08.02 11:07:11.516,0.82233,0.82248,2.48,3.74
2012.08.02 11:07:12.138,0.82235,0.82248,1.50,2.24
2012.08.02 11:07:12.709,0.82236,0.82249,1.50,2.24
2012.08.02 11:07:12.773,0.82238,0.82249,1.50,2.24
2012.08.02 11:07:13.013,0.82236,0.82247,1.50,1.49
2012.08.02 11:07:13.806,0.82234,0.82247,1.73,1.49
2012.08.02 11:07:14.227,0.82233,0.82246,1.73,1.26
2012.08.02 11:07:14.638,0.82233,0.82245,1.50,1.49
2012.08.02 11:07:15.436,0.82233,0.82247,3.38,1.49
2012.08.02 11:07:20.379,0.82236,0.82247,1.50,1.49
2012.08.02 11:07:20.618,0.82239,0.8225,1.88,1.73
2012.08.02 11:07:20.800,0.82237,0.8225,3.38,1.49
2012.08.02 11:07:22.662,0.82237,0.82252,3.60,2.24
2012.08.02 11:07:26.189,0.82235,0.8225,1.73,1.11
2012.08.02 11:07:26.253,0.82234,0.8225,2.48,1.11
2012.08.02 11:07:26.492,0.82235,0.82249,1.73,1.26
2012.08.02 11:07:26.710,0.82235,0.82247,1.73,1.50
2012.08.02 11:07:26.947,0.82235,0.82249,1.73,2.01
2012.08.02 11:07:30.647,0.82234,0.82252,3.23,2.24
2012.08.02 11:07:31.909,0.82235,0.82249,5.10,1.50
2012.08.02 11:07:34.407,0.82237,0.82252,3.23,2.24
2012.08.02 11:07:34.875,0.82235,0.82248,3.60,1.50
2012.08.02 11:07:34.998,0.82235,0.8225,3.60,3.23
2012.08.02 11:07:40.329,0.82235,0.82249,3.60,1.50
2012.08.02 11:07:41.329,0.82235,0.82251,5.10,2.24
2012.08.02 11:07:41.855,0.82236,0.82249,1.73,1.50
2012.08.02 11:07:42.378,0.82237,0.82252,3.60,2.24
2012.08.02 11:07:43.160,0.82236,0.82249,1.73,1.50
2012.08.02 11:07:43.851,0.82236,0.82252,1.73,2.99
2012.08.02 11:07:44.488,0.82236,0.82249,1.73,1.50
2012.08.02 11:07:45.667,0.82235,0.82248,1.73,1.88
2012.08.02 11:07:45.733,0.82234,0.82246,2.48,1.13
2012.08.02 11:07:46.035,0.82228,0.82242,3.23,3.00
2012.08.02 11:07:46.219,0.82228,0.82238,2.25,1.88
2012.08.02 11:07:46.531,0.82225,0.82236,1.14,1.50
2012.08.02 11:07:46.779,0.82225,0.82238,1.14,2.10
2012.08.02 11:07:46.845,0.82225,0.82237,1.14,1.50
2012.08.02 11:07:47.384,0.82224,0.82239,1.92,2.24
2012.08.02 11:07:47.922,0.82226,0.82238,1.73,1.73
2012.08.02 11:07:48.105,0.82226,0.8224,3.23,1.50
2012.08.02 11:07:49.197,0.82226,0.82241,1.73,1.88
2012.08.02 11:07:49.862,0.82227,0.82241,1.73,1.88
2012.08.02 11:07:50.393,0.82229,0.82242,1.73,3.38
2012.08.02 11:07:54.485,0.82226,0.82242,3.23,1.88
2012.08.02 11:07:57.784,0.82226,0.82241,3.23,1.50
2012.08.02 11:07:58.324,0.82226,0.82238,3.23,1.88
2012.08.02 11:07:58.449,0.82226,0.8224,1.73,2.25
2012.08.02 11:07:58.513,0.82225,0.8224,1.73,2.76
2012.08.02 11:07:58.695,0.82224,0.82238,1.73,1.26
2012.08.02 11:08:01.362,0.82223,0.82236,2.48,1.88
2012.08.02 11:08:01.664,0.82221,0.82236,1.73,2.61
2012.08.02 11:08:02.025,0.82223,0.82237,1.35,2.24
2012.08.02 11:08:02.207,0.82223,0.82237,2.85,1.50
2012.08.02 11:08:03.823,0.82223,0.82237,1.35,1.50
2012.08.02 11:08:04.124,0.82222,0.82235,1.73,1.73
2012.08.02 11:08:04.938,0.8222,0.82233,1.73,1.50
2012.08.02 11:08:05.610,0.8222,0.82233,3.23,1.50
2012.08.02 11:08:07.533,0.82222,0.82235,1.73,2.85
2012.08.02 11:08:08.058,0.82223,0.82236,2.48,1.50
2012.08.02 11:08:08.127,0.82225,0.82239,1.73,3.38
2012.08.02 11:08:12.779,0.82224,0.82239,2.48,4.86
2012.08.02 11:08:13.315,0.82224,0.82239,2.48,4.13
2012.08.02 11:08:19.049,0.82226,0.8224,1.73,2.01
2012.08.02 11:08:20.189,0.82226,0.82241,2.48,2.76
2012.08.02 11:08:20.547,0.82228,0.82242,2.48,1.50
2012.08.02 11:08:21.079,0.82226,0.82241,3.83,1.50
2012.08.02 11:08:21.607,0.82226,0.8224,3.23,1.88
2012.08.02 11:08:22.084,0.82232,0.82241,1.73,1.50
2012.08.02 11:08:22.440,0.82232,0.82241,2.10,1.50
2012.08.02 11:08:22.504,0.82234,0.82246,1.73,1.26
2012.08.02 11:08:23.029,0.82234,0.82249,1.73,1.67
2012.08.02 11:08:25.972,0.82232,0.82244,2.48,1.88
2012.08.02 11:08:26.037,0.82232,0.82244,1.50,1.88
2012.08.02 11:08:26.510,0.82228,0.82243,3.98,1.50
2012.08.02 11:08:26.634,0.82228,0.82243,2.48,3.60
2012.08.02 11:08:27.160,0.82228,0.82243,2.48,4.11
2012.08.02 11:08:28.279,0.82228,0.82243,1.73,1.73
2012.08.02 11:08:28.343,0.82228,0.82243,1.73,1.50
2012.08.02 11:08:28.643,0.82228,0.82245,3.23,3.74
2012.08.02 11:08:30.168,0.8223,0.82244,2.48,1.88
2012.08.02 11:08:30.232,0.8223,0.82244,2.48,1.88
2012.08.02 11:08:30.358,0.82231,0.82244,1.50,2.61
2012.08.02 11:08:30.798,0.82231,0.82244,2.48,2.61
2012.08.02 11:08:30.867,0.82234,0.82245,1.50,2.61
2012.08.02 11:08:30.994,0.82231,0.82245,2.25,2.61
2012.08.02 11:08:31.529,0.82229,0.82243,1.73,1.73
2012.08.02 11:08:32.433,0.82227,0.82243,3.98,1.73
2012.08.02 11:08:32.968,0.82227,0.82241,1.73,3.60
2012.08.02 11:08:37.831,0.82227,0.82239,1.73,1.50
2012.08.02 11:08:38.344,0.82227,0.82242,1.73,2.24
2012.08.02 11:08:38.931,0.82227,0.82239,1.73,1.50
2012.08.02 11:08:39.846,0.82227,0.82239,1.73,1.50
2012.08.02 11:08:44.721,0.82225,0.82241,3.23,2.48
2012.08.02 11:08:48.899,0.82227,0.82239,2.85,1.50
2012.08.02 11:08:49.022,0.82229,0.82242,1.73,2.25
2012.08.02 11:08:49.086,0.82229,0.82242,1.73,2.25
2012.08.02 11:08:49.442,0.82229,0.82245,1.73,4.11
2012.08.02 11:08:49.683,0.82228,0.82241,1.73,1.50
2012.08.02 11:08:51.275,0.82227,0.82241,1.73,1.50
2012.08.02 11:08:51.338,0.82226,0.82241,2.48,2.24
2012.08.02 11:08:52.488,0.82225,0.82241,2.48,2.24
2012.08.02 11:08:53.001,0.82227,0.82241,1.73,1.50
2012.08.02 11:08:53.591,0.82227,0.82242,3.23,3.89
2012.08.02 11:08:56.913,0.82227,0.82241,1.73,1.50
2012.08.02 11:08:58.656,0.82225,0.82237,2.33,1.88
2012.08.02 11:08:58.900,0.82224,0.82239,1.73,1.49
2012.08.02 11:08:58.966,0.82225,0.82239,1.50,2.48
2012.08.02 11:08:59.031,0.82225,0.82241,1.50,2.48
2012.08.02 11:08:59.154,0.82224,0.8224,3.23,1.26
2012.08.02 11:08:59.218,0.82224,0.8224,2.48,2.01
2012.08.02 11:08:59.339,0.82224,0.8224,2.48,2.99
2012.08.02 11:08:59.464,0.82225,0.8224,1.50,1.73
2012.08.02 11:08:59.585,0.82225,0.82241,3.23,3.23
2012.08.02 11:08:59.708,0.82225,0.82241,3.23,3.98
2012.08.02 11:09:00.551,0.82225,0.82241,3.23,3.00
2012.08.02 11:09:05.557,0.82225,0.8224,1.73,1.50
2012.08.02 11:09:07.239,0.82225,0.82239,1.73,1.50
2012.08.02 11:09:08.042,0.82225,0.82239,1.73,1.50
2012.08.02 11:09:08.221,0.82225,0.82241,1.73,2.48
2012.08.02 11:09:08.908,0.82225,0.82239,1.73,1.50
2012.08.02 11:09:10.028,0.82234,0.82245,1.50,1.49
2012.08.02 11:09:10.093,0.82234,0.82246,1.50,2.24
2012.08.02 11:09:10.217,0.82234,0.82249,2.48,6.14
2012.08.02 11:09:10.283,0.82234,0.82249,1.73,6.14
2012.08.02 11:09:10.883,0.82234,0.82249,1.73,4.49
2012.08.02 11:09:11.660,0.82234,0.82249,2.48,4.11
2012.08.02 11:09:11.724,0.82234,0.82249,1.73,4.86
2012.08.02 11:09:11.847,0.82237,0.82249,1.35,2.10
2012.08.02 11:09:12.089,0.82238,0.82252,1.50,1.73
2012.08.02 11:09:12.153,0.82238,0.82252,1.73,1.50
2012.08.02 11:09:13.664,0.82238,0.82253,2.10,4.11
2012.08.02 11:09:14.542,0.82239,0.82252,1.73,1.88
2012.08.02 11:09:14.607,0.82239,0.82252,1.73,3.38
2012.08.02 11:09:14.906,0.82239,0.82254,3.23,4.64
2012.08.02 11:09:15.965,0.82239,0.82253,1.73,1.50
2012.08.02 11:09:16.503,0.8224,0.82254,2.48,2.63
2012.08.02 11:09:17.650,0.82243,0.82257,2.48,2.85
2012.08.02 11:09:18.442,0.82243,0.82254,2.48,1.88
2012.08.02 11:09:18.567,0.82243,0.82258,2.48,4.86
2012.08.02 11:09:18.874,0.82241,0.82254,3.98,1.88
2012.08.02 11:09:19.850,0.82243,0.82252,2.48,1.88
2012.08.02 11:09:19.975,0.82241,0.82255,2.48,1.26
2012.08.02 11:09:20.041,0.82241,0.82255,1.73,1.49
2012.08.02 11:09:23.460,0.82239,0.82254,2.48,1.73
2012.08.02 11:09:23.989,0.82239,0.82254,3.23,1.73
2012.08.02 11:09:24.287,0.82239,0.82256,3.23,2.61
2012.08.02 11:09:31.554,0.8224,0.82253,1.73,1.50
2012.08.02 11:09:31.796,0.82238,0.82252,1.73,1.49
2012.08.02 11:09:32.328,0.82237,0.82252,3.23,1.49
2012.08.02 11:09:38.182,0.82236,0.82247,1.73,1.50
2012.08.02 11:09:38.306,0.82233,0.82247,1.73,3.60
2012.08.02 11:09:39.005,0.82231,0.82246,1.73,2.48
2012.08.02 11:09:58.808,0.82232,0.82243,1.73,1.50
2012.08.02 11:09:59.108,0.82232,0.82245,1.73,1.50
2012.08.02 11:09:59.522,0.82234,0.82248,3.23,2.01
2012.08.02 11:09:59.877,0.82238,0.82248,1.73,1.50
2012.08.02 11:10:00.560,0.82238,0.82252,1.73,3.75
2012.08.02 11:10:01.842,0.82238,0.82251,1.73,1.50
2012.08.02 11:10:02.385,0.82237,0.82251,2.48,2.01
2012.08.02 11:10:03.023,0.82237,0.8225,2.48,1.50
2012.08.02 11:10:03.147,0.82237,0.8225,2.48,1.50
2012.08.02 11:10:04.181,0.82237,0.82248,1.73,1.50
2012.08.02 11:10:04.718,0.82233,0.82247,2.48,2.25
2012.08.02 11:10:05.439,0.82233,0.82248,3.23,1.50
2012.08.02 11:10:08.036,0.82233,0.82249,3.23,4.49
2012.08.02 11:10:10.151,0.82233,0.82249,3.23,4.49
2012.08.02 11:10:10.693,0.82233,0.82249,3.98,3.74
2012.08.02 11:10:11.946,0.82233,0.82247,2.48,1.50
2012.08.02 11:10:12.637,0.82233,0.82249,1.73,2.24
2012.08.02 11:10:13.114,0.82237,0.8225,2.48,1.49
2012.08.02 11:10:13.242,0.8224,0.82252,1.73,1.26
2012.08.02 11:10:13.425,0.8224,0.82253,1.73,3.36
2012.08.02 11:10:13.548,0.82238,0.82253,1.58,2.61
2012.08.02 11:10:15.388,0.82238,0.82253,1.58,3.36
2012.08.02 11:10:16.468,0.82238,0.82253,1.58,4.11
2012.08.02 11:10:18.239,0.82238,0.82254,2.33,2.24
2012.08.02 11:10:18.718,0.8224,0.82254,1.73,1.50
2012.08.02 11:10:18.782,0.82238,0.82254,3.23,2.24
2012.08.02 11:10:19.293,0.82238,0.82252,1.73,1.50
2012.08.02 11:10:19.834,0.82237,0.82252,3.23,2.61
2012.08.02 11:10:21.643,0.82236,0.82252,3.23,2.61
2012.08.02 11:10:21.768,0.82236,0.82252,3.23,2.61
2012.08.02 11:10:22.326,0.82236,0.8225,1.73,1.50
2012.08.02 11:10:22.842,0.82236,0.82249,1.73,1.50
2012.08.02 11:10:23.102,0.82236,0.82251,1.73,2.01
2012.08.02 11:10:24.742,0.82232,0.82247,5.85,1.50
2012.08.02 11:10:24.806,0.82232,0.82247,5.85,1.50
2012.08.02 11:10:24.926,0.82232,0.82247,5.85,1.50
2012.08.02 11:10:25.175,0.82234,0.82247,1.73,1.50
2012.08.02 11:10:25.299,0.82232,0.8225,3.98,4.11
2012.08.02 11:10:25.537,0.82232,0.82245,2.48,1.50
2012.08.02 11:10:25.776,0.82232,0.82247,3.98,1.50
2012.08.02 11:10:26.297,0.82232,0.82247,3.23,2.99
2012.08.02 11:10:26.830,0.82232,0.82246,1.88,3.23
2012.08.02 11:10:27.863,0.82232,0.82246,2.63,2.48
2012.08.02 11:10:28.101,0.82233,0.82246,1.73,1.50
2012.08.02 11:10:28.908,0.82233,0.82248,1.73,2.24
2012.08.02 11:10:29.428,0.82233,0.82247,1.73,1.50
2012.08.02 11:10:30.102,0.82232,0.82247,1.73,2.25
2012.08.02 11:10:31.753,0.82232,0.82247,2.48,2.76
2012.08.02 11:10:38.325,0.82232,0.82246,1.73,1.50
2012.08.02 11:10:42.599,0.82231,0.82246,2.48,6.23
2012.08.02 11:10:43.042,0.82229,0.82241,1.17,1.50
2012.08.02 11:10:43.166,0.82228,0.82241,1.92,1.73
2012.08.02 11:10:43.677,0.82227,0.82239,1.17,1.50
2012.08.02 11:10:44.212,0.82226,0.82239,2.48,1.50
2012.08.02 11:10:44.276,0.82226,0.82239,2.48,1.50
2012.08.02 11:10:45.606,0.82226,0.8224,2.48,3.38
2012.08.02 11:10:46.229,0.82226,0.82238,2.48,1.88
2012.08.02 11:10:46.352,0.82226,0.82238,2.48,1.88
2012.08.02 11:10:46.495,0.82226,0.8224,2.48,3.23
2012.08.02 11:10:47.041,0.82226,0.8224,2.48,3.23
2012.08.02 11:10:51.135,0.82226,0.8224,2.48,3.38
2012.08.02 11:10:51.646,0.82226,0.8224,2.48,1.73
2012.08.02 11:11:01.319,0.82226,0.8224,2.48,2.61
2012.08.02 11:11:01.965,0.82226,0.82239,1.73,1.73
2012.08.02 11:11:05.127,0.82227,0.8224,3.98,1.73
2012.08.02 11:11:05.451,0.82227,0.82241,3.98,1.50
2012.08.02 11:11:06.101,0.82227,0.82244,5.48,2.24
2012.08.02 11:11:12.124,0.82226,0.82242,1.73,4.35
2012.08.02 11:11:12.974,0.82229,0.82242,1.88,2.99
2012.08.02 11:11:13.329,0.82229,0.82242,3.60,1.73
2012.08.02 11:11:18.164,0.82229,0.82243,1.73,1.50
2012.08.02 11:11:21.917,0.82227,0.82243,1.73,4.86
2012.08.02 11:11:27.403,0.82226,0.8224,4.35,1.50
2012.08.02 11:11:27.930,0.82226,0.82239,2.48,1.50
2012.08.02 11:11:28.376,0.82226,0.82241,3.98,3.60
2012.08.02 11:11:28.728,0.82226,0.82239,3.23,1.50
2012.08.02 11:11:30.059,0.82223,0.82239,5.33,3.60
2012.08.02 11:11:30.574,0.82223,0.82238,2.48,1.73
2012.08.02 11:11:31.010,0.82222,0.82235,3.23,1.50
2012.08.02 11:11:31.693,0.82222,0.82235,1.73,1.73
2012.08.02 11:11:31.766,0.8222,0.82233,4.35,1.50
2012.08.02 11:11:32.491,0.82222,0.82235,2.10,1.73
2012.08.02 11:11:33.536,0.82222,0.82233,2.10,1.50
2012.08.02 11:11:38.136,0.82222,0.82236,2.10,1.73
2012.08.02 11:11:38.728,0.82222,0.82233,2.10,1.50
2012.08.02 11:11:40.150,0.82222,0.82233,2.85,1.50
2012.08.02 11:11:40.331,0.82222,0.82235,2.85,1.50
2012.08.02 11:11:40.453,0.82222,0.82233,2.85,1.50
2012.08.02 11:11:40.997,0.82222,0.82234,3.60,1.73
2012.08.02 11:11:43.051,0.82221,0.82232,1.73,1.50
2012.08.02 11:11:43.236,0.82218,0.82232,1.73,3.89
2012.08.02 11:11:43.479,0.82216,0.82229,1.73,2.24
2012.08.02 11:11:44.597,0.82216,0.82227,1.73,1.50
2012.08.02 11:11:46.770,0.82216,0.82228,1.73,1.50
2012.08.02 11:11:47.275,0.82216,0.8223,1.73,2.24
2012.08.02 11:11:48.530,0.82218,0.8223,1.88,2.24
2012.08.02 11:11:49.689,0.82218,0.82227,1.88,1.50
2012.08.02 11:11:50.152,0.82216,0.82229,1.73,3.74
2012.08.02 11:11:56.706,0.82216,0.82229,3.60,1.73
2012.08.02 11:11:57.377,0.82216,0.82229,3.60,1.73
2012.08.02 11:12:01.960,0.82216,0.8223,2.85,2.99
2012.08.02 11:12:03.361,0.82214,0.82227,2.85,1.50
2012.08.02 11:12:05.748,0.82214,0.82225,2.10,1.50
2012.08.02 11:12:05.872,0.82211,0.82223,2.85,1.50
2012.08.02 11:12:06.565,0.82211,0.82224,2.85,1.50
2012.08.02 11:12:07.569,0.82211,0.82222,2.85,1.50
2012.08.02 11:12:07.807,0.82211,0.82224,2.85,3.00
2012.08.02 11:12:11.497,0.82211,0.82226,2.85,3.98
2012.08.02 11:12:11.674,0.82211,0.82226,2.85,2.48
2012.08.02 11:12:11.975,0.82206,0.82221,3.23,1.50
2012.08.02 11:12:12.040,0.82206,0.8222,1.50,1.49
2012.08.02 11:12:12.110,0.82204,0.82218,2.25,2.48
2012.08.02 11:12:12.348,0.82208,0.82216,1.88,1.50
2012.08.02 11:12:12.711,0.82209,0.82221,1.88,2.48
2012.08.02 11:12:14.653,0.82206,0.82221,5.48,2.48
2012.08.02 11:12:14.717,0.82206,0.82219,4.35,1.26
2012.08.02 11:12:14.899,0.82206,0.82218,2.63,2.48
2012.08.02 11:12:15.431,0.82206,0.82218,3.23,1.50
2012.08.02 11:12:15.496,0.82206,0.8222,3.23,1.50
2012.08.02 11:12:15.618,0.82208,0.82222,1.88,4.49
2012.08.02 11:12:15.802,0.82208,0.8222,1.88,1.50
2012.08.02 11:12:16.329,0.82208,0.82221,1.88,2.01
2012.08.02 11:12:16.879,0.82207,0.82222,4.35,2.99
2012.08.02 11:12:22.577,0.82207,0.82221,2.85,1.50
2012.08.02 11:12:22.932,0.82204,0.82219,1.73,2.99
2012.08.02 11:12:23.452,0.82206,0.82219,1.50,1.49
2012.08.02 11:12:26.096,0.82207,0.82219,3.38,1.49
2012.08.02 11:12:26.277,0.8221,0.82222,1.88,1.73
2012.08.02 11:12:27.746,0.82212,0.82224,1.50,1.49
2012.08.02 11:12:28.048,0.82218,0.82227,1.88,1.50
2012.08.02 11:12:28.113,0.82218,0.82227,1.88,1.50
2012.08.02 11:12:28.481,0.8222,0.8223,1.50,1.76
2012.08.02 11:12:28.727,0.82218,0.8223,3.38,1.01
2012.08.02 11:12:29.712,0.82215,0.8223,3.98,2.48
2012.08.02 11:12:30.012,0.82215,0.82228,1.73,1.26
2012.08.02 11:12:30.192,0.82215,0.82228,1.50,1.49
2012.08.02 11:12:30.752,0.82212,0.82227,4.35,2.48
2012.08.02 11:12:31.264,0.82214,0.82228,1.50,2.99
2012.08.02 11:12:31.787,0.82211,0.82226,4.35,2.10
2012.08.02 11:12:31.851,0.82211,0.82225,3.38,1.49
2012.08.02 11:12:33.204,0.82211,0.82224,1.88,2.48
2012.08.02 11:12:33.483,0.82209,0.82224,2.63,2.48
2012.08.02 11:12:42.382,0.82209,0.8222,1.88,1.50
2012.08.02 11:12:44.217,0.82209,0.82221,1.88,1.50
2012.08.02 11:12:44.914,0.82209,0.82223,1.88,2.48
2012.08.02 11:12:46.076,0.82211,0.8222,1.88,1.50
2012.08.02 11:12:46.781,0.82211,0.82223,1.88,2.48
2012.08.02 11:12:47.592,0.82211,0.82221,1.88,1.50
2012.08.02 11:12:48.112,0.82211,0.82222,1.88,1.73
2012.08.02 11:12:48.250,0.82211,0.8222,1.88,1.50
2012.08.02 11:12:49.883,0.82211,0.82222,1.88,1.73
2012.08.02 11:12:56.779,0.82211,0.8222,1.88,1.50
2012.08.02 11:12:57.158,0.82211,0.82223,1.88,2.48
2012.08.02 11:12:58.783,0.8221,0.82224,1.88,2.99
2012.08.02 11:12:59.881,0.82211,0.82222,1.88,1.73
2012.08.02 11:13:00.426,0.82211,0.82223,1.88,2.48
2012.08.02 11:13:02.512,0.82207,0.82221,4.35,1.73
2012.08.02 11:13:02.755,0.8221,0.8222,1.88,1.50
2012.08.02 11:13:03.281,0.8221,0.82223,1.88,2.48
2012.08.02 11:13:10.209,0.8221,0.8222,3.38,1.50
2012.08.02 11:13:10.765,0.8221,0.82223,3.38,2.48
2012.08.02 11:13:12.539,0.8221,0.8222,1.88,1.50
2012.08.02 11:13:14.300,0.8221,0.82221,1.88,1.73
2012.08.02 11:13:17.651,0.8221,0.82221,2.10,1.73
2012.08.02 11:13:23.726,0.82211,0.82222,3.98,1.73
2012.08.02 11:13:23.971,0.82216,0.82227,4.35,1.50
2012.08.02 11:13:24.926,0.82216,0.8223,4.35,1.49
2012.08.02 11:13:25.972,0.82216,0.82231,4.35,2.24
2012.08.02 11:13:38.694,0.82218,0.82231,1.73,1.73
2012.08.02 11:13:38.873,0.82218,0.82231,1.50,1.50
2012.08.02 11:13:39.414,0.82219,0.82231,1.88,1.50
2012.08.02 11:13:39.947,0.82219,0.82231,2.10,1.73
2012.08.02 11:13:40.525,0.82218,0.82231,1.73,1.73
2012.08.02 11:13:42.158,0.82221,0.82232,1.88,1.49
2012.08.02 11:13:42.342,0.82221,0.82235,2.10,1.73
2012.08.02 11:13:42.407,0.82225,0.82235,1.88,1.73
2012.08.02 11:13:42.473,0.82225,0.82237,2.10,2.76
2012.08.02 11:13:43.157,0.82225,0.82241,2.10,2.99
2012.08.02 11:13:43.697,0.82227,0.8224,1.50,2.24
2012.08.02 11:13:47.037,0.82226,0.82237,1.73,1.50
2012.08.02 11:13:49.918,0.82224,0.82236,2.48,3.00
2012.08.02 11:13:50.161,0.82224,0.82234,3.23,1.50
2012.08.02 11:13:50.404,0.82221,0.82234,4.17,1.73
2012.08.02 11:13:52.505,0.82221,0.82234,1.73,1.73
2012.08.02 11:13:52.570,0.82224,0.82234,3.00,1.73
2012.08.02 11:13:52.695,0.82228,0.82239,1.50,2.48
2012.08.02 11:13:52.821,0.82229,0.82242,1.73,1.73
2012.08.02 11:13:53.005,0.82231,0.82245,1.73,2.61
2012.08.02 11:13:53.131,0.82233,0.82249,1.73,2.99
2012.08.02 11:13:53.660,0.82237,0.82251,1.73,3.36
2012.08.02 11:13:55.325,0.82234,0.82248,3.23,1.73
2012.08.02 11:13:55.856,0.82234,0.82246,2.48,2.25
2012.08.02 11:13:57.678,0.82233,0.82248,2.48,4.86
2012.08.02 11:13:57.869,0.82233,0.82248,3.98,2.61
2012.08.02 11:14:01.368,0.82234,0.8225,3.60,2.48
2012.08.02 11:14:01.493,0.82235,0.8225,1.73,1.73
2012.08.02 11:14:01.965,0.82234,0.82249,3.98,2.24
2012.08.02 11:14:03.172,0.82233,0.82249,1.73,2.99
2012.08.02 11:14:06.336,0.82233,0.82248,3.23,2.24
2012.08.02 11:14:06.933,0.82234,0.82247,1.73,1.50
2012.08.02 11:14:07.438,0.82234,0.82249,1.73,4.11
2012.08.02 11:14:07.863,0.82233,0.82247,1.50,2.48
2012.08.02 11:14:07.986,0.8223,0.82246,3.98,2.24
2012.08.02 11:14:08.487,0.8223,0.82246,3.23,2.24
2012.08.02 11:14:09.429,0.8223,0.82246,1.73,3.74
2012.08.02 11:14:14.135,0.82231,0.82243,3.00,1.73
2012.08.02 11:14:14.259,0.82231,0.82246,3.23,3.60
2012.08.02 11:14:14.613,0.82231,0.82243,3.23,1.50
2012.08.02 11:14:14.916,0.82229,0.82238,1.17,1.50
2012.08.02 11:14:15.450,0.82228,0.82239,5.67,1.50
2012.08.02 11:14:15.630,0.82228,0.82241,5.67,1.50
2012.08.02 11:14:15.751,0.82228,0.82238,5.67,1.50
2012.08.02 11:14:16.440,0.82228,0.8224,5.67,1.50
2012.08.02 11:14:16.613,0.82228,0.82238,5.67,1.50
2012.08.02 11:14:16.735,0.82228,0.8224,5.67,1.50
2012.08.02 11:14:17.089,0.82228,0.82238,5.67,1.50
2012.08.02 11:14:18.000,0.82228,0.82241,5.67,1.50
2012.08.02 11:14:18.887,0.82228,0.82241,1.17,1.50
2012.08.02 11:14:18.951,0.82228,0.82239,1.17,1.50
2012.08.02 11:14:19.296,0.82227,0.82237,4.35,1.50
2012.08.02 11:14:19.928,0.82227,0.82238,4.35,1.50
2012.08.02 11:14:20.709,0.82227,0.8224,4.35,3.00
2012.08.02 11:14:20.887,0.82227,0.82243,5.10,1.73
2012.08.02 11:14:21.391,0.82227,0.8224,5.10,1.50
2012.08.02 11:14:22.090,0.82227,0.82243,6.60,1.73
2012.08.02 11:14:22.623,0.82228,0.82242,1.73,1.50
2012.08.02 11:14:25.383,0.82228,0.82243,2.48,1.73
2012.08.02 11:14:25.506,0.8223,0.82245,1.73,4.11
2012.08.02 11:14:25.870,0.82231,0.82244,1.73,1.50
2012.08.02 11:14:26.424,0.82231,0.82245,1.73,3.38
2012.08.02 11:14:27.306,0.82228,0.82243,1.92,1.50
2012.08.02 11:14:27.371,0.82228,0.82243,1.92,1.73
2012.08.02 11:14:27.785,0.82228,0.82238,1.92,1.50
2012.08.02 11:14:27.850,0.82228,0.82241,1.92,1.50
2012.08.02 11:14:28.380,0.82228,0.82242,1.73,1.73
2012.08.02 11:14:29.240,0.82227,0.82241,2.85,1.50
2012.08.02 11:14:29.867,0.82227,0.82243,2.85,1.73
2012.08.02 11:14:30.907,0.82228,0.82241,2.48,1.50
2012.08.02 11:14:31.430,0.82228,0.82243,2.48,3.23
2012.08.02 11:14:32.119,0.82228,0.82243,2.48,1.73
2012.08.02 11:14:33.297,0.82228,0.8224,2.48,1.50
2012.08.02 11:14:34.576,0.82228,0.82242,2.48,3.23
2012.08.02 11:14:39.579,0.82227,0.8224,2.48,1.50
2012.08.02 11:14:44.610,0.82227,0.82242,3.23,1.73
2012.08.02 11:14:47.349,0.82228,0.82243,1.73,1.73
2012.08.02 11:14:47.529,0.82227,0.82243,1.73,1.73
2012.08.02 11:14:56.137,0.82227,0.82243,2.48,5.61
2012.08.02 11:14:57.757,0.82229,0.82241,1.73,1.50
2012.08.02 11:15:00.512,0.82227,0.82241,2.48,2.24
2012.08.02 11:15:00.577,0.82226,0.82237,1.73,2.25
2012.08.02 11:15:00.760,0.82225,0.82235,2.63,1.50
2012.08.02 11:15:01.233,0.82225,0.82238,2.85,5.24
2012.08.02 11:15:01.940,0.82223,0.82236,4.73,1.73
2012.08.02 11:15:02.319,0.8222,0.82234,1.73,1.73
2012.08.02 11:15:03.355,0.82221,0.82236,1.50,4.11
2012.08.02 11:15:03.594,0.82221,0.82233,2.48,1.50
2012.08.02 11:15:03.716,0.82221,0.82235,2.48,1.73
2012.08.02 11:15:04.250,0.82221,0.82235,2.48,1.50
2012.08.02 11:15:05.048,0.82221,0.82232,2.48,1.50
2012.08.02 11:15:05.814,0.82221,0.82232,1.50,1.73
2012.08.02 11:15:06.327,0.8222,0.82231,3.23,1.50
2012.08.02 11:15:06.888,0.8222,0.82233,1.73,1.73
2012.08.02 11:15:08.018,0.82221,0.82233,2.25,1.73
2012.08.02 11:15:08.139,0.82221,0.82233,3.23,1.50
2012.08.02 11:15:09.082,0.82219,0.82232,1.92,1.50
2012.08.02 11:15:09.146,0.82219,0.82232,1.92,1.50
2012.08.02 11:15:09.944,0.82219,0.82233,1.92,1.50
2012.08.02 11:15:10.071,0.82217,0.82233,1.73,3.14
2012.08.02 11:15:10.209,0.82217,0.82233,1.73,3.36
2012.08.02 11:15:12.921,0.82217,0.8223,2.48,1.73
2012.08.02 11:15:13.044,0.82218,0.82233,1.73,1.73
2012.08.02 11:15:13.557,0.82217,0.82233,3.23,2.61
2012.08.02 11:15:13.622,0.82217,0.82232,2.48,1.86
2012.08.02 11:15:14.455,0.82215,0.82226,2.48,1.50
2012.08.02 11:15:14.759,0.82212,0.82224,1.73,1.50
2012.08.02 11:15:14.826,0.82212,0.82224,1.73,1.73
2012.08.02 11:15:14.948,0.82212,0.82224,1.73,1.50
2012.08.02 11:15:15.072,0.82212,0.82224,1.73,1.50
2012.08.02 11:15:15.613,0.82212,0.82225,1.73,1.73
2012.08.02 11:15:16.293,0.82212,0.82224,1.73,1.50
2012.08.02 11:15:17.431,0.8221,0.82224,2.48,1.50
2012.08.02 11:15:19.948,0.8221,0.82222,2.48,1.50
2012.08.02 11:15:20.250,0.82208,0.82222,5.10,1.73
2012.08.02 11:15:20.372,0.82208,0.82222,5.10,1.73
2012.08.02 11:15:21.239,0.82208,0.82224,4.35,2.48
2012.08.02 11:15:21.422,0.82211,0.82224,1.73,1.50
2012.08.02 11:15:21.950,0.8221,0.82225,1.73,2.24
2012.08.02 11:15:23.800,0.82208,0.82222,4.35,2.48
2012.08.02 11:15:28.990,0.82212,0.82224,1.88,2.48
2012.08.02 11:15:29.110,0.82209,0.82224,1.73,1.50
2012.08.02 11:15:29.614,0.82209,0.82226,1.73,2.24
2012.08.02 11:15:39.220,0.82211,0.82224,1.73,1.50
2012.08.02 11:15:39.748,0.82211,0.82226,1.73,2.24
2012.08.02 11:15:42.136,0.82211,0.82224,1.73,1.50
2012.08.02 11:15:42.721,0.82211,0.82227,1.73,3.74
2012.08.02 11:15:47.071,0.8221,0.82225,2.48,1.50
2012.08.02 11:15:47.772,0.8221,0.82226,2.48,2.24
2012.08.02 11:15:48.406,0.8221,0.82225,2.48,1.50
2012.08.02 11:15:49.032,0.8221,0.82226,1.73,2.24
2012.08.02 11:15:49.097,0.8221,0.82223,1.73,1.50
2012.08.02 11:15:50.892,0.8221,0.82224,2.48,1.50
2012.08.02 11:15:51.193,0.8221,0.82222,2.48,1.50
2012.08.02 11:15:54.646,0.8221,0.82222,2.48,1.73
2012.08.02 11:15:54.824,0.82212,0.82219,1.88,1.50
2012.08.02 11:15:55.215,0.82209,0.82219,2.48,1.50
2012.08.02 11:15:55.279,0.82212,0.82221,1.73,1.50
2012.08.02 11:15:59.580,0.82212,0.82225,1.73,1.73
2012.08.02 11:16:00.178,0.82212,0.82224,1.73,1.50
2012.08.02 11:16:00.816,0.82212,0.82227,1.73,3.74
2012.08.02 11:16:01.487,0.82212,0.82224,1.73,1.50
2012.08.02 11:16:01.993,0.82212,0.82227,1.73,5.24
2012.08.02 11:16:02.548,0.82212,0.82224,1.73,1.50
2012.08.02 11:16:02.905,0.82214,0.82228,1.73,3.00
2012.08.02 11:16:03.028,0.82214,0.82228,1.73,2.25
2012.08.02 11:16:03.364,0.82214,0.82224,1.73,1.50
2012.08.02 11:16:04.343,0.82215,0.82226,2.85,1.50
2012.08.02 11:16:05.210,0.82215,0.82225,2.85,1.50
2012.08.02 11:16:05.455,0.82213,0.82225,2.10,3.00
2012.08.02 11:16:05.521,0.82213,0.82223,2.10,1.50
2012.08.02 11:16:05.881,0.82211,0.82222,2.10,1.50
2012.08.02 11:16:06.353,0.82208,0.82218,1.73,1.50
2012.08.02 11:16:06.417,0.82208,0.82218,1.50,1.73
2012.08.02 11:16:06.949,0.82206,0.8222,5.48,1.73
2012.08.02 11:16:07.191,0.82208,0.82221,2.10,1.50
2012.08.02 11:16:07.430,0.8221,0.82224,1.73,1.49
2012.08.02 11:16:08.777,0.82208,0.82222,1.73,1.50
2012.08.02 11:16:09.872,0.82208,0.82222,1.73,2.48
2012.08.02 11:16:10.379,0.82208,0.82222,1.73,2.48
2012.08.02 11:16:10.678,0.82207,0.82219,1.73,1.50
2012.08.02 11:16:11.149,0.82205,0.82219,3.98,1.73
2012.08.02 11:16:11.679,0.82205,0.82218,2.10,1.50
2012.08.02 11:16:16.833,0.82205,0.82219,1.35,2.24
2012.08.02 11:16:17.068,0.82205,0.82219,1.35,2.01
2012.08.02 11:16:19.926,0.82205,0.82218,1.35,1.50
2012.08.02 11:16:21.589,0.82205,0.8222,2.85,2.01
2012.08.02 11:16:27.430,0.82208,0.82222,1.73,2.01
2012.08.02 11:16:32.005,0.82212,0.82227,1.50,1.86
2012.08.02 11:16:32.562,0.82212,0.82227,1.73,1.86
2012.08.02 11:16:37.966,0.82214,0.82226,1.50,1.49
2012.08.02 11:16:38.150,0.82215,0.82228,1.50,2.24
2012.08.02 11:16:38.214,0.82215,0.82228,1.73,2.01
2012.08.02 11:16:40.365,0.82213,0.82228,2.48,1.26
2012.08.02 11:16:40.719,0.82213,0.82228,4.35,1.26
2012.08.02 11:16:41.249,0.82213,0.82228,4.35,1.26
2012.08.02 11:16:42.541,0.82218,0.82228,1.88,1.26
2012.08.02 11:16:42.721,0.82218,0.82232,1.88,4.49
2012.08.02 11:16:42.843,0.82218,0.82232,2.10,2.99
2012.08.02 11:16:47.755,0.82218,0.82232,2.10,1.49
2012.08.02 11:16:50.551,0.82219,0.82228,2.10,1.50
2012.08.02 11:16:50.979,0.82219,0.82231,2.10,3.51
2012.08.02 11:16:51.497,0.82216,0.82229,3.23,2.01
2012.08.02 11:16:52.023,0.82216,0.82231,3.23,3.51
2012.08.02 11:16:52.572,0.82216,0.82231,3.23,3.51
2012.08.02 11:16:55.628,0.82218,0.82232,2.10,2.99
2012.08.02 11:16:55.979,0.82218,0.82231,2.10,1.26
2012.08.02 11:16:56.217,0.82216,0.82231,1.35,2.76
2012.08.02 11:16:56.742,0.82216,0.82229,1.35,2.76
2012.08.02 11:16:57.949,0.82216,0.8223,1.35,1.26
2012.08.02 11:16:59.275,0.82216,0.82229,1.35,1.26
2012.08.02 11:16:59.687,0.82213,0.82228,1.73,2.76
2012.08.02 11:17:02.734,0.82216,0.82229,1.50,1.49
2012.08.02 11:17:02.963,0.82213,0.82229,3.23,1.49
2012.08.02 11:17:05.108,0.82212,0.82226,1.73,1.50
2012.08.02 11:17:05.683,0.82209,0.82224,2.85,3.51
2012.08.02 11:17:05.748,0.82209,0.82223,2.85,2.25
2012.08.02 11:17:10.248,0.82209,0.82222,2.10,1.50
2012.08.02 11:17:11.601,0.82209,0.82224,2.10,4.26
2012.08.02 11:17:11.960,0.82212,0.82225,3.23,1.50
2012.08.02 11:17:12.083,0.82215,0.82227,2.10,2.25
2012.08.02 11:17:12.324,0.82218,0.82229,1.73,1.50
2012.08.02 11:17:12.859,0.82216,0.8223,1.73,2.25
2012.08.02 11:17:13.983,0.82215,0.82229,1.73,1.50
2012.08.02 11:17:17.201,0.82215,0.82228,1.73,1.50
2012.08.02 11:17:17.381,0.82212,0.82227,1.92,2.01
2012.08.02 11:17:17.992,0.82212,0.82226,1.73,1.50
2012.08.02 11:17:21.909,0.82213,0.82227,1.73,2.25
2012.08.02 11:17:22.090,0.82213,0.8223,3.98,3.98
2012.08.02 11:17:22.212,0.82214,0.8223,1.73,3.23
2012.08.02 11:17:22.335,0.82214,0.8223,4.35,3.00
2012.08.02 11:17:22.457,0.82217,0.8223,1.73,1.50
2012.08.02 11:17:23.041,0.82217,0.82231,1.73,1.50
2012.08.02 11:17:24.446,0.82216,0.8223,3.60,1.73
2012.08.02 11:17:24.511,0.82216,0.8223,4.35,1.50
2012.08.02 11:17:25.050,0.82217,0.82231,1.73,3.00
2012.08.02 11:17:26.061,0.8222,0.82234,2.10,2.48
2012.08.02 11:17:26.243,0.82221,0.82234,2.85,1.50
2012.08.02 11:17:26.791,0.82222,0.82239,1.73,2.99
2012.08.02 11:17:29.301,0.82224,0.82239,1.73,2.24
2012.08.02 11:17:29.365,0.82224,0.82239,1.73,2.01
2012.08.02 11:17:42.387,0.82225,0.82238,1.73,1.50
2012.08.02 11:17:42.953,0.82225,0.82239,1.73,1.50
2012.08.02 11:17:43.477,0.82225,0.82238,1.73,1.50
2012.08.02 11:17:45.375,0.82225,0.82239,1.73,1.50
2012.08.02 11:17:46.021,0.82225,0.82237,1.73,1.50
2012.08.02 11:17:46.085,0.82225,0.82241,1.73,2.76
2012.08.02 11:17:46.294,0.82225,0.82238,1.73,1.50
2012.08.02 11:17:48.228,0.82223,0.82236,3.98,1.88
2012.08.02 11:17:48.473,0.8222,0.82236,1.73,4.11
2012.08.02 11:17:49.044,0.82217,0.82232,4.92,1.50
2012.08.02 11:17:50.159,0.82217,0.82232,4.73,1.50
2012.08.02 11:17:50.340,0.8222,0.82235,3.23,3.75
2012.08.02 11:17:50.755,0.82221,0.82237,3.23,2.01
2012.08.02 11:17:51.669,0.82221,0.82238,3.08,2.24
2012.08.02 11:17:53.155,0.82222,0.82239,4.73,2.24
2012.08.02 11:17:53.278,0.82225,0.82239,2.25,1.73
2012.08.02 11:17:53.343,0.82225,0.82239,2.48,1.50
2012.08.02 11:17:56.904,0.82225,0.82237,1.73,1.50
2012.08.02 11:17:57.406,0.82223,0.82235,1.73,1.50
2012.08.02 11:17:57.532,0.82223,0.82235,1.73,1.50
2012.08.02 11:17:57.599,0.82223,0.82232,1.73,1.50
2012.08.02 11:17:57.841,0.82222,0.82235,3.23,1.50
2012.08.02 11:17:58.023,0.82225,0.82237,1.50,1.50
2012.08.02 11:17:58.390,0.82225,0.82238,1.73,1.50
2012.08.02 11:17:59.478,0.82223,0.82236,2.48,1.50
2012.08.02 11:17:59.661,0.82222,0.82233,1.73,1.50
2012.08.02 11:17:59.901,0.82221,0.82231,1.73,1.50
2012.08.02 11:17:59.967,0.82221,0.82231,1.73,1.50
2012.08.02 11:18:00.442,0.82217,0.82228,1.92,1.50
2012.08.02 11:18:00.507,0.82217,0.82228,1.69,1.50
2012.08.02 11:18:00.630,0.82215,0.82226,1.73,1.50
2012.08.02 11:18:00.987,0.82213,0.82223,1.73,1.50
2012.08.02 11:18:01.466,0.82213,0.82226,1.73,1.50
2012.08.02 11:18:03.011,0.82215,0.82226,1.35,1.50
2012.08.02 11:18:03.164,0.82215,0.82228,2.85,2.25
2012.08.02 11:18:03.537,0.82215,0.82231,2.85,3.74
2012.08.02 11:18:04.071,0.82219,0.82231,1.73,2.48
2012.08.02 11:18:04.136,0.82219,0.82231,1.73,2.25
2012.08.02 11:18:07.364,0.82219,0.8223,1.73,1.50
2012.08.02 11:18:07.771,0.82219,0.82227,1.50,1.50
2012.08.02 11:18:07.845,0.82212,0.82223,1.70,1.50
2012.08.02 11:18:08.533,0.82211,0.82225,2.48,2.25
2012.08.02 11:18:09.093,0.82211,0.82224,2.48,1.50
2012.08.02 11:18:10.704,0.82211,0.82223,2.48,1.50
2012.08.02 11:18:11.265,0.82211,0.82224,1.73,1.50
2012.08.02 11:18:12.970,0.82211,0.82225,1.73,1.50
2012.08.02 11:18:18.320,0.82211,0.82224,1.73,1.50
2012.08.02 11:18:18.827,0.82211,0.82225,1.73,1.50
2012.08.02 11:18:20.769,0.82211,0.82224,1.73,1.50
2012.08.02 11:18:21.271,0.82211,0.82224,1.73,1.50
2012.08.02 11:18:21.683,0.82211,0.82222,1.73,1.50
2012.08.02 11:18:22.253,0.82211,0.82223,1.73,1.50
2012.08.02 11:18:27.320,0.82211,0.82222,2.10,1.50
2012.08.02 11:18:27.385,0.82211,0.82222,2.10,1.73
2012.08.02 11:18:27.509,0.82208,0.82222,3.38,2.48
2012.08.02 11:18:27.634,0.82208,0.82217,2.63,1.50
2012.08.02 11:18:31.272,0.82208,0.82216,1.88,1.50
2012.08.02 11:18:31.394,0.82208,0.82218,1.88,1.73
2012.08.02 11:18:31.990,0.82208,0.82218,1.88,1.73
2012.08.02 11:18:32.326,0.82211,0.82218,1.88,1.73
2012.08.02 11:18:32.508,0.82211,0.8222,1.88,1.26
2012.08.02 11:18:33.035,0.82211,0.82222,1.88,2.24
2012.08.02 11:18:33.715,0.82211,0.82219,1.88,1.50
2012.08.02 11:18:33.781,0.82207,0.82219,1.88,2.24
2012.08.02 11:18:35.977,0.82211,0.82219,1.88,3.23
2012.08.02 11:18:36.160,0.82211,0.82222,1.88,2.99
2012.08.02 11:18:36.909,0.82211,0.8222,1.88,2.24
2012.08.02 11:18:37.034,0.82208,0.8222,1.88,2.24
2012.08.02 11:18:44.146,0.82206,0.82219,2.10,1.49
2012.08.02 11:18:44.268,0.82206,0.82219,1.88,1.49
2012.08.02 11:18:46.006,0.82208,0.8222,1.88,3.74
2012.08.02 11:18:46.131,0.8221,0.8222,1.88,2.24
2012.08.02 11:18:46.313,0.8221,0.8222,2.10,1.73
2012.08.02 11:18:46.495,0.82208,0.82221,2.10,2.99
2012.08.02 11:18:46.560,0.82208,0.82221,1.88,2.99
2012.08.02 11:18:46.800,0.82211,0.82219,1.88,1.50
2012.08.02 11:18:46.923,0.82207,0.82221,2.10,2.24
2012.08.02 11:18:46.987,0.82207,0.82222,1.88,1.49
2012.08.02 11:18:47.835,0.8221,0.82221,1.88,2.24
2012.08.02 11:18:48.096,0.8221,0.82221,2.10,2.24
2012.08.02 11:18:48.393,0.82214,0.82222,1.88,2.24
2012.08.02 11:18:49.558,0.82212,0.82222,1.88,2.24
2012.08.02 11:18:50.917,0.82209,0.82223,2.10,2.24
2012.08.02 11:18:54.615,0.82212,0.8222,1.88,2.24
2012.08.02 11:18:58.138,0.82209,0.82221,2.10,2.24
2012.08.02 11:18:58.872,0.82209,0.8222,2.10,1.11
2012.08.02 11:18:59.175,0.82207,0.82213,1.88,1.50
2012.08.02 11:18:59.297,0.82204,0.82213,1.50,1.73
2012.08.02 11:18:59.361,0.82204,0.82208,1.50,1.50
2012.08.02 11:18:59.719,0.82202,0.82208,2.07,1.50
2012.08.02 11:18:59.843,0.82199,0.82208,2.85,1.50
2012.08.02 11:19:00.083,0.82201,0.82208,1.88,1.50
2012.08.02 11:19:00.616,0.82201,0.82213,1.88,3.74
2012.08.02 11:19:03.571,0.82202,0.82213,1.88,2.99
2012.08.02 11:19:03.925,0.82202,0.82213,2.10,1.73
2012.08.02 11:19:04.626,0.82202,0.82213,1.88,1.11
2012.08.02 11:19:05.874,0.82202,0.82211,2.10,1.50
2012.08.02 11:19:06.181,0.82207,0.82215,2.10,3.75
2012.08.02 11:19:06.595,0.8221,0.82217,1.88,4.17
2012.08.02 11:19:07.531,0.82208,0.82217,1.88,2.48
2012.08.02 11:19:07.773,0.82208,0.82212,1.88,1.50
2012.08.02 11:19:08.189,0.82203,0.82212,2.10,1.50
2012.08.02 11:19:08.911,0.82206,0.82212,1.88,1.50
2012.08.02 11:19:09.212,0.8221,0.8222,1.88,2.76
2012.08.02 11:19:09.743,0.8221,0.82221,1.88,1.49
2012.08.02 11:19:09.807,0.8221,0.82221,1.88,1.49
2012.08.02 11:19:10.281,0.82209,0.8222,2.10,2.25
2012.08.02 11:19:10.464,0.82209,0.82218,1.88,2.25
2012.08.02 11:19:10.529,0.82209,0.82216,1.88,1.50
2012.08.02 11:19:11.003,0.82205,0.82216,1.88,2.24
2012.08.02 11:19:11.607,0.82205,0.82214,1.88,1.50
2012.08.02 11:19:12.509,0.82209,0.82214,1.88,1.50
2012.08.02 11:19:12.642,0.82209,0.82218,2.10,2.25
2012.08.02 11:19:13.234,0.82209,0.82217,2.10,1.50
2012.08.02 11:19:14.253,0.82206,0.82217,2.10,1.50
2012.08.02 11:19:14.318,0.82206,0.82217,1.88,1.73
2012.08.02 11:19:15.268,0.82206,0.82215,1.88,1.50
2012.08.02 11:19:15.797,0.82207,0.82217,1.88,1.73
2012.08.02 11:19:16.455,0.82204,0.82217,2.10,1.73
2012.08.02 11:19:16.521,0.82204,0.82216,1.88,2.24
2012.08.02 11:19:18.610,0.82204,0.82216,2.10,2.48
2012.08.02 11:19:19.349,0.82203,0.82216,1.88,2.48
2012.08.02 11:19:19.706,0.82203,0.82211,1.88,1.73
2012.08.02 11:19:19.831,0.82203,0.82213,2.10,2.25
2012.08.02 11:19:20.012,0.82205,0.82214,1.88,1.50
2012.08.02 11:19:20.076,0.82205,0.82216,1.88,2.99
2012.08.02 11:19:25.743,0.82205,0.82215,1.88,2.24
2012.08.02 11:19:26.117,0.82205,0.82215,1.88,2.24
2012.08.02 11:19:26.951,0.82203,0.82216,1.88,3.74
2012.08.02 11:19:27.501,0.82203,0.82215,2.10,1.73
2012.08.02 11:19:29.702,0.82203,0.82215,1.88,2.24
2012.08.02 11:19:31.726,0.82206,0.82213,1.88,1.73
2012.08.02 11:19:31.906,0.82206,0.82214,1.88,1.73
2012.08.02 11:19:35.760,0.82209,0.82216,1.88,1.73
2012.08.02 11:19:35.881,0.82209,0.82218,1.88,2.48
2012.08.02 11:19:36.466,0.82209,0.82218,1.88,1.73
2012.08.02 11:19:37.063,0.82209,0.82216,1.88,1.50
2012.08.02 11:19:37.784,0.82206,0.82216,2.10,2.25
2012.08.02 11:19:38.122,0.82206,0.82216,1.88,2.48
2012.08.02 11:19:40.927,0.82203,0.82214,2.10,1.73
2012.08.02 11:19:41.108,0.82203,0.82214,1.88,1.73
2012.08.02 11:19:42.992,0.82206,0.82213,1.88,1.73
2012.08.02 11:19:43.114,0.82206,0.82216,1.88,2.99
2012.08.02 11:19:48.927,0.82206,0.82216,1.88,4.49
2012.08.02 11:19:49.371,0.82204,0.82216,2.10,3.74
2012.08.02 11:19:49.609,0.82204,0.82214,1.88,4.49
2012.08.02 11:19:53.453,0.82204,0.82214,1.88,2.24
2012.08.02 11:19:54.976,0.82202,0.82212,1.88,2.99
2012.08.02 11:19:56.432,0.82202,0.82212,2.10,1.50
2012.08.02 11:19:56.935,0.82202,0.82214,2.10,2.48
2012.08.02 11:19:58.688,0.82204,0.82213,1.88,1.26
2012.08.02 11:19:59.043,0.82204,0.8221,1.88,1.73
2012.08.02 11:20:01.466,0.82202,0.82211,1.88,1.73
2012.08.02 11:20:02.931,0.82199,0.82211,2.10,2.99
2012.08.02 11:20:03.052,0.82199,0.82211,1.88,3.74
2012.08.02 11:20:03.353,0.82199,0.82207,1.88,2.24
2012.08.02 11:20:03.476,0.82197,0.82206,0.10,2.24
2012.08.02 11:20:04.475,0.82197,0.82207,0.10,4.49
2012.08.02 11:20:06.225,0.82197,0.82211,0.33,3.74
2012.08.02 11:20:09.651,0.82197,0.82211,3.83,2.25
2012.08.02 11:20:10.188,0.822,0.82213,1.50,2.24
2012.08.02 11:20:10.725,0.82197,0.82213,5.83,2.24
2012.08.02 11:20:11.723,0.82197,0.82212,5.83,2.24
2012.08.02 11:20:12.228,0.82197,0.82211,0.33,2.01
2012.08.02 11:20:12.638,0.82197,0.82209,2.83,1.50
2012.08.02 11:20:12.759,0.82197,0.82212,2.83,2.24
2012.08.02 11:20:13.260,0.82198,0.82213,1.73,2.24
2012.08.02 11:20:17.674,0.82198,0.82214,2.48,2.24
2012.08.02 11:20:18.227,0.82198,0.82214,1.73,2.24
2012.08.02 11:20:18.672,0.82197,0.82208,2.83,2.01
2012.08.02 11:20:18.985,0.82197,0.82208,0.10,3.74
2012.08.02 11:20:22.379,0.82197,0.82203,0.10,1.73
2012.08.02 11:20:22.682,0.82197,0.82199,0.10,1.26
2012.08.02 11:20:23.038,0.82183,0.82198,4.92,2.91
2012.08.02 11:20:24.830,0.82181,0.82198,2.48,2.99
2012.08.02 11:20:25.445,0.8218,0.82195,2.48,1.73
2012.08.02 11:20:25.802,0.8218,0.82189,1.73,1.50
2012.08.02 11:20:26.273,0.8218,0.82191,2.10,3.00
2012.08.02 11:20:26.807,0.8218,0.82195,3.60,1.73
2012.08.02 11:20:27.351,0.82181,0.82194,1.73,1.50
2012.08.02 11:20:27.902,0.82184,0.82197,1.50,1.49
2012.08.02 11:20:28.142,0.82187,0.82197,1.50,1.49
2012.08.02 11:20:28.321,0.82187,0.822,1.73,1.73
2012.08.02 11:20:28.620,0.82186,0.82201,1.73,4.86
2012.08.02 11:20:31.467,0.82188,0.82201,1.50,4.11
2012.08.02 11:20:31.824,0.82189,0.82204,1.73,3.74
2012.08.02 11:20:32.360,0.82192,0.82205,1.50,2.24
2012.08.02 11:20:32.892,0.82192,0.82205,1.50,4.11
2012.08.02 11:20:33.364,0.82194,0.82205,1.50,4.11
2012.08.02 11:20:34.309,0.82194,0.82205,1.73,1.88
2012.08.02 11:20:36.457,0.82194,0.82209,1.73,1.73
2012.08.02 11:20:36.580,0.82195,0.82208,2.48,1.88
2012.08.02 11:20:36.936,0.82195,0.82206,2.48,1.50
2012.08.02 11:20:37.465,0.82192,0.82205,2.25,2.61
2012.08.02 11:20:37.647,0.8219,0.82205,2.48,3.36
2012.08.02 11:20:40.342,0.82192,0.82207,1.50,2.99
2012.08.02 11:20:40.463,0.82192,0.82207,1.73,2.99
2012.08.02 11:20:43.778,0.82191,0.82206,3.98,1.49
2012.08.02 11:20:45.048,0.82189,0.82204,3.60,1.49
2012.08.02 11:20:45.345,0.82193,0.82204,1.50,1.49
2012.08.02 11:20:45.590,0.82188,0.82204,2.48,1.49
2012.08.02 11:20:46.145,0.8219,0.82204,1.50,1.49
2012.08.02 11:20:46.813,0.82189,0.82204,1.73,2.99
2012.08.02 11:20:48.678,0.82189,0.82204,1.73,2.48
2012.08.02 11:20:49.036,0.82194,0.82207,1.73,1.73
2012.08.02 11:20:51.721,0.82192,0.82206,1.73,1.49
2012.08.02 11:20:51.902,0.82192,0.82206,1.88,1.49
2012.08.02 11:20:52.027,0.82194,0.82207,1.88,2.24
2012.08.02 11:20:52.093,0.82195,0.82209,2.85,2.48
2012.08.02 11:20:52.719,0.82196,0.82212,1.73,2.99
2012.08.02 11:20:53.472,0.82198,0.82212,1.50,2.24
2012.08.02 11:20:54.420,0.82198,0.82212,1.73,1.49
2012.08.02 11:20:59.904,0.82199,0.82212,2.48,1.49
2012.08.02 11:20:59.969,0.82199,0.82212,4.35,1.49
2012.08.02 11:21:00.275,0.82204,0.82216,2.85,1.50
2012.08.02 11:21:00.341,0.82204,0.82216,2.85,1.50
2012.08.02 11:21:01.701,0.82206,0.82221,1.73,1.49
2012.08.02 11:21:03.421,0.82209,0.82221,1.50,1.49
2012.08.02 11:21:03.546,0.82207,0.82222,3.23,1.49
2012.08.02 11:21:03.671,0.8221,0.82224,1.73,1.49
2012.08.02 11:21:06.007,0.82205,0.82223,3.98,2.76
2012.08.02 11:21:06.132,0.82205,0.82219,1.73,1.50
2012.08.02 11:21:06.658,0.82206,0.82221,1.73,2.24
2012.08.02 11:21:07.991,0.82207,0.82221,1.73,1.73
2012.08.02 11:21:08.055,0.82207,0.82221,1.73,1.50
2012.08.02 11:21:08.577,0.82207,0.82223,3.23,2.76
2012.08.02 11:21:09.831,0.82207,0.82223,1.73,2.76
2012.08.02 11:21:10.078,0.82207,0.82224,2.67,6.00
2012.08.02 11:21:10.553,0.82208,0.82222,1.13,2.25
2012.08.02 11:21:10.857,0.82215,0.82224,1.73,1.50
2012.08.02 11:21:11.039,0.82215,0.82227,2.48,5.25
2012.08.02 11:21:11.626,0.82214,0.82228,1.73,1.73
2012.08.02 11:21:11.808,0.82214,0.82228,1.73,2.48
2012.08.02 11:21:12.331,0.82214,0.82228,1.73,1.73
2012.08.02 11:21:13.671,0.82217,0.82234,3.23,3.74
2012.08.02 11:21:18.156,0.82217,0.82234,2.48,2.48
2012.08.02 11:21:18.397,0.82218,0.82232,1.50,1.49
2012.08.02 11:21:18.931,0.82214,0.82231,4.35,1.73
2012.08.02 11:21:22.528,0.82217,0.82233,3.23,1.73
2012.08.02 11:21:22.709,0.82217,0.82234,4.73,2.10
2012.08.02 11:21:25.703,0.82218,0.82235,1.73,3.36
2012.08.02 11:21:25.884,0.82217,0.82232,3.98,1.49
2012.08.02 11:21:28.055,0.82219,0.82232,2.85,3.00
2012.08.02 11:21:28.359,0.82223,0.82236,1.35,1.73
2012.08.02 11:21:28.424,0.82223,0.82236,1.35,1.50
2012.08.02 11:21:28.489,0.82223,0.82238,1.35,2.24
2012.08.02 11:21:28.612,0.82223,0.82238,1.35,1.49
2012.08.02 11:21:29.730,0.82221,0.82237,1.73,1.73
2012.08.02 11:21:36.451,0.82223,0.82238,2.85,2.01
2012.08.02 11:21:36.808,0.82222,0.82238,1.73,4.86
2012.08.02 11:21:37.344,0.8222,0.82235,1.17,1.49
2012.08.02 11:21:37.467,0.8222,0.82235,1.17,1.49
2012.08.02 11:21:38.703,0.82218,0.82234,1.17,2.99
2012.08.02 11:21:38.888,0.82218,0.82234,1.73,2.48
2012.08.02 11:21:40.042,0.8222,0.82235,2.48,1.73
2012.08.02 11:21:40.226,0.82223,0.82237,1.73,1.49
2012.08.02 11:21:42.003,0.82222,0.82236,1.73,1.50
2012.08.02 11:21:42.558,0.82222,0.82236,2.48,1.50
2012.08.02 11:21:42.796,0.82222,0.82236,3.98,1.50
2012.08.02 11:21:42.918,0.82224,0.82237,1.73,1.50
2012.08.02 11:21:43.160,0.82223,0.82238,5.10,1.73
2012.08.02 11:21:43.705,0.82223,0.82238,4.35,1.50
2012.08.02 11:21:44.350,0.82224,0.8224,2.48,2.24
2012.08.02 11:21:47.349,0.82223,0.82237,2.48,1.50
2012.08.02 11:21:50.158,0.82222,0.82236,1.73,1.73
2012.08.02 11:21:50.338,0.82221,0.82236,4.35,3.23
2012.08.02 11:21:50.912,0.82221,0.82234,2.85,1.50
2012.08.02 11:21:51.209,0.8222,0.82234,1.73,1.73
2012.08.02 11:21:51.453,0.82217,0.82233,2.48,1.73
2012.08.02 11:21:52.121,0.82218,0.82234,4.73,2.24
2012.08.02 11:22:07.143,0.82221,0.82234,1.73,2.24
2012.08.02 11:22:08.336,0.82219,0.8223,1.73,1.50
2012.08.02 11:22:08.576,0.82215,0.8223,2.85,1.73
2012.08.02 11:22:09.230,0.82215,0.82227,2.10,1.50
2012.08.02 11:22:12.257,0.82215,0.82228,2.10,1.50
2012.08.02 11:22:12.840,0.82216,0.8223,1.35,3.98
2012.08.02 11:22:25.831,0.82215,0.82228,2.10,1.50
2012.08.02 11:22:28.118,0.82213,0.82228,2.48,2.76
2012.08.02 11:22:28.649,0.82215,0.82227,1.13,1.73
2012.08.02 11:22:28.986,0.82215,0.82228,1.35,2.25
2012.08.02 11:22:29.528,0.82215,0.82227,1.35,1.50
2012.08.02 11:22:30.632,0.82213,0.82226,1.73,2.24
2012.08.02 11:22:37.288,0.82212,0.82226,1.73,3.74
2012.08.02 11:22:40.130,0.82212,0.82226,1.73,3.74
2012.08.02 11:22:40.844,0.82212,0.82224,1.73,1.50
2012.08.02 11:22:41.149,0.82209,0.82222,1.35,1.73
2012.08.02 11:22:47.823,0.8221,0.82219,1.73,1.50
2012.08.02 11:22:48.180,0.82206,0.8222,2.25,4.11
2012.08.02 11:22:48.245,0.82202,0.82218,3.60,1.11
2012.08.02 11:22:48.310,0.82202,0.82218,3.60,2.61
2012.08.02 11:22:51.473,0.82202,0.82219,2.85,1.49
2012.08.02 11:22:51.828,0.82202,0.8222,2.85,6.36
2012.08.02 11:22:51.949,0.82202,0.8222,2.85,6.36
2012.08.02 11:22:52.132,0.82199,0.82215,1.88,1.49
2012.08.02 11:22:52.197,0.82198,0.82214,1.35,1.49
2012.08.02 11:22:52.378,0.82198,0.82211,1.13,2.24
2012.08.02 11:22:52.945,0.82198,0.82211,1.88,2.24
2012.08.02 11:22:56.950,0.822,0.82212,1.88,2.24
2012.08.02 11:22:57.014,0.822,0.82212,1.88,2.24
2012.08.02 11:22:57.078,0.82198,0.82212,2.10,2.24
2012.08.02 11:22:57.597,0.82198,0.82212,1.88,2.24
2012.08.02 11:22:58.733,0.82199,0.82213,1.50,2.24
2012.08.02 11:22:59.269,0.82198,0.82212,1.88,2.24
2012.08.02 11:23:01.912,0.82198,0.82212,2.10,1.73
2012.08.02 11:23:14.444,0.82198,0.82212,2.10,2.24
2012.08.02 11:23:14.800,0.82198,0.8221,1.88,2.24
2012.08.02 11:23:15.356,0.82196,0.82212,3.60,1.49
2012.08.02 11:23:15.708,0.82199,0.82212,1.50,1.49
2012.08.02 11:23:16.234,0.82198,0.82212,1.50,1.49
2012.08.02 11:23:16.659,0.82198,0.82213,1.73,4.49
2012.08.02 11:23:20.479,0.822,0.82212,1.73,1.49
2012.08.02 11:23:20.544,0.822,0.8221,1.73,2.25
2012.08.02 11:23:20.728,0.82192,0.82207,3.23,2.99
2012.08.02 11:23:21.322,0.82194,0.82208,1.88,1.49
2012.08.02 11:23:21.858,0.82194,0.82208,2.10,1.49
2012.08.02 11:23:25.083,0.82192,0.82206,3.60,1.73
2012.08.02 11:23:28.640,0.82192,0.82207,3.98,2.24
2012.08.02 11:23:28.704,0.82193,0.82207,1.35,1.50
2012.08.02 11:23:29.655,0.82194,0.82208,3.23,1.50
2012.08.02 11:23:30.010,0.82194,0.82207,2.25,1.49
2012.08.02 11:23:30.470,0.82189,0.82204,1.73,3.74
2012.08.02 11:23:31.636,0.82191,0.82205,1.73,2.85
2012.08.02 11:23:31.758,0.82191,0.82206,1.73,5.99
2012.08.02 11:23:32.574,0.82191,0.82206,1.73,4.26
2012.08.02 11:23:34.294,0.82191,0.82206,1.73,4.26
2012.08.02 11:23:34.593,0.82193,0.82207,1.50,3.98
2012.08.02 11:23:35.147,0.82191,0.82206,2.48,2.99
2012.08.02 11:23:35.734,0.82192,0.82208,3.98,1.49
2012.08.02 11:23:40.290,0.82195,0.82209,3.38,1.49
2012.08.02 11:23:40.601,0.82199,0.82214,2.25,2.05
2012.08.02 11:23:41.322,0.82198,0.82214,1.50,3.55
2012.08.02 11:23:41.853,0.82196,0.82212,3.98,3.36
2012.08.02 11:23:42.170,0.82196,0.82211,2.48,2.24
2012.08.02 11:23:52.823,0.82192,0.82206,3.60,1.26
2012.08.02 11:23:53.004,0.82192,0.82206,3.60,1.49
2012.08.02 11:23:55.369,0.82193,0.82207,1.73,1.49
2012.08.02 11:23:55.891,0.82192,0.82207,2.48,2.99
2012.08.02 11:24:01.882,0.82192,0.82206,2.25,1.49
2012.08.02 11:24:06.228,0.82192,0.82206,4.13,1.49
2012.08.02 11:24:06.351,0.82194,0.82208,2.48,3.74
2012.08.02 11:24:06.885,0.82196,0.82208,2.48,1.73
2012.08.02 11:24:07.480,0.82197,0.82214,1.73,6.36
2012.08.02 11:24:07.602,0.82199,0.82214,1.73,5.61
2012.08.02 11:24:08.242,0.82198,0.82213,1.73,1.49
2012.08.02 11:24:08.365,0.82198,0.82213,1.50,1.86
2012.08.02 11:24:08.886,0.82197,0.82212,1.50,2.24
2012.08.02 11:24:09.009,0.82199,0.82213,1.50,1.86
2012.08.02 11:24:09.513,0.822,0.82213,1.50,1.86
2012.08.02 11:24:10.342,0.82202,0.82213,1.50,1.49
2012.08.02 11:24:11.111,0.82199,0.82215,3.23,2.61
2012.08.02 11:24:12.300,0.82198,0.82214,2.48,1.11
2012.08.02 11:24:12.421,0.82198,0.82214,1.50,1.86
2012.08.02 11:24:12.972,0.82199,0.82214,1.50,4.49
2012.08.02 11:24:13.155,0.82197,0.82211,3.00,2.99
2012.08.02 11:24:13.689,0.82198,0.82211,1.73,2.10
2012.08.02 11:24:14.965,0.82199,0.82211,1.50,1.49
2012.08.02 11:24:16.115,0.82199,0.82214,2.25,2.99
2012.08.02 11:24:16.526,0.82199,0.82214,3.23,2.10
2012.08.02 11:24:17.007,0.82198,0.82214,2.48,2.10
2012.08.02 11:24:17.303,0.82198,0.82213,1.50,3.74
2012.08.02 11:24:17.839,0.82198,0.82213,1.73,3.74
2012.08.02 11:24:18.813,0.82197,0.82213,1.73,5.24
2012.08.02 11:24:19.283,0.82198,0.82213,3.23,4.11
2012.08.02 11:24:20.916,0.822,0.82213,1.73,3.36
2012.08.02 11:24:21.272,0.82199,0.82214,2.48,3.75
2012.08.02 11:24:21.799,0.822,0.82215,2.48,1.58
2012.08.02 11:24:23.287,0.82199,0.82215,1.73,2.24
2012.08.02 11:24:23.353,0.82199,0.82215,1.73,3.74
2012.08.02 11:24:23.992,0.82197,0.82213,5.25,1.34
2012.08.02 11:24:24.348,0.82197,0.82212,1.73,2.01
2012.08.02 11:24:25.026,0.82199,0.82216,2.48,5.05
2012.08.02 11:24:25.381,0.82201,0.82216,1.73,5.80
2012.08.02 11:24:25.911,0.82201,0.82216,3.23,3.36
2012.08.02 11:24:26.091,0.82202,0.82216,1.73,3.36
2012.08.02 11:24:26.618,0.82201,0.82216,1.73,3.36
2012.08.02 11:24:28.321,0.82204,0.82216,1.73,2.10
2012.08.02 11:24:28.563,0.82205,0.8222,1.73,1.49
2012.08.02 11:24:29.091,0.82206,0.82221,1.73,1.50
2012.08.02 11:24:29.685,0.82207,0.82223,1.73,1.58
2012.08.02 11:24:29.750,0.82207,0.82223,1.73,1.35
2012.08.02 11:24:30.280,0.82208,0.82222,1.88,1.34
2012.08.02 11:24:31.545,0.82204,0.82221,2.85,3.59
2012.08.02 11:24:31.727,0.82204,0.82218,2.10,1.49
2012.08.02 11:24:31.792,0.82201,0.82218,5.10,2.61
2012.08.02 11:24:32.312,0.82201,0.82216,4.35,2.24
2012.08.02 11:24:32.665,0.82203,0.82216,2.10,2.24
2012.08.02 11:24:33.213,0.82203,0.82217,2.10,1.49
2012.08.02 11:24:33.548,0.82206,0.82219,1.88,2.48
2012.08.02 11:24:33.613,0.82206,0.82219,2.10,1.73
2012.08.02 11:24:34.127,0.82206,0.82221,2.10,4.49
2012.08.02 11:24:34.661,0.82205,0.82221,2.85,3.74
2012.08.02 11:24:34.753,0.82205,0.82221,2.85,3.74
2012.08.02 11:24:35.110,0.82203,0.82218,4.35,3.36
2012.08.02 11:24:35.348,0.82203,0.82218,3.60,2.99
2012.08.02 11:24:35.586,0.82203,0.82216,3.38,2.24
2012.08.02 11:24:35.651,0.82199,0.82215,3.23,2.24
2012.08.02 11:24:36.932,0.82199,0.82215,2.85,2.24
2012.08.02 11:24:37.289,0.82205,0.82217,1.50,1.49
2012.08.02 11:24:37.745,0.82205,0.82218,3.60,1.49
2012.08.02 11:24:38.747,0.82205,0.82218,3.38,1.49
2012.08.02 11:24:39.255,0.82206,0.82219,1.50,1.73
2012.08.02 11:24:39.436,0.82205,0.8222,2.48,1.50
2012.08.02 11:24:39.964,0.82205,0.82221,2.48,2.99
2012.08.02 11:24:44.250,0.82204,0.8222,1.73,2.24
2012.08.02 11:24:44.492,0.82203,0.82216,2.85,1.50
2012.08.02 11:24:45.023,0.822,0.82216,2.48,5.25
2012.08.02 11:24:45.088,0.822,0.82215,1.73,1.49
2012.08.02 11:24:46.140,0.82198,0.82215,5.85,2.99
2012.08.02 11:24:46.380,0.82201,0.82215,3.98,1.50
2012.08.02 11:24:47.034,0.82201,0.82216,3.98,1.26
2012.08.02 11:24:47.655,0.82201,0.82217,5.48,2.99
2012.08.02 11:24:54.076,0.82205,0.82217,2.10,1.49
2012.08.02 11:24:54.647,0.82205,0.82217,2.10,1.49
2012.08.02 11:24:55.601,0.82204,0.82219,3.98,1.50
2012.08.02 11:24:57.362,0.82204,0.82219,2.48,1.26
2012.08.02 11:24:57.733,0.82202,0.82218,4.35,2.61
2012.08.02 11:25:00.408,0.82202,0.82217,1.88,1.11
2012.08.02 11:25:00.997,0.82201,0.82216,1.73,2.25
2012.08.02 11:25:02.990,0.82198,0.82216,6.23,3.51
2012.08.02 11:25:03.288,0.822,0.82214,1.73,1.50
2012.08.02 11:25:03.411,0.822,0.82216,1.73,1.26
2012.08.02 11:25:04.115,0.822,0.82214,1.73,1.50
2012.08.02 11:25:05.250,0.82202,0.82214,1.88,1.50
2012.08.02 11:25:05.373,0.82202,0.8221,1.88,1.50
2012.08.02 11:25:06.078,0.82202,0.82213,1.88,2.24
2012.08.02 11:25:08.141,0.82202,0.82213,1.88,2.24
2012.08.02 11:25:09.568,0.82202,0.82213,1.88,3.74
2012.08.02 11:25:11.779,0.82202,0.82215,1.88,5.61
2012.08.02 11:25:12.394,0.82202,0.82215,1.88,3.36
2012.08.02 11:25:12.902,0.822,0.82215,3.60,4.11
2012.08.02 11:25:13.393,0.82201,0.82215,1.73,1.26
2012.08.02 11:25:18.428,0.82203,0.82216,1.88,2.99
2012.08.02 11:25:20.807,0.82201,0.82213,2.10,1.50
2012.08.02 11:25:21.497,0.82201,0.82216,2.10,2.99
2012.08.02 11:25:22.120,0.82201,0.82216,2.10,2.99
2012.08.02 11:25:23.123,0.82201,0.82214,2.10,1.50
2012.08.02 11:25:23.711,0.82203,0.82214,1.88,1.50
2012.08.02 11:25:24.184,0.82203,0.82217,2.10,3.51
2012.08.02 11:25:24.306,0.82203,0.82217,3.60,1.50
2012.08.02 11:25:24.814,0.82202,0.82217,2.48,2.25
2012.08.02 11:25:25.733,0.82203,0.82216,2.10,1.26
2012.08.02 11:25:25.855,0.82203,0.82216,2.63,1.49
2012.08.02 11:25:26.464,0.82203,0.82215,2.63,2.01
2012.08.02 11:25:33.277,0.82203,0.82214,1.88,1.50
2012.08.02 11:25:33.398,0.82207,0.82214,1.88,1.50
2012.08.02 11:25:33.640,0.82205,0.82216,2.25,1.73
2012.08.02 11:25:33.704,0.82205,0.82216,1.73,1.50
2012.08.02 11:25:34.004,0.82204,0.82216,3.42,1.50
2012.08.02 11:25:34.069,0.82208,0.82216,1.50,1.50
2012.08.02 11:25:34.369,0.82208,0.82224,1.73,1.01
2012.08.02 11:25:34.553,0.82206,0.82221,2.48,1.73
2012.08.02 11:25:35.694,0.82206,0.82221,3.42,1.50
2012.08.02 11:25:35.877,0.82211,0.82224,1.35,2.25
2012.08.02 11:25:36.410,0.82212,0.82227,2.48,5.25
2012.08.02 11:25:36.533,0.82212,0.82227,2.48,4.50
2012.08.02 11:25:37.300,0.8221,0.82226,6.60,1.50
2012.08.02 11:25:37.775,0.8221,0.82222,1.73,2.25
2012.08.02 11:25:37.841,0.8221,0.82222,1.73,3.00
2012.08.02 11:25:38.081,0.82208,0.82222,2.85,4.86
2012.08.02 11:25:39.266,0.82208,0.82221,2.10,1.73
2012.08.02 11:25:42.285,0.82208,0.82222,2.85,4.11
2012.08.02 11:25:42.587,0.8221,0.82224,1.73,3.00
2012.08.02 11:25:43.118,0.82212,0.82226,2.48,1.50
2012.08.02 11:25:43.297,0.82212,0.82227,2.48,1.26
2012.08.02 11:25:45.765,0.82211,0.82226,1.73,1.50
2012.08.02 11:25:46.004,0.82209,0.82224,1.73,1.26
2012.08.02 11:25:48.831,0.82209,0.82223,1.73,1.50
2012.08.02 11:25:50.804,0.82208,0.82222,1.73,1.50
2012.08.02 11:25:51.416,0.82208,0.82223,1.73,1.50
2012.08.02 11:25:53.277,0.82208,0.82222,1.73,1.50
2012.08.02 11:25:53.992,0.82208,0.82223,1.73,3.00
2012.08.02 11:25:56.367,0.82208,0.82223,1.73,2.25
2012.08.02 11:25:57.098,0.82208,0.82221,1.73,1.50
2012.08.02 11:25:58.355,0.82207,0.82222,1.73,1.50
2012.08.02 11:26:01.671,0.82208,0.82223,1.35,2.48
2012.08.02 11:26:02.025,0.82212,0.82225,2.10,1.50
2012.08.02 11:26:02.576,0.82207,0.82223,8.48,3.00
2012.08.02 11:26:02.641,0.82207,0.82222,6.23,1.50
2012.08.02 11:26:03.521,0.82207,0.82224,6.23,4.49
2012.08.02 11:26:04.589,0.82207,0.82223,1.73,1.35
2012.08.02 11:26:04.887,0.82205,0.82222,3.45,3.36
2012.08.02 11:26:05.069,0.82205,0.82217,1.35,1.50
2012.08.02 11:26:05.191,0.82205,0.8222,1.35,2.48
2012.08.02 11:26:06.200,0.82209,0.82221,1.88,1.49
2012.08.02 11:26:06.504,0.82211,0.82224,1.35,1.26
2012.08.02 11:26:06.569,0.82211,0.82225,1.35,2.76
2012.08.02 11:26:07.111,0.82209,0.82223,2.85,1.50
2012.08.02 11:26:07.174,0.82209,0.82223,2.85,1.73
2012.08.02 11:26:09.140,0.8221,0.82223,1.35,1.73
2012.08.02 11:26:09.264,0.8221,0.82223,1.35,1.50
2012.08.02 11:26:09.815,0.82208,0.82223,2.67,1.73
2012.08.02 11:26:10.942,0.82207,0.82222,1.92,1.50
2012.08.02 11:26:11.493,0.82207,0.82224,3.23,2.24
2012.08.02 11:26:17.049,0.82209,0.82223,1.35,1.73
2012.08.02 11:26:17.401,0.8221,0.82226,3.60,4.86
2012.08.02 11:26:17.742,0.8221,0.82223,2.10,1.73
2012.08.02 11:26:17.805,0.82209,0.82223,2.85,2.24
2012.08.02 11:26:24.785,0.82206,0.82222,2.48,1.50
2012.08.02 11:26:25.299,0.82206,0.82223,3.98,1.49
2012.08.02 11:26:29.695,0.82206,0.8222,3.98,1.50
2012.08.02 11:26:29.993,0.82202,0.82216,2.48,1.49
2012.08.02 11:26:30.115,0.82201,0.82213,1.92,1.50
2012.08.02 11:26:30.186,0.82201,0.82215,1.92,2.24
2012.08.02 11:26:34.205,0.82202,0.82217,2.48,3.36
2012.08.02 11:26:34.522,0.82203,0.82218,1.35,3.23
2012.08.02 11:26:34.928,0.822,0.82217,4.73,5.61
2012.08.02 11:26:37.114,0.82201,0.82214,1.50,1.11
2012.08.02 11:26:37.642,0.822,0.82214,1.88,1.86
2012.08.02 11:26:48.978,0.82201,0.82216,1.50,2.61
2012.08.02 11:26:49.270,0.82201,0.82216,1.73,3.74
2012.08.02 11:26:49.798,0.82204,0.82216,3.23,1.50
2012.08.02 11:26:50.388,0.82206,0.82222,1.73,1.49
2012.08.02 11:26:54.528,0.82207,0.82221,1.73,1.50
2012.08.02 11:26:55.080,0.82207,0.82223,1.73,3.36
2012.08.02 11:26:57.061,0.82206,0.8222,1.73,1.50
2012.08.02 11:26:57.960,0.82205,0.82217,2.85,1.50
2012.08.02 11:26:58.202,0.82202,0.82217,2.48,5.99
2012.08.02 11:26:58.384,0.822,0.82215,1.73,4.11
2012.08.02 11:27:00.025,0.82198,0.82213,3.23,1.73
2012.08.02 11:27:04.781,0.82199,0.82213,2.48,1.86
2012.08.02 11:27:04.845,0.82199,0.82213,1.50,1.86
2012.08.02 11:27:12.866,0.82196,0.8221,3.23,2.48
2012.08.02 11:27:13.392,0.82194,0.8221,1.73,2.48
2012.08.02 11:27:14.291,0.82198,0.82212,1.50,2.85
2012.08.02 11:27:15.058,0.82196,0.82212,2.48,3.36
2012.08.02 11:27:18.275,0.82197,0.82213,2.48,2.61
2012.08.02 11:27:18.515,0.822,0.82213,2.48,1.73
2012.08.02 11:27:18.755,0.822,0.82212,2.25,1.11
2012.08.02 11:27:19.111,0.82199,0.82212,1.50,1.49
2012.08.02 11:27:20.522,0.82199,0.82212,1.73,1.49
2012.08.02 11:27:20.646,0.822,0.82214,3.00,1.49
2012.08.02 11:27:20.711,0.82203,0.82215,1.50,4.86
2012.08.02 11:27:20.776,0.822,0.82215,1.50,4.86
2012.08.02 11:27:23.705,0.82198,0.82213,2.48,1.73
2012.08.02 11:27:24.737,0.82197,0.82211,1.73,1.50
2012.08.02 11:27:25.412,0.82197,0.82211,1.73,1.50
2012.08.02 11:27:27.697,0.82197,0.82212,1.73,3.23
2012.08.02 11:27:28.051,0.82202,0.82212,2.63,1.73
2012.08.02 11:27:28.408,0.82209,0.82218,2.48,1.50
2012.08.02 11:27:29.618,0.82208,0.82221,2.48,1.67
2012.08.02 11:27:30.204,0.82208,0.82221,2.48,1.49
2012.08.02 11:27:30.760,0.82208,0.82223,2.48,2.24
2012.08.02 11:27:31.003,0.82209,0.82223,1.73,1.73
2012.08.02 11:27:31.127,0.8221,0.82224,1.73,2.76
2012.08.02 11:27:31.311,0.82209,0.82224,1.73,2.24
2012.08.02 11:27:31.619,0.82211,0.82225,2.25,2.61
2012.08.02 11:27:40.214,0.82207,0.82222,2.48,2.24
2012.08.02 11:27:40.337,0.82207,0.82222,1.73,3.36
2012.08.02 11:27:40.460,0.82205,0.82221,1.73,3.74
2012.08.02 11:27:45.367,0.82201,0.82217,1.35,3.23
2012.08.02 11:27:45.550,0.822,0.82215,3.00,4.49
2012.08.02 11:27:45.672,0.82197,0.82213,1.73,2.24
2012.08.02 11:27:51.817,0.82194,0.82211,2.48,3.36
2012.08.02 11:27:51.941,0.82194,0.82209,1.73,2.10
2012.08.02 11:27:52.123,0.82196,0.82209,1.73,1.11
2012.08.02 11:27:52.555,0.82197,0.82213,3.23,3.60
2012.08.02 11:27:52.619,0.82197,0.82213,3.23,3.60
2012.08.02 11:27:52.740,0.82197,0.82211,1.73,1.11
2012.08.02 11:28:19.588,0.82197,0.82214,3.23,3.74
2012.08.02 11:28:19.651,0.82201,0.82214,1.73,2.24
2012.08.02 11:28:20.194,0.82202,0.82216,2.48,1.26
2012.08.02 11:28:20.719,0.82203,0.82215,2.48,1.88
2012.08.02 11:28:20.784,0.82203,0.82215,2.48,2.39
2012.08.02 11:28:20.906,0.822,0.82215,1.73,2.61
2012.08.02 11:28:21.446,0.82202,0.82216,1.73,2.24
2012.08.02 11:28:21.571,0.82203,0.82216,3.38,1.49
2012.08.02 11:28:21.753,0.82209,0.82221,1.50,5.42
2012.08.02 11:28:24.955,0.82206,0.82221,3.23,5.42
2012.08.02 11:28:25.018,0.82206,0.82224,3.23,3.02
2012.08.02 11:28:28.845,0.82206,0.82221,1.73,1.49
2012.08.02 11:28:29.203,0.82205,0.82216,3.00,2.61
2012.08.02 11:28:29.386,0.82198,0.82213,3.23,1.73
2012.08.02 11:28:37.654,0.82197,0.82214,2.48,3.98
2012.08.02 11:28:37.894,0.82197,0.82213,2.48,1.35
2012.08.02 11:28:38.421,0.82196,0.82212,2.85,1.49
2012.08.02 11:28:39.169,0.82195,0.82206,1.73,1.13
2012.08.02 11:28:39.412,0.8219,0.82204,2.10,2.61
2012.08.02 11:28:39.955,0.82191,0.82204,1.50,1.11
2012.08.02 11:28:40.655,0.8219,0.82204,2.10,1.11
2012.08.02 11:28:41.219,0.82191,0.82204,1.50,1.11
2012.08.02 11:28:41.867,0.8219,0.82204,3.60,1.11
2012.08.02 11:28:45.082,0.8219,0.82204,4.35,1.11
2012.08.02 11:28:45.205,0.82196,0.82204,1.50,1.11
2012.08.02 11:28:45.388,0.82197,0.8221,1.73,1.49
2012.08.02 11:28:46.654,0.82193,0.82208,2.48,2.61
2012.08.02 11:28:46.955,0.82193,0.82206,1.50,1.49
2012.08.02 11:28:48.274,0.82193,0.82206,2.25,1.49
2012.08.02 11:28:48.691,0.82193,0.82208,4.35,2.99
2012.08.02 11:28:49.225,0.82195,0.82209,1.50,1.73
2012.08.02 11:28:49.348,0.82195,0.8221,1.73,2.42
2012.08.02 11:28:50.389,0.82198,0.82212,1.50,3.74
2012.08.02 11:28:50.452,0.82198,0.82212,1.73,3.74
2012.08.02 11:28:51.127,0.82201,0.82212,1.73,2.24
2012.08.02 11:28:52.895,0.82197,0.82213,5.85,2.24
2012.08.02 11:28:54.193,0.82194,0.8221,3.60,2.33
2012.08.02 11:28:54.316,0.82194,0.82208,2.48,2.48
2012.08.02 11:28:57.002,0.82198,0.82208,1.73,1.26
2012.08.02 11:28:57.067,0.82198,0.82209,3.23,1.26
2012.08.02 11:28:57.189,0.822,0.82211,1.73,1.49
2012.08.02 11:28:58.856,0.822,0.82215,2.48,2.24
2012.08.02 11:28:59.396,0.82199,0.82214,1.73,2.10
2012.08.02 11:29:01.957,0.822,0.82214,2.48,1.11
2012.08.02 11:29:02.139,0.82201,0.82215,1.73,1.73
2012.08.02 11:29:02.381,0.82203,0.82216,4.35,1.26
2012.08.02 11:29:02.563,0.82203,0.82218,2.48,3.74
2012.08.02 11:29:03.111,0.82206,0.82218,1.50,1.49
2012.08.02 11:29:03.744,0.82204,0.82218,2.48,1.49
2012.08.02 11:29:05.749,0.82204,0.82218,2.48,1.49
2012.08.02 11:29:06.376,0.82204,0.82218,2.48,1.49
2012.08.02 11:29:08.535,0.82204,0.82217,2.25,1.49
2012.08.02 11:29:09.063,0.82199,0.82214,1.73,2.24
2012.08.02 11:29:10.501,0.822,0.82214,1.50,1.49
2012.08.02 11:29:10.625,0.82198,0.82212,1.73,2.24
2012.08.02 11:29:12.899,0.82197,0.82214,3.98,2.99
2012.08.02 11:29:13.023,0.822,0.82215,2.25,5.29
2012.08.02 11:29:13.149,0.82202,0.82215,1.73,2.44
2012.08.02 11:29:13.709,0.82202,0.82216,1.50,1.45
2012.08.02 11:29:14.324,0.82202,0.82216,1.73,1.45
2012.08.02 11:29:15.675,0.82202,0.82216,1.73,1.26
2012.08.02 11:29:17.675,0.82202,0.82216,2.48,2.01
2012.08.02 11:29:17.800,0.82202,0.82213,2.25,1.95
2012.08.02 11:29:17.925,0.82198,0.82207,3.23,1.88
2012.08.02 11:29:17.990,0.82195,0.82207,4.92,1.88
2012.08.02 11:29:18.172,0.82195,0.82205,4.92,2.01
2012.08.02 11:29:18.353,0.8219,0.82205,2.83,2.24
2012.08.02 11:29:19.859,0.8219,0.82204,1.73,1.11
2012.08.02 11:29:19.981,0.8219,0.82203,1.50,1.35
2012.08.02 11:29:20.674,0.82189,0.82202,1.88,1.49
2012.08.02 11:29:21.128,0.8219,0.82203,1.73,1.26
2012.08.02 11:29:24.771,0.8219,0.82205,1.73,1.73
2012.08.02 11:29:25.126,0.8219,0.82205,2.48,1.50
2012.08.02 11:29:25.656,0.82192,0.82206,1.73,1.26
2012.08.02 11:29:29.233,0.82196,0.82209,1.13,1.49
2012.08.02 11:29:29.543,0.82197,0.8221,2.48,1.49
2012.08.02 11:29:31.679,0.82195,0.8221,3.98,2.24
2012.08.02 11:29:35.533,0.82198,0.82213,1.73,2.24
2012.08.02 11:29:36.067,0.82197,0.82211,2.48,1.49
2012.08.02 11:29:40.467,0.82198,0.82213,1.73,2.99
2012.08.02 11:29:41.013,0.82198,0.82213,1.73,2.99
2012.08.02 11:29:43.512,0.822,0.82214,1.50,2.84
2012.08.02 11:29:44.042,0.82198,0.82212,1.73,2.61
2012.08.02 11:29:46.182,0.82195,0.8221,2.48,2.24
2012.08.02 11:29:46.364,0.82195,0.8221,2.48,2.61
2012.08.02 11:29:46.604,0.82193,0.82208,3.98,2.24
2012.08.02 11:29:47.337,0.8219,0.82205,3.98,1.73
2012.08.02 11:29:48.398,0.8219,0.82205,3.98,2.24
2012.08.02 11:29:48.926,0.8219,0.82205,1.73,2.24
2012.08.02 11:29:50.547,0.82194,0.82208,1.73,3.23
2012.08.02 11:29:54.398,0.8219,0.82206,1.73,1.49
2012.08.02 11:29:55.464,0.82192,0.82206,1.50,2.24
2012.08.02 11:29:55.821,0.82194,0.82207,1.73,1.73
2012.08.02 11:29:57.094,0.82191,0.82206,2.48,1.49
2012.08.02 11:29:57.396,0.82188,0.82204,2.48,3.74
2012.08.02 11:29:57.956,0.82188,0.82204,1.73,2.99
2012.08.02 11:30:04.485,0.82186,0.82202,2.48,2.24
2012.08.02 11:30:04.665,0.82184,0.82201,3.98,2.99
2012.08.02 11:30:05.281,0.82183,0.82196,2.48,1.50
2012.08.02 11:30:06.568,0.82184,0.82196,4.73,1.50
2012.08.02 11:30:06.633,0.82184,0.82199,4.73,1.73
2012.08.02 11:30:07.248,0.82186,0.82202,2.25,1.73
2012.08.02 11:30:07.801,0.82186,0.82202,4.13,2.24
2012.08.02 11:30:08.951,0.82186,0.82201,3.38,1.49
2012.08.02 11:30:09.693,0.82188,0.82203,1.50,2.24
2012.08.02 11:30:11.779,0.82187,0.82203,2.25,3.23
2012.08.02 11:30:14.750,0.82187,0.82203,1.50,3.74
2012.08.02 11:30:15.742,0.82188,0.82203,1.50,1.73
2012.08.02 11:30:16.350,0.82187,0.82203,2.25,3.23
2012.08.02 11:30:16.873,0.82187,0.82203,2.25,3.98
2012.08.02 11:30:17.223,0.82186,0.82201,3.38,1.35
2012.08.02 11:30:17.575,0.82188,0.82201,1.50,1.35
2012.08.02 11:30:17.697,0.82186,0.82201,4.13,1.35
2012.08.02 11:30:17.820,0.82188,0.82203,1.50,2.24
2012.08.02 11:30:17.884,0.82188,0.82203,1.50,2.24
2012.08.02 11:30:18.429,0.82189,0.82203,1.50,1.67
2012.08.02 11:30:18.975,0.82187,0.82203,1.73,3.17
2012.08.02 11:30:19.215,0.82188,0.82205,4.35,2.99
2012.08.02 11:30:19.398,0.82191,0.82205,2.63,1.49
2012.08.02 11:30:19.579,0.82193,0.82206,1.50,1.49
2012.08.02 11:30:19.937,0.82199,0.82208,1.50,2.24
2012.08.02 11:30:20.293,0.82202,0.8221,1.50,4.92
2012.08.02 11:30:20.841,0.82201,0.8221,1.50,4.92
2012.08.02 11:30:21.278,0.82202,0.82214,1.50,1.20
2012.08.02 11:30:21.521,0.82202,0.82217,2.25,2.48
2012.08.02 11:30:21.703,0.82202,0.82217,3.00,2.48
2012.08.02 11:30:25.177,0.82203,0.82217,3.75,1.73
2012.08.02 11:30:25.869,0.82202,0.82217,4.13,1.73
2012.08.02 11:30:27.011,0.82206,0.82221,3.60,3.74
2012.08.02 11:30:27.077,0.82206,0.82221,1.73,2.99
2012.08.02 11:30:27.261,0.82207,0.82221,2.85,1.49
2012.08.02 11:30:27.798,0.82213,0.82224,2.25,4.92
2012.08.02 11:30:28.786,0.82211,0.82226,2.25,2.99
2012.08.02 11:30:30.526,0.82212,0.82227,2.25,2.99
2012.08.02 11:30:31.446,0.82214,0.82229,1.73,2.48
2012.08.02 11:30:31.882,0.82214,0.82229,1.73,2.48
2012.08.02 11:30:31.951,0.82216,0.8223,2.25,1.49
2012.08.02 11:30:33.980,0.82216,0.82231,2.25,1.49
2012.08.02 11:30:35.300,0.82215,0.82228,3.23,1.50
2012.08.02 11:30:35.801,0.82215,0.8223,3.23,2.24
2012.08.02 11:30:36.040,0.82215,0.82229,1.73,2.48
2012.08.02 11:30:36.104,0.82214,0.82229,2.25,2.99
2012.08.02 11:30:36.457,0.82215,0.82229,1.50,2.48
2012.08.02 11:30:36.522,0.82215,0.82229,1.73,2.48
2012.08.02 11:30:37.066,0.82216,0.82229,2.48,1.49
2012.08.02 11:30:37.680,0.82215,0.82229,2.48,1.49
2012.08.02 11:30:44.669,0.82214,0.82229,1.50,2.24
2012.08.02 11:30:46.641,0.82212,0.82226,2.25,1.49
2012.08.02 11:30:47.648,0.82209,0.82226,3.23,2.24
2012.08.02 11:30:47.774,0.8221,0.82226,1.73,3.83
2012.08.02 11:30:48.074,0.82208,0.82223,1.73,1.73
2012.08.02 11:30:50.050,0.82207,0.82222,4.73,1.73
2012.08.02 11:30:50.873,0.82207,0.82222,3.23,1.73
2012.08.02 11:30:53.697,0.82207,0.82223,2.48,2.24
2012.08.02 11:30:54.259,0.82206,0.82222,1.73,1.49
2012.08.02 11:30:55.323,0.82205,0.82223,2.48,3.74
2012.08.02 11:30:58.024,0.82205,0.82223,2.48,3.74
2012.08.02 11:30:59.267,0.82209,0.82224,1.50,4.11
2012.08.02 11:30:59.331,0.82209,0.82224,3.23,3.36
2012.08.02 11:30:59.861,0.82211,0.82224,2.48,2.10
2012.08.02 11:31:01.278,0.82209,0.82225,3.23,2.85
2012.08.02 11:31:01.342,0.82209,0.82224,1.73,1.73
2012.08.02 11:31:02.660,0.82207,0.82223,1.73,2.24
2012.08.02 11:31:02.900,0.82207,0.82223,1.73,2.99
2012.08.02 11:31:10.305,0.82207,0.82224,3.23,2.24
2012.08.02 11:31:14.467,0.82207,0.82223,2.48,2.24
2012.08.02 11:31:16.475,0.82208,0.82223,2.48,1.49
2012.08.02 11:31:16.776,0.82205,0.8222,3.00,2.24
2012.08.02 11:31:17.135,0.82204,0.82216,2.63,1.49
2012.08.02 11:31:18.995,0.82203,0.82217,1.73,1.50
2012.08.02 11:31:19.526,0.82204,0.82217,3.23,1.50
2012.08.02 11:31:19.706,0.82204,0.8222,3.23,1.49
2012.08.02 11:31:21.295,0.82204,0.82218,1.50,2.99
2012.08.02 11:31:21.535,0.82206,0.82219,2.25,1.49
2012.08.02 11:31:22.011,0.82205,0.82219,4.35,1.49
2012.08.02 11:31:22.253,0.82207,0.82222,2.48,1.49
2012.08.02 11:31:22.659,0.82207,0.82222,2.48,1.49
