2010.08.31 11:00:00.110,0.75105,0.75125,9.00,2.40
2010.08.31 11:00:00.594,0.7511,0.75125,1.00,2.40
2010.08.31 11:00:00.904,0.75115,0.75135,2.80,1.00
2010.08.31 11:00:01.111,0.75115,0.75135,2.40,1.00
2010.08.31 11:00:01.686,0.75115,0.75135,2.50,2.40
2010.08.31 11:00:01.898,0.75115,0.75135,5.60,1.20
2010.08.31 11:00:02.252,0.75115,0.75135,5.60,1.00
2010.08.31 11:00:03.278,0.75115,0.7513,2.40,2.40
2010.08.31 11:00:03.542,0.75115,0.7513,1.00,1.00
2010.08.31 11:00:03.800,0.75115,0.7513,1.00,1.00
2010.08.31 11:00:04.272,0.75115,0.75135,1.00,3.60
2010.08.31 11:00:04.570,0.75115,0.75135,1.00,6.00
2010.08.31 11:00:04.868,0.75115,0.75135,3.10,1.20
2010.08.31 11:00:05.168,0.75115,0.7513,2.30,3.40
2010.08.31 11:00:05.838,0.75115,0.75135,1.00,6.80
2010.08.31 11:00:06.097,0.75115,0.75135,1.00,5.20
2010.08.31 11:00:06.361,0.75115,0.75135,1.70,3.60
2010.08.31 11:00:06.877,0.75115,0.75135,7.20,3.60
2010.08.31 11:00:07.213,0.7512,0.75135,1.00,1.00
2010.08.31 11:00:07.879,0.7512,0.75135,2.40,3.40
2010.08.31 11:00:08.322,0.7512,0.75135,2.40,3.40
2010.08.31 11:00:08.621,0.7512,0.75135,1.00,3.60
2010.08.31 11:00:08.910,0.7512,0.75135,1.00,5.20
2010.08.31 11:00:09.198,0.7512,0.75135,1.00,3.60
2010.08.31 11:00:09.897,0.7512,0.75135,1.00,3.20
2010.08.31 11:00:10.084,0.7512,0.75135,1.00,1.60
2010.08.31 11:00:10.258,0.75115,0.75135,4.80,1.00
2010.08.31 11:00:10.608,0.7512,0.75135,1.00,1.00
2010.08.31 11:00:11.162,0.7512,0.7514,1.00,6.60
2010.08.31 11:00:11.424,0.75125,0.7514,1.00,1.00
2010.08.31 11:00:11.689,0.75125,0.75145,2.40,4.80
2010.08.31 11:00:12.628,0.75125,0.75145,3.20,4.40
2010.08.31 11:00:12.978,0.75125,0.75145,2.50,5.40
2010.08.31 11:00:13.665,0.7513,0.75145,1.00,4.20
2010.08.31 11:00:14.340,0.7513,0.75145,1.00,6.60
2010.08.31 11:00:14.630,0.7512,0.75135,4.10,2.40
2010.08.31 11:00:14.904,0.7512,0.75135,3.30,2.40
2010.08.31 11:00:15.309,0.7512,0.75135,3.10,2.40
2010.08.31 11:00:15.750,0.75115,0.75135,6.00,2.40
2010.08.31 11:00:16.057,0.75115,0.75135,1.50,5.60
2010.08.31 11:00:16.510,0.75115,0.75135,4.10,2.40
2010.08.31 11:00:16.999,0.75115,0.7514,6.10,8.00
2010.08.31 11:00:17.349,0.7512,0.7514,1.00,4.80
2010.08.31 11:00:18.573,0.7512,0.7514,2.30,4.80
2010.08.31 11:00:18.865,0.75125,0.7514,1.00,3.20
2010.08.31 11:00:19.151,0.75125,0.7514,1.60,2.40
2010.08.31 11:00:19.327,0.75125,0.7514,2.40,2.40
2010.08.31 11:00:19.504,0.75125,0.7514,3.20,2.40
2010.08.31 11:00:20.526,0.75125,0.75145,3.20,3.20
2010.08.31 11:00:21.984,0.7513,0.75145,1.00,3.20
2010.08.31 11:00:24.093,0.75125,0.75145,4.10,3.20
2010.08.31 11:00:24.247,0.75125,0.75145,3.30,4.20
2010.08.31 11:00:24.802,0.75125,0.7514,3.20,2.40
2010.08.31 11:00:25.072,0.75125,0.75145,4.10,3.60
2010.08.31 11:00:27.837,0.75125,0.75145,1.70,5.20
2010.08.31 11:00:28.048,0.75125,0.75145,8.10,1.00
2010.08.31 11:00:28.548,0.75125,0.75145,9.70,1.00
2010.08.31 11:00:28.777,0.7513,0.7515,2.40,4.40
2010.08.31 11:00:29.122,0.75135,0.7515,1.00,2.00
2010.08.31 11:00:29.845,0.7513,0.7515,4.80,2.00
2010.08.31 11:00:30.087,0.75135,0.7515,1.00,2.00
2010.08.31 11:00:30.328,0.75135,0.7515,1.00,1.60
2010.08.31 11:00:31.058,0.75125,0.75145,2.80,4.60
2010.08.31 11:00:31.675,0.75125,0.75145,1.00,7.00
2010.08.31 11:00:31.686,0.75125,0.7514,1.00,1.60
2010.08.31 11:00:31.898,0.7512,0.7514,2.40,1.60
2010.08.31 11:00:32.354,0.7512,0.7514,2.40,2.00
2010.08.31 11:00:32.873,0.7512,0.7514,2.40,1.60
2010.08.31 11:00:34.864,0.7512,0.7514,1.00,2.00
2010.08.31 11:00:37.864,0.7512,0.7514,2.40,1.60
2010.08.31 11:00:37.895,0.7512,0.7514,4.80,1.60
2010.08.31 11:00:37.926,0.75125,0.7514,1.00,1.00
2010.08.31 11:00:38.054,0.7512,0.7514,2.90,1.00
2010.08.31 11:00:40.612,0.7512,0.7514,2.40,3.40
2010.08.31 11:00:40.759,0.7512,0.7514,2.40,4.20
2010.08.31 11:00:41.563,0.7512,0.7514,2.40,5.80
2010.08.31 11:00:43.260,0.7512,0.7514,4.80,5.60
2010.08.31 11:00:43.895,0.7512,0.7514,4.00,4.80
2010.08.31 11:00:44.175,0.7512,0.75135,1.60,2.40
2010.08.31 11:00:44.340,0.75115,0.75135,8.10,2.80
2010.08.31 11:00:44.909,0.75115,0.75135,6.50,4.40
2010.08.31 11:00:45.086,0.7512,0.75135,1.00,6.00
2010.08.31 11:00:45.425,0.7512,0.75135,1.00,5.20
2010.08.31 11:00:46.394,0.7512,0.75135,1.00,4.80
2010.08.31 11:00:46.669,0.7512,0.75135,1.00,4.00
2010.08.31 11:00:46.943,0.7512,0.7514,2.40,6.80
2010.08.31 11:00:47.598,0.7512,0.75135,1.00,2.40
2010.08.31 11:00:47.950,0.75115,0.75135,8.00,2.80
2010.08.31 11:00:48.404,0.75115,0.75135,8.00,4.40
2010.08.31 11:00:48.704,0.75115,0.75135,8.00,5.20
2010.08.31 11:00:49.633,0.7512,0.75135,2.50,2.60
2010.08.31 11:00:49.808,0.7512,0.7513,1.00,2.40
2010.08.31 11:00:50.158,0.75115,0.7513,2.40,2.40
2010.08.31 11:00:50.354,0.75115,0.75135,4.00,6.40
2010.08.31 11:00:50.550,0.75115,0.75135,4.90,6.40
2010.08.31 11:00:51.252,0.75115,0.75135,3.20,6.40
2010.08.31 11:00:51.404,0.75115,0.75135,4.80,6.40
2010.08.31 11:00:51.562,0.75115,0.75135,4.80,6.80
2010.08.31 11:00:52.140,0.75115,0.75135,4.80,6.40
2010.08.31 11:00:52.487,0.75115,0.75135,4.80,6.80
2010.08.31 11:00:53.165,0.75115,0.75135,4.80,5.20
2010.08.31 11:00:53.745,0.75115,0.75135,9.60,4.00
2010.08.31 11:00:54.006,0.75115,0.75135,6.50,4.00
2010.08.31 11:00:54.251,0.7512,0.75135,1.00,4.00
2010.08.31 11:00:56.018,0.7512,0.75135,1.00,2.40
2010.08.31 11:00:57.159,0.75115,0.75135,8.00,4.00
2010.08.31 11:00:57.736,0.75115,0.75135,8.00,2.40
2010.08.31 11:00:58.605,0.75115,0.75135,8.00,4.00
2010.08.31 11:00:59.043,0.75115,0.75135,8.00,2.40
2010.08.31 11:00:59.155,0.75115,0.75135,8.00,4.80
2010.08.31 11:00:59.265,0.75115,0.75135,8.00,3.20
2010.08.31 11:00:59.376,0.75115,0.75135,10.50,2.40
2010.08.31 11:00:59.594,0.7512,0.7514,2.40,6.80
2010.08.31 11:01:00.506,0.7512,0.7514,3.30,6.00
2010.08.31 11:01:00.715,0.75125,0.7514,1.00,5.60
2010.08.31 11:01:01.335,0.7512,0.7514,3.20,5.60
2010.08.31 11:01:03.164,0.7512,0.7514,3.20,6.00
2010.08.31 11:01:03.916,0.7512,0.7514,3.20,5.60
2010.08.31 11:01:04.697,0.7512,0.7514,3.20,6.00
2010.08.31 11:01:06.954,0.7512,0.7514,3.20,5.60
2010.08.31 11:01:07.743,0.7512,0.7514,3.20,3.20
2010.08.31 11:01:07.993,0.75125,0.7514,1.00,1.60
2010.08.31 11:01:08.239,0.75125,0.7514,1.00,1.00
2010.08.31 11:01:08.475,0.75125,0.75145,1.00,6.80
2010.08.31 11:01:09.574,0.75125,0.75145,1.00,6.00
2010.08.31 11:01:17.104,0.75125,0.75145,1.00,5.60
2010.08.31 11:01:17.274,0.75135,0.75145,1.00,5.60
2010.08.31 11:01:18.108,0.7513,0.75145,1.00,5.60
2010.08.31 11:01:18.376,0.7513,0.75145,1.00,6.00
2010.08.31 11:01:20.319,0.75125,0.75145,1.00,6.00
2010.08.31 11:01:20.563,0.75125,0.7514,1.00,1.60
2010.08.31 11:01:20.862,0.75125,0.7514,1.00,1.60
2010.08.31 11:01:22.390,0.7513,0.7514,1.00,1.60
2010.08.31 11:01:22.589,0.7513,0.7514,1.00,2.40
2010.08.31 11:01:22.786,0.75125,0.7514,1.00,3.20
2010.08.31 11:01:22.975,0.75125,0.7514,1.00,1.60
2010.08.31 11:01:24.894,0.75125,0.7514,1.00,2.40
2010.08.31 11:01:25.494,0.7513,0.7514,1.00,2.40
2010.08.31 11:01:25.597,0.75125,0.7514,1.00,2.40
2010.08.31 11:01:26.409,0.75125,0.7514,1.00,4.00
2010.08.31 11:01:26.915,0.75125,0.7514,1.00,2.40
2010.08.31 11:01:27.106,0.7513,0.7514,1.00,1.60
2010.08.31 11:01:27.295,0.75125,0.7514,1.00,1.60
2010.08.31 11:01:28.233,0.75125,0.7514,1.00,1.60
2010.08.31 11:01:28.536,0.75125,0.75145,2.50,6.80
2010.08.31 11:01:28.689,0.7513,0.75145,1.00,5.60
2010.08.31 11:01:28.835,0.7513,0.75145,1.00,6.00
2010.08.31 11:01:29.332,0.7513,0.7514,1.00,1.60
2010.08.31 11:01:29.682,0.7512,0.7514,1.00,2.00
2010.08.31 11:01:30.028,0.7512,0.7514,1.00,2.00
2010.08.31 11:01:30.376,0.75115,0.7514,8.90,2.80
2010.08.31 11:01:30.699,0.75125,0.7514,1.00,2.40
2010.08.31 11:01:31.319,0.7512,0.7514,3.30,1.60
2010.08.31 11:01:31.642,0.7512,0.7514,1.00,2.40
2010.08.31 11:01:31.808,0.75125,0.7514,1.00,2.40
2010.08.31 11:01:31.974,0.75125,0.7514,1.00,4.00
2010.08.31 11:01:32.315,0.7512,0.7514,1.00,4.00
2010.08.31 11:01:32.999,0.7512,0.7514,1.00,2.40
2010.08.31 11:01:35.141,0.75125,0.7514,1.00,4.00
2010.08.31 11:01:35.234,0.75125,0.7514,1.00,3.20
2010.08.31 11:01:35.534,0.7513,0.7514,1.00,1.60
2010.08.31 11:01:36.029,0.7513,0.75145,1.00,6.40
2010.08.31 11:01:36.139,0.7513,0.75145,1.00,7.20
2010.08.31 11:01:36.492,0.7513,0.7514,1.00,2.40
2010.08.31 11:01:37.225,0.75125,0.75145,1.00,6.40
2010.08.31 11:01:37.571,0.7513,0.75145,1.00,6.40
2010.08.31 11:01:37.917,0.75125,0.75145,1.00,7.40
2010.08.31 11:01:38.258,0.75125,0.75145,1.00,8.20
2010.08.31 11:01:40.514,0.7513,0.75145,1.00,6.40
2010.08.31 11:01:40.685,0.75125,0.75145,1.00,6.40
2010.08.31 11:01:41.110,0.75125,0.75145,1.00,6.60
2010.08.31 11:01:41.202,0.75125,0.75145,1.00,7.40
2010.08.31 11:01:42.306,0.75125,0.7514,1.00,1.60
2010.08.31 11:01:43.032,0.7512,0.7514,1.00,2.00
2010.08.31 11:01:43.258,0.75125,0.7514,1.00,1.60
2010.08.31 11:01:45.274,0.75125,0.7514,1.00,3.20
2010.08.31 11:01:46.044,0.75125,0.7514,1.00,1.60
2010.08.31 11:01:47.497,0.75125,0.7514,1.00,3.20
2010.08.31 11:01:51.307,0.75125,0.7514,1.00,1.60
2010.08.31 11:01:52.526,0.7513,0.7514,1.00,1.60
2010.08.31 11:01:53.256,0.75125,0.7514,1.00,1.60
2010.08.31 11:01:53.299,0.75125,0.7514,1.00,1.60
2010.08.31 11:01:53.337,0.75125,0.7514,1.00,1.00
2010.08.31 11:01:53.380,0.75125,0.7514,1.30,1.00
2010.08.31 11:01:53.808,0.75125,0.75145,1.30,5.60
2010.08.31 11:01:54.163,0.75135,0.75145,1.00,5.60
2010.08.31 11:01:54.513,0.75135,0.75145,1.00,5.60
2010.08.31 11:01:55.248,0.7513,0.75145,1.00,5.60
2010.08.31 11:02:00.528,0.75135,0.75145,1.00,3.20
2010.08.31 11:02:01.288,0.75135,0.75145,1.00,2.40
2010.08.31 11:02:02.715,0.75135,0.7515,1.00,8.00
2010.08.31 11:02:03.447,0.75135,0.7515,1.00,7.20
2010.08.31 11:02:07.044,0.75135,0.7515,1.00,5.60
2010.08.31 11:02:08.412,0.7514,0.7515,1.00,5.60
2010.08.31 11:02:12.753,0.7514,0.75145,1.00,2.40
2010.08.31 11:02:16.639,0.75135,0.75145,1.00,2.40
2010.08.31 11:02:17.651,0.75135,0.7515,1.00,3.20
2010.08.31 11:02:17.919,0.75135,0.7515,1.70,1.00
2010.08.31 11:02:18.188,0.75135,0.7515,1.00,2.40
2010.08.31 11:02:21.955,0.75135,0.7515,1.00,1.00
2010.08.31 11:02:22.569,0.75135,0.7515,1.00,2.40
2010.08.31 11:02:25.356,0.75135,0.7515,1.70,1.00
2010.08.31 11:02:26.529,0.7514,0.7515,1.00,1.00
2010.08.31 11:02:26.929,0.75135,0.7515,1.70,1.00
2010.08.31 11:02:27.166,0.75135,0.7515,1.70,4.80
2010.08.31 11:02:27.395,0.75135,0.7515,1.60,4.80
2010.08.31 11:02:27.625,0.75135,0.7515,1.70,4.80
2010.08.31 11:02:28.227,0.75135,0.7515,1.60,4.80
2010.08.31 11:02:30.964,0.75135,0.7515,1.60,3.20
2010.08.31 11:02:31.195,0.75135,0.7515,1.60,1.00
2010.08.31 11:02:32.686,0.75135,0.7515,1.60,1.00
2010.08.31 11:02:33.000,0.75135,0.7515,1.00,3.20
2010.08.31 11:02:37.062,0.7514,0.7515,1.00,3.20
2010.08.31 11:02:37.174,0.75135,0.7515,1.00,4.80
2010.08.31 11:02:37.234,0.75135,0.7515,1.00,5.20
2010.08.31 11:02:37.576,0.75135,0.7515,1.00,8.40
2010.08.31 11:02:37.922,0.75135,0.7515,1.00,6.80
2010.08.31 11:02:38.365,0.75135,0.7515,1.00,4.40
2010.08.31 11:02:39.834,0.75135,0.7515,1.00,4.40
2010.08.31 11:02:40.875,0.75135,0.7515,1.00,4.00
2010.08.31 11:02:49.256,0.75135,0.7515,1.00,4.00
2010.08.31 11:02:51.895,0.75135,0.7515,1.00,4.00
2010.08.31 11:02:52.919,0.7514,0.7515,1.00,4.00
2010.08.31 11:02:53.820,0.7514,0.7515,1.00,4.00
2010.08.31 11:02:54.503,0.7514,0.7515,1.00,4.00
2010.08.31 11:02:55.108,0.7514,0.75145,1.00,1.60
2010.08.31 11:02:55.316,0.7514,0.7515,1.00,4.00
2010.08.31 11:02:55.475,0.75135,0.7515,1.00,4.00
2010.08.31 11:02:56.125,0.7513,0.7515,1.00,4.00
2010.08.31 11:02:56.206,0.7513,0.75145,1.00,1.60
2010.08.31 11:02:56.409,0.75135,0.7515,1.00,4.00
2010.08.31 11:02:58.965,0.75135,0.7515,1.00,3.20
2010.08.31 11:02:59.283,0.75135,0.7515,1.00,3.60
2010.08.31 11:03:00.386,0.75135,0.7515,1.00,3.20
2010.08.31 11:03:01.050,0.75135,0.7515,1.00,3.60
2010.08.31 11:03:01.394,0.75135,0.75145,1.00,1.60
2010.08.31 11:03:04.364,0.75135,0.75145,1.00,2.40
2010.08.31 11:03:04.464,0.75135,0.75145,1.00,4.80
2010.08.31 11:03:04.894,0.75135,0.75145,1.00,6.40
2010.08.31 11:03:05.108,0.75125,0.7514,1.00,1.60
2010.08.31 11:03:07.393,0.75125,0.7514,1.00,2.40
2010.08.31 11:03:10.554,0.75125,0.7514,1.00,1.60
2010.08.31 11:03:10.663,0.75125,0.7514,2.50,1.60
2010.08.31 11:03:10.823,0.75125,0.7514,4.10,1.60
2010.08.31 11:03:11.400,0.7513,0.7514,1.00,1.60
2010.08.31 11:03:11.818,0.7513,0.75145,1.00,4.00
2010.08.31 11:03:12.116,0.7513,0.75145,1.00,3.20
2010.08.31 11:03:14.285,0.7513,0.7514,1.00,1.60
2010.08.31 11:03:14.347,0.75125,0.7514,1.70,1.60
2010.08.31 11:03:14.535,0.75125,0.7514,1.60,1.60
2010.08.31 11:03:16.359,0.75125,0.75145,1.60,7.00
2010.08.31 11:03:16.610,0.75125,0.7514,1.60,1.80
2010.08.31 11:03:17.043,0.7512,0.7514,1.70,2.20
2010.08.31 11:03:17.356,0.75115,0.75135,3.20,2.80
2010.08.31 11:03:17.659,0.75115,0.7513,2.40,1.60
2010.08.31 11:03:18.280,0.75115,0.7513,2.40,2.00
2010.08.31 11:03:18.545,0.75115,0.7513,1.00,2.00
2010.08.31 11:03:18.796,0.75115,0.7513,1.00,1.60
2010.08.31 11:03:19.545,0.75115,0.7513,1.00,1.60
2010.08.31 11:03:23.228,0.75115,0.7513,1.00,2.00
2010.08.31 11:03:24.757,0.75115,0.7513,1.00,1.60
2010.08.31 11:03:34.494,0.75115,0.7513,1.00,2.40
2010.08.31 11:03:34.716,0.7511,0.75125,1.00,1.60
2010.08.31 11:03:35.379,0.7511,0.7513,1.00,6.40
2010.08.31 11:03:35.463,0.75115,0.7513,1.00,6.40
2010.08.31 11:03:37.799,0.75115,0.7513,1.00,7.60
2010.08.31 11:03:37.845,0.75115,0.7513,1.00,8.40
2010.08.31 11:03:37.964,0.75115,0.7513,1.00,8.60
2010.08.31 11:03:40.044,0.75115,0.7513,1.00,8.20
2010.08.31 11:03:40.558,0.75115,0.7513,1.00,4.80
2010.08.31 11:03:40.673,0.75115,0.7513,1.00,3.60
2010.08.31 11:03:44.294,0.75115,0.7513,1.00,4.40
2010.08.31 11:03:47.975,0.75115,0.7513,2.40,2.40
2010.08.31 11:03:48.246,0.75115,0.7513,1.00,4.00
2010.08.31 11:03:49.034,0.75115,0.7513,1.00,4.40
2010.08.31 11:03:49.737,0.7511,0.7513,1.00,6.80
2010.08.31 11:03:50.027,0.75105,0.7513,9.70,6.80
2010.08.31 11:03:50.175,0.75105,0.75125,9.70,1.00
2010.08.31 11:03:50.746,0.75105,0.75125,6.40,2.00
2010.08.31 11:03:51.668,0.7511,0.75125,1.00,2.00
2010.08.31 11:03:52.394,0.75105,0.75125,6.50,2.00
2010.08.31 11:03:52.554,0.75105,0.75125,6.40,2.00
2010.08.31 11:03:54.448,0.7511,0.75125,1.00,2.00
2010.08.31 11:03:55.374,0.7511,0.75125,1.00,2.80
2010.08.31 11:03:56.274,0.7511,0.75125,1.00,1.20
2010.08.31 11:03:59.883,0.75105,0.7512,8.80,1.00
2010.08.31 11:04:00.107,0.75105,0.75125,8.80,1.20
2010.08.31 11:04:00.352,0.7511,0.75125,1.00,1.00
2010.08.31 11:04:01.237,0.7511,0.75125,1.00,1.00
2010.08.31 11:04:01.995,0.75105,0.75125,8.90,1.00
2010.08.31 11:04:08.275,0.7511,0.75125,1.00,1.00
2010.08.31 11:04:08.524,0.75105,0.75125,8.90,1.00
2010.08.31 11:04:10.254,0.7511,0.75125,1.00,1.00
2010.08.31 11:04:11.375,0.75105,0.75125,8.80,1.00
2010.08.31 11:04:11.738,0.7511,0.75125,1.00,1.00
2010.08.31 11:04:16.254,0.75105,0.75125,8.80,1.00
2010.08.31 11:04:18.887,0.7511,0.75125,1.00,1.00
2010.08.31 11:04:20.455,0.75105,0.75125,8.90,1.00
2010.08.31 11:04:21.754,0.7511,0.75125,1.00,1.00
2010.08.31 11:04:23.235,0.75105,0.75125,8.10,1.20
2010.08.31 11:04:23.435,0.75105,0.75125,7.30,2.00
2010.08.31 11:04:31.648,0.75105,0.75125,6.50,2.00
2010.08.31 11:04:32.105,0.75105,0.75125,6.40,2.10
2010.08.31 11:04:32.135,0.75105,0.7512,4.00,1.00
2010.08.31 11:04:32.169,0.75105,0.7512,2.40,1.00
2010.08.31 11:04:32.404,0.75105,0.7512,1.60,1.00
2010.08.31 11:04:32.939,0.751,0.7512,4.90,1.00
2010.08.31 11:04:33.289,0.751,0.7512,2.40,1.20
2010.08.31 11:04:33.637,0.751,0.75115,1.60,1.00
2010.08.31 11:04:34.226,0.751,0.75115,1.70,1.00
2010.08.31 11:04:34.878,0.751,0.75115,1.00,1.00
2010.08.31 11:04:35.141,0.751,0.75115,1.60,1.20
2010.08.31 11:04:35.456,0.751,0.75115,1.60,1.00
2010.08.31 11:04:36.867,0.751,0.75115,1.60,1.00
2010.08.31 11:04:38.167,0.751,0.7511,1.60,1.00
2010.08.31 11:04:38.723,0.7509,0.75105,4.10,1.00
2010.08.31 11:04:38.954,0.7509,0.75105,1.00,6.00
2010.08.31 11:04:39.176,0.75085,0.75105,8.90,6.00
2010.08.31 11:04:39.399,0.75085,0.75105,6.50,6.00
2010.08.31 11:04:39.617,0.75085,0.751,4.10,1.00
2010.08.31 11:04:40.239,0.75085,0.751,1.70,1.00
2010.08.31 11:04:40.929,0.75085,0.75105,1.70,6.80
2010.08.31 11:04:42.635,0.75085,0.75105,1.70,7.00
2010.08.31 11:04:42.792,0.75085,0.751,1.60,1.00
2010.08.31 11:04:43.375,0.75085,0.751,1.60,1.00
2010.08.31 11:04:43.785,0.75085,0.751,1.60,1.00
2010.08.31 11:04:43.904,0.75085,0.751,1.70,1.00
2010.08.31 11:04:44.025,0.7509,0.751,1.00,1.00
2010.08.31 11:04:44.255,0.75085,0.751,2.50,1.00
2010.08.31 11:04:45.306,0.75085,0.751,2.50,1.20
2010.08.31 11:04:48.296,0.75085,0.751,1.00,1.20
2010.08.31 11:04:48.920,0.75085,0.751,2.40,1.20
2010.08.31 11:04:49.947,0.75085,0.751,1.60,1.20
2010.08.31 11:04:50.698,0.75085,0.75095,1.60,1.00
2010.08.31 11:04:50.890,0.7508,0.75095,1.60,4.40
2010.08.31 11:04:51.079,0.75075,0.75095,1.60,4.40
2010.08.31 11:04:51.337,0.75075,0.75095,3.20,1.20
2010.08.31 11:04:52.302,0.7507,0.7509,4.40,3.20
2010.08.31 11:04:52.560,0.7507,0.7509,4.00,5.20
2010.08.31 11:04:52.821,0.7507,0.7509,6.40,4.40
2010.08.31 11:04:53.479,0.7507,0.7509,6.40,2.00
2010.08.31 11:04:53.947,0.75075,0.7509,1.00,2.00
2010.08.31 11:04:54.974,0.7507,0.7509,6.40,2.00
2010.08.31 11:04:56.154,0.75075,0.7509,1.60,2.00
2010.08.31 11:04:56.415,0.7507,0.7509,8.00,2.00
2010.08.31 11:04:56.713,0.7507,0.7509,6.40,2.00
2010.08.31 11:04:56.854,0.7507,0.7509,8.00,2.00
2010.08.31 11:04:56.994,0.7507,0.7509,6.40,2.00
2010.08.31 11:04:57.404,0.7507,0.7509,8.00,2.00
2010.08.31 11:04:57.574,0.7507,0.7509,6.40,2.00
2010.08.31 11:04:59.986,0.75075,0.7509,1.00,2.00
2010.08.31 11:05:00.395,0.75075,0.7509,1.00,1.20
2010.08.31 11:05:00.472,0.75075,0.7509,1.00,1.00
2010.08.31 11:05:00.567,0.75075,0.7509,2.40,1.00
2010.08.31 11:05:00.605,0.75075,0.7509,4.00,1.00
2010.08.31 11:05:01.383,0.7508,0.75095,2.40,1.00
2010.08.31 11:05:01.659,0.7508,0.751,2.40,2.80
2010.08.31 11:05:02.350,0.7508,0.751,1.60,2.00
2010.08.31 11:05:02.681,0.7508,0.751,1.00,2.80
2010.08.31 11:05:03.325,0.7508,0.751,1.00,2.80
2010.08.31 11:05:04.166,0.7508,0.751,1.60,2.00
2010.08.31 11:05:04.898,0.7508,0.751,1.70,2.00
2010.08.31 11:05:05.045,0.7508,0.751,1.60,2.00
2010.08.31 11:05:05.444,0.7508,0.751,3.20,2.00
2010.08.31 11:05:06.547,0.7508,0.751,1.60,2.00
2010.08.31 11:05:06.647,0.7508,0.751,3.20,2.00
2010.08.31 11:05:06.743,0.7508,0.751,1.60,2.00
2010.08.31 11:05:08.623,0.75085,0.75105,1.00,4.40
2010.08.31 11:05:08.813,0.75085,0.75105,1.00,2.80
2010.08.31 11:05:09.075,0.75085,0.75105,2.40,2.80
2010.08.31 11:05:09.205,0.75085,0.75105,2.40,2.80
2010.08.31 11:05:09.347,0.7508,0.75105,6.10,4.70
2010.08.31 11:05:09.480,0.7508,0.75095,4.70,1.00
2010.08.31 11:05:09.925,0.7508,0.75095,2.30,1.00
2010.08.31 11:05:10.285,0.7507,0.7509,7.30,1.00
2010.08.31 11:05:10.632,0.75075,0.7509,1.00,1.00
2010.08.31 11:05:11.383,0.75075,0.75095,2.50,2.00
2010.08.31 11:05:11.714,0.75075,0.75095,5.70,1.60
2010.08.31 11:05:12.039,0.75075,0.75095,3.30,6.00
2010.08.31 11:05:12.598,0.75075,0.75095,1.70,6.80
2010.08.31 11:05:15.305,0.75075,0.75095,1.00,8.40
2010.08.31 11:05:16.717,0.7507,0.75095,8.30,8.50
2010.08.31 11:05:16.952,0.75075,0.75095,3.90,5.20
2010.08.31 11:05:17.176,0.7508,0.75095,2.40,2.00
2010.08.31 11:05:18.614,0.7507,0.7509,4.10,6.00
2010.08.31 11:05:19.379,0.7507,0.7509,1.60,7.00
2010.08.31 11:05:19.582,0.75065,0.7508,1.00,1.00
2010.08.31 11:05:19.763,0.7506,0.7508,3.90,1.00
2010.08.31 11:05:20.107,0.7506,0.7508,4.00,1.00
2010.08.31 11:05:20.713,0.75065,0.7508,1.60,1.00
2010.08.31 11:05:22.151,0.75065,0.75085,3.20,2.80
2010.08.31 11:05:22.411,0.75065,0.75085,5.60,2.80
2010.08.31 11:05:22.666,0.75065,0.75085,7.20,2.80
2010.08.31 11:05:22.927,0.75065,0.75085,7.20,2.80
2010.08.31 11:05:23.561,0.75065,0.75085,8.00,2.80
2010.08.31 11:05:23.911,0.75065,0.75085,8.00,2.80
2010.08.31 11:05:24.797,0.7507,0.75085,1.60,2.00
2010.08.31 11:05:25.320,0.7507,0.75085,1.60,1.00
2010.08.31 11:05:25.547,0.7507,0.7509,3.20,2.80
2010.08.31 11:05:25.770,0.7507,0.7509,1.60,2.80
2010.08.31 11:05:25.993,0.7507,0.7509,1.60,2.80
2010.08.31 11:05:27.170,0.7507,0.7509,3.30,2.40
2010.08.31 11:05:27.471,0.7507,0.75085,1.60,1.00
2010.08.31 11:05:27.721,0.7507,0.75085,3.20,1.00
2010.08.31 11:05:28.181,0.7507,0.7509,3.20,3.60
2010.08.31 11:05:28.447,0.7507,0.7509,1.60,2.00
2010.08.31 11:05:28.691,0.7507,0.7509,3.90,2.00
2010.08.31 11:05:28.926,0.7507,0.7509,2.30,2.00
2010.08.31 11:05:29.167,0.7507,0.7509,1.00,2.80
2010.08.31 11:05:29.943,0.75065,0.75085,8.80,1.00
2010.08.31 11:05:30.281,0.7507,0.75085,1.60,1.00
2010.08.31 11:05:31.155,0.7507,0.75085,1.00,1.00
2010.08.31 11:05:31.430,0.75065,0.75085,9.60,1.00
2010.08.31 11:05:32.439,0.75065,0.75085,7.20,1.00
2010.08.31 11:05:32.787,0.75065,0.75085,7.20,3.20
2010.08.31 11:05:33.127,0.75065,0.75085,7.20,1.00
2010.08.31 11:05:33.818,0.75065,0.75085,9.60,1.00
2010.08.31 11:05:35.505,0.75065,0.7508,6.30,1.00
2010.08.31 11:05:35.735,0.75065,0.7508,2.40,1.00
2010.08.31 11:05:35.960,0.75055,0.7508,6.80,6.60
2010.08.31 11:05:36.591,0.7506,0.7508,2.00,4.10
2010.08.31 11:05:36.814,0.75065,0.75085,2.40,6.90
2010.08.31 11:05:37.019,0.75065,0.75085,4.00,4.90
2010.08.31 11:05:37.598,0.75065,0.75085,4.00,2.50
2010.08.31 11:05:39.014,0.75065,0.75085,4.00,2.90
2010.08.31 11:05:42.629,0.75065,0.75085,4.00,2.40
2010.08.31 11:05:42.931,0.75065,0.75085,4.00,2.40
2010.08.31 11:05:43.139,0.75065,0.75085,4.00,2.80
2010.08.31 11:05:43.347,0.75065,0.75085,4.00,2.80
2010.08.31 11:05:44.636,0.75065,0.75085,4.00,2.90
2010.08.31 11:05:44.805,0.75065,0.7508,2.40,1.00
2010.08.31 11:05:44.975,0.7506,0.7508,2.40,3.40
2010.08.31 11:05:45.247,0.7506,0.7508,2.40,6.60
2010.08.31 11:05:46.510,0.7506,0.7508,1.60,7.50
2010.08.31 11:05:46.587,0.7506,0.7508,1.60,7.40
2010.08.31 11:05:46.665,0.7506,0.7508,1.60,6.40
2010.08.31 11:05:46.744,0.7506,0.7508,4.00,4.00
2010.08.31 11:05:46.964,0.7506,0.7508,4.80,1.60
2010.08.31 11:05:48.411,0.7506,0.7508,4.80,1.80
2010.08.31 11:05:48.479,0.7506,0.7508,1.60,6.60
2010.08.31 11:05:51.905,0.7506,0.7508,1.60,6.40
2010.08.31 11:05:52.004,0.75055,0.7508,9.20,8.00
2010.08.31 11:05:52.103,0.7506,0.7508,1.60,6.40
2010.08.31 11:05:52.505,0.7506,0.7508,1.60,6.80
2010.08.31 11:05:52.604,0.75055,0.7508,8.80,6.80
2010.08.31 11:05:53.316,0.75055,0.75075,3.20,1.00
2010.08.31 11:05:53.600,0.75055,0.7507,2.40,1.00
2010.08.31 11:05:54.171,0.75055,0.75075,2.40,2.00
2010.08.31 11:05:54.589,0.75055,0.75075,2.40,2.00
2010.08.31 11:05:54.831,0.75055,0.75075,2.40,1.60
2010.08.31 11:05:56.474,0.75055,0.75075,1.60,2.40
2010.08.31 11:05:56.694,0.75055,0.75075,1.60,2.80
2010.08.31 11:05:57.259,0.7505,0.75075,5.20,2.80
2010.08.31 11:05:57.383,0.75055,0.75075,1.00,2.80
2010.08.31 11:05:57.754,0.7505,0.75075,5.20,3.00
2010.08.31 11:05:58.038,0.7505,0.7507,1.60,4.80
2010.08.31 11:05:58.951,0.7505,0.7507,1.60,6.40
2010.08.31 11:05:59.070,0.7505,0.7507,1.60,6.80
2010.08.31 11:06:00.305,0.7505,0.7507,2.40,4.40
2010.08.31 11:06:00.415,0.7505,0.7507,2.40,4.20
2010.08.31 11:06:00.981,0.75055,0.7507,1.00,4.20
2010.08.31 11:06:02.961,0.7505,0.75065,1.00,1.00
2010.08.31 11:06:03.197,0.7505,0.75065,1.00,1.00
2010.08.31 11:06:04.037,0.7505,0.75065,1.00,1.00
2010.08.31 11:06:04.176,0.7505,0.75065,1.60,1.00
2010.08.31 11:06:06.335,0.7505,0.75065,1.60,1.00
2010.08.31 11:06:06.777,0.7505,0.75065,1.00,1.00
2010.08.31 11:06:07.857,0.7505,0.75065,1.00,2.20
2010.08.31 11:06:08.457,0.7505,0.7506,1.00,1.00
2010.08.31 11:06:08.674,0.75045,0.7506,1.00,1.00
2010.08.31 11:06:08.894,0.75045,0.7506,1.60,1.20
2010.08.31 11:06:09.527,0.7505,0.7506,2.40,1.00
2010.08.31 11:06:09.739,0.7505,0.75065,2.40,2.00
2010.08.31 11:06:12.458,0.7505,0.75065,2.40,3.60
2010.08.31 11:06:14.963,0.75045,0.7506,2.40,1.00
2010.08.31 11:06:15.046,0.75045,0.7506,2.40,1.00
2010.08.31 11:06:15.347,0.75045,0.7506,2.40,1.00
2010.08.31 11:06:15.430,0.7504,0.7506,5.60,2.00
2010.08.31 11:06:15.874,0.7504,0.7506,4.00,2.00
2010.08.31 11:06:16.219,0.7504,0.7506,6.50,2.00
2010.08.31 11:06:16.570,0.7504,0.75055,2.50,1.00
2010.08.31 11:06:16.917,0.7504,0.7506,2.50,4.40
2010.08.31 11:06:18.059,0.7504,0.75055,2.50,1.00
2010.08.31 11:06:18.135,0.7504,0.7506,2.50,4.40
2010.08.31 11:06:18.294,0.7504,0.7506,2.50,2.80
2010.08.31 11:06:19.789,0.7504,0.7506,4.10,2.80
2010.08.31 11:06:20.237,0.75045,0.7506,1.00,2.80
2010.08.31 11:06:20.659,0.75045,0.7506,1.00,2.40
2010.08.31 11:06:22.315,0.75045,0.7506,1.00,2.80
2010.08.31 11:06:23.063,0.7504,0.75055,2.40,1.00
2010.08.31 11:06:23.816,0.7504,0.7506,2.50,4.40
2010.08.31 11:06:24.624,0.7504,0.7506,4.10,4.40
2010.08.31 11:06:25.198,0.7504,0.7506,1.70,6.80
2010.08.31 11:06:25.576,0.7504,0.7506,1.70,5.20
2010.08.31 11:06:26.052,0.7504,0.7506,1.70,4.40
2010.08.31 11:06:26.091,0.7504,0.7506,2.90,4.00
2010.08.31 11:06:26.510,0.75045,0.7506,1.00,4.00
2010.08.31 11:06:27.351,0.75045,0.7506,1.00,4.00
2010.08.31 11:06:28.830,0.75045,0.75065,1.00,2.60
2010.08.31 11:06:29.045,0.75045,0.75065,1.00,1.80
2010.08.31 11:06:30.731,0.75045,0.75065,1.70,1.60
2010.08.31 11:06:30.889,0.75045,0.75065,6.10,1.60
2010.08.31 11:06:31.514,0.75045,0.75065,5.70,1.60
2010.08.31 11:06:32.199,0.7505,0.75065,1.00,1.60
2010.08.31 11:06:35.825,0.7505,0.7506,1.00,1.00
2010.08.31 11:06:35.916,0.75045,0.7506,2.40,2.60
2010.08.31 11:06:36.377,0.75045,0.7506,1.00,3.00
2010.08.31 11:06:36.592,0.7504,0.7506,5.60,1.60
2010.08.31 11:06:36.792,0.75045,0.7506,1.60,1.60
2010.08.31 11:06:37.361,0.7505,0.7506,1.00,1.60
2010.08.31 11:06:37.708,0.7505,0.7506,1.00,1.00
2010.08.31 11:06:39.356,0.75045,0.7506,5.60,1.00
2010.08.31 11:06:39.599,0.7505,0.75065,1.60,2.40
2010.08.31 11:06:39.849,0.7505,0.75065,1.60,1.00
2010.08.31 11:06:40.097,0.7505,0.7507,1.60,6.60
2010.08.31 11:06:41.103,0.75055,0.7507,2.40,1.00
2010.08.31 11:06:41.236,0.75055,0.75075,2.40,4.80
2010.08.31 11:06:41.376,0.75055,0.75075,2.50,4.00
2010.08.31 11:06:41.901,0.75055,0.75075,3.30,4.00
2010.08.31 11:06:42.048,0.75055,0.75075,4.80,2.40
2010.08.31 11:06:42.391,0.75055,0.75075,4.00,3.00
2010.08.31 11:06:43.163,0.75055,0.75065,1.60,1.60
2010.08.31 11:06:43.413,0.7505,0.75065,1.00,4.60
2010.08.31 11:06:43.659,0.7505,0.75065,1.00,4.40
2010.08.31 11:06:43.907,0.75045,0.75065,7.20,4.00
2010.08.31 11:06:44.365,0.75045,0.75065,7.20,2.40
2010.08.31 11:06:44.697,0.75045,0.75065,7.30,2.80
2010.08.31 11:06:45.031,0.75045,0.75065,3.20,3.80
2010.08.31 11:06:45.768,0.75045,0.75065,1.60,3.80
2010.08.31 11:06:46.068,0.7504,0.7506,4.10,1.00
2010.08.31 11:06:47.127,0.75045,0.7506,2.80,1.00
2010.08.31 11:06:47.430,0.75045,0.7506,4.90,1.00
2010.08.31 11:06:48.127,0.75045,0.7506,2.50,4.00
2010.08.31 11:06:48.478,0.75045,0.7506,1.60,1.60
2010.08.31 11:06:48.822,0.7504,0.7506,2.80,2.40
2010.08.31 11:06:49.550,0.75045,0.7506,1.00,2.40
2010.08.31 11:06:49.867,0.75045,0.7506,1.70,3.40
2010.08.31 11:06:50.175,0.7505,0.7506,1.00,3.20
2010.08.31 11:06:50.794,0.7505,0.7506,1.00,1.00
2010.08.31 11:06:51.116,0.75045,0.75065,5.60,1.60
2010.08.31 11:06:51.956,0.7505,0.75065,1.00,1.60
2010.08.31 11:06:53.446,0.7505,0.75065,1.00,1.60
2010.08.31 11:06:53.659,0.7505,0.75065,1.00,1.60
2010.08.31 11:06:53.901,0.75055,0.75065,1.70,1.00
2010.08.31 11:06:54.402,0.75055,0.7507,4.10,2.40
2010.08.31 11:06:54.641,0.75055,0.75075,4.10,2.60
2010.08.31 11:06:55.247,0.75055,0.7507,1.70,2.40
2010.08.31 11:06:56.610,0.75055,0.7507,1.60,3.60
2010.08.31 11:06:57.074,0.75055,0.7507,1.00,4.60
2010.08.31 11:06:57.427,0.75055,0.75075,1.60,2.60
2010.08.31 11:06:57.771,0.75055,0.75075,2.40,2.60
2010.08.31 11:06:58.353,0.75055,0.75075,2.50,2.60
2010.08.31 11:06:59.585,0.75055,0.75075,2.50,2.40
2010.08.31 11:07:01.055,0.75055,0.75075,2.90,2.40
2010.08.31 11:07:01.605,0.75055,0.75075,4.50,2.40
2010.08.31 11:07:01.764,0.75055,0.75075,4.10,2.40
2010.08.31 11:07:02.418,0.75055,0.75075,4.50,1.60
2010.08.31 11:07:02.943,0.75055,0.75075,4.10,1.60
2010.08.31 11:07:03.120,0.7506,0.75075,1.00,1.60
2010.08.31 11:07:03.296,0.75055,0.75075,4.00,1.60
2010.08.31 11:07:07.490,0.75055,0.75075,7.20,1.60
2010.08.31 11:07:07.700,0.7506,0.7508,4.10,5.20
2010.08.31 11:07:07.909,0.7506,0.7508,2.40,6.80
2010.08.31 11:07:08.116,0.7506,0.7508,4.00,6.40
2010.08.31 11:07:08.737,0.7506,0.7508,4.00,4.80
2010.08.31 11:07:11.192,0.75055,0.75075,9.50,1.00
2010.08.31 11:07:11.370,0.75055,0.75075,1.00,9.40
2010.08.31 11:07:11.550,0.7505,0.7507,8.00,1.00
2010.08.31 11:07:12.020,0.7505,0.7507,6.40,2.60
2010.08.31 11:07:12.207,0.7505,0.7507,7.10,1.60
2010.08.31 11:07:12.552,0.75055,0.7507,2.40,1.60
2010.08.31 11:07:12.901,0.7505,0.7507,3.30,1.60
2010.08.31 11:07:13.628,0.7505,0.7507,3.70,1.60
2010.08.31 11:07:13.893,0.75055,0.7507,1.00,1.60
2010.08.31 11:07:14.162,0.75055,0.7507,1.00,1.60
2010.08.31 11:07:14.834,0.75055,0.75075,2.90,2.60
2010.08.31 11:07:15.186,0.7506,0.75075,1.60,1.60
2010.08.31 11:07:15.532,0.75055,0.75075,4.40,1.60
2010.08.31 11:07:15.742,0.75055,0.75075,4.00,1.60
2010.08.31 11:07:16.373,0.75055,0.75075,2.50,1.80
2010.08.31 11:07:17.465,0.75055,0.75075,1.70,2.60
2010.08.31 11:07:19.898,0.75055,0.75075,2.50,2.60
2010.08.31 11:07:20.509,0.75055,0.75075,2.40,3.40
2010.08.31 11:07:20.667,0.75055,0.7507,1.60,4.00
2010.08.31 11:07:21.424,0.75055,0.75075,2.40,1.80
2010.08.31 11:07:22.330,0.75055,0.75075,2.50,1.80
2010.08.31 11:07:25.843,0.75055,0.7507,1.60,1.00
2010.08.31 11:07:25.921,0.75055,0.75075,2.40,1.80
2010.08.31 11:07:26.475,0.75055,0.75075,2.50,1.80
2010.08.31 11:07:26.627,0.75055,0.75075,2.90,1.60
2010.08.31 11:07:26.775,0.7506,0.75075,1.60,1.60
2010.08.31 11:07:26.928,0.7506,0.75075,1.60,2.60
2010.08.31 11:07:27.381,0.7506,0.75075,1.60,4.20
2010.08.31 11:07:27.694,0.75055,0.75075,2.40,1.60
2010.08.31 11:07:27.932,0.75055,0.75075,2.50,1.60
2010.08.31 11:07:28.811,0.7506,0.75075,1.00,1.60
2010.08.31 11:07:29.025,0.75055,0.7507,1.60,2.40
2010.08.31 11:07:30.363,0.75055,0.75065,1.60,1.00
2010.08.31 11:07:30.656,0.7505,0.75065,1.70,5.00
2010.08.31 11:07:30.942,0.7505,0.75065,1.00,5.80
2010.08.31 11:07:32.597,0.7505,0.75065,1.00,5.00
2010.08.31 11:07:32.849,0.75045,0.7506,2.40,1.00
2010.08.31 11:07:33.504,0.75045,0.7506,2.40,1.00
2010.08.31 11:07:33.763,0.75045,0.7506,1.60,1.60
2010.08.31 11:07:33.907,0.75045,0.7506,2.40,1.60
2010.08.31 11:07:34.049,0.7505,0.75065,1.00,2.40
2010.08.31 11:07:34.197,0.7505,0.75065,1.00,1.60
2010.08.31 11:07:34.335,0.7505,0.7507,1.00,8.00
2010.08.31 11:07:35.023,0.7505,0.7507,1.00,6.40
2010.08.31 11:07:35.311,0.7505,0.7507,1.00,8.00
2010.08.31 11:07:35.591,0.75055,0.7507,1.00,6.40
2010.08.31 11:07:36.540,0.75055,0.7507,1.00,5.60
2010.08.31 11:07:39.586,0.75055,0.7507,1.00,4.00
2010.08.31 11:07:40.085,0.75055,0.7507,1.00,5.60
2010.08.31 11:07:41.058,0.75055,0.7507,1.00,4.80
2010.08.31 11:07:41.199,0.7505,0.7507,2.40,6.40
2010.08.31 11:07:41.337,0.7505,0.7507,3.20,3.20
2010.08.31 11:07:41.476,0.7505,0.7507,3.20,1.60
2010.08.31 11:07:42.444,0.75055,0.75075,1.60,2.80
2010.08.31 11:07:42.749,0.75055,0.75075,1.60,2.80
2010.08.31 11:07:43.051,0.75055,0.75075,2.40,2.80
2010.08.31 11:07:43.353,0.75055,0.75075,2.40,2.80
2010.08.31 11:07:44.033,0.75055,0.75075,2.40,2.40
2010.08.31 11:07:44.287,0.75055,0.75075,2.40,2.40
2010.08.31 11:07:44.541,0.75055,0.75075,1.00,2.40
2010.08.31 11:07:44.789,0.75055,0.75075,1.00,1.60
2010.08.31 11:07:45.038,0.75055,0.75075,2.40,1.60
2010.08.31 11:07:45.710,0.75055,0.7507,1.60,2.40
2010.08.31 11:07:45.923,0.75055,0.7507,2.50,2.40
2010.08.31 11:07:46.738,0.75055,0.7507,1.00,2.40
2010.08.31 11:07:47.246,0.75055,0.7507,1.00,4.00
2010.08.31 11:07:47.458,0.75055,0.7507,1.00,4.80
2010.08.31 11:07:47.746,0.7505,0.7507,3.20,4.80
2010.08.31 11:07:50.784,0.7505,0.7507,2.40,5.60
2010.08.31 11:07:51.994,0.7505,0.7507,3.20,4.80
2010.08.31 11:07:54.503,0.75045,0.75065,5.60,1.00
2010.08.31 11:07:54.585,0.75045,0.75065,5.60,2.20
2010.08.31 11:07:54.745,0.75045,0.75065,5.60,4.60
2010.08.31 11:07:55.067,0.75045,0.75065,4.00,4.20
2010.08.31 11:07:55.906,0.75045,0.75065,4.10,4.20
2010.08.31 11:07:56.895,0.75045,0.75065,4.00,4.20
2010.08.31 11:07:57.841,0.75045,0.7507,7.30,8.60
2010.08.31 11:07:58.267,0.7505,0.7507,1.00,8.60
2010.08.31 11:07:58.651,0.7505,0.7507,1.00,7.80
2010.08.31 11:07:58.838,0.7505,0.7507,2.40,5.80
2010.08.31 11:07:59.459,0.7505,0.7507,2.40,6.20
2010.08.31 11:07:59.656,0.7505,0.7507,2.40,5.80
2010.08.31 11:07:59.855,0.7505,0.7507,1.60,6.60
2010.08.31 11:08:00.566,0.7505,0.7507,2.40,5.80
2010.08.31 11:08:01.282,0.7505,0.7507,1.00,6.60
2010.08.31 11:08:01.368,0.7505,0.7507,1.60,6.60
2010.08.31 11:08:03.786,0.7505,0.7507,2.40,5.00
2010.08.31 11:08:03.956,0.7505,0.7507,3.20,3.20
2010.08.31 11:08:04.606,0.75055,0.7507,1.00,5.00
2010.08.31 11:08:05.804,0.7505,0.7507,2.40,5.00
2010.08.31 11:08:06.352,0.7505,0.7507,1.60,7.00
2010.08.31 11:08:07.356,0.7505,0.7507,1.00,7.00
2010.08.31 11:08:10.058,0.75045,0.7507,8.90,7.10
2010.08.31 11:08:10.703,0.75045,0.75065,2.40,5.80
2010.08.31 11:08:10.906,0.75045,0.75065,2.40,6.20
2010.08.31 11:08:11.910,0.75045,0.75065,2.50,6.20
2010.08.31 11:08:13.037,0.75045,0.75065,3.10,6.00
2010.08.31 11:08:13.258,0.75045,0.75065,5.60,3.60
2010.08.31 11:08:13.774,0.75045,0.75065,6.50,1.20
2010.08.31 11:08:13.951,0.7505,0.75065,1.00,1.20
2010.08.31 11:08:14.627,0.7505,0.75065,1.00,1.00
2010.08.31 11:08:15.230,0.7505,0.7507,1.00,7.00
2010.08.31 11:08:16.435,0.7505,0.7507,1.60,7.00
2010.08.31 11:08:16.545,0.7505,0.7507,1.60,6.60
2010.08.31 11:08:17.259,0.7505,0.7507,6.50,2.40
2010.08.31 11:08:17.715,0.75055,0.7507,1.60,2.40
2010.08.31 11:08:18.167,0.75055,0.7507,1.60,2.40
2010.08.31 11:08:18.868,0.75055,0.7507,1.00,2.40
2010.08.31 11:08:19.155,0.75045,0.75065,3.20,5.40
2010.08.31 11:08:19.413,0.75045,0.7506,1.00,3.60
2010.08.31 11:08:20.286,0.75045,0.7506,1.60,3.20
2010.08.31 11:08:20.536,0.75045,0.7506,1.00,2.40
2010.08.31 11:08:22.925,0.75045,0.7506,1.00,2.40
2010.08.31 11:08:23.167,0.75045,0.75065,1.00,1.60
2010.08.31 11:08:23.406,0.75045,0.75065,3.30,1.60
2010.08.31 11:08:24.059,0.75045,0.75065,2.40,1.60
2010.08.31 11:08:24.458,0.75045,0.75065,1.00,1.60
2010.08.31 11:08:24.657,0.75045,0.75065,1.00,2.00
2010.08.31 11:08:24.857,0.75045,0.75065,1.00,1.60
2010.08.31 11:08:25.483,0.75045,0.75065,2.40,1.60
2010.08.31 11:08:26.665,0.75045,0.75065,1.00,1.60
2010.08.31 11:08:26.838,0.75045,0.7506,1.00,2.40
2010.08.31 11:08:29.531,0.7504,0.7506,3.20,2.40
2010.08.31 11:08:29.670,0.7504,0.7506,3.20,2.80
2010.08.31 11:08:30.301,0.7504,0.7506,1.00,5.20
2010.08.31 11:08:30.741,0.7504,0.75055,1.00,1.00
2010.08.31 11:08:31.006,0.7504,0.75055,1.60,1.00
2010.08.31 11:08:31.275,0.7504,0.7506,1.60,5.20
2010.08.31 11:08:31.816,0.7504,0.7506,1.60,4.80
2010.08.31 11:08:32.645,0.7504,0.7506,1.60,2.00
2010.08.31 11:08:32.745,0.7504,0.7506,3.20,1.20
2010.08.31 11:08:32.977,0.75045,0.7506,1.60,1.20
2010.08.31 11:08:33.205,0.7504,0.7506,3.20,1.20
2010.08.31 11:08:33.435,0.75045,0.7506,1.00,1.20
2010.08.31 11:08:33.665,0.75045,0.7506,1.00,1.00
2010.08.31 11:08:34.474,0.75045,0.7506,1.60,1.00
2010.08.31 11:08:35.056,0.7504,0.7506,4.10,1.00
2010.08.31 11:08:35.135,0.7504,0.7506,4.00,1.00
2010.08.31 11:08:35.298,0.7504,0.7506,3.30,1.00
2010.08.31 11:08:35.456,0.7504,0.7506,3.30,2.80
2010.08.31 11:08:36.516,0.7504,0.7506,3.10,2.80
2010.08.31 11:08:36.681,0.7504,0.7506,3.10,2.90
2010.08.31 11:08:37.135,0.7504,0.7506,2.40,3.60
2010.08.31 11:08:38.235,0.7504,0.7506,3.20,2.80
2010.08.31 11:08:41.373,0.7504,0.7506,3.30,2.60
2010.08.31 11:08:42.033,0.7504,0.7506,3.20,2.60
2010.08.31 11:08:43.235,0.7504,0.7506,3.20,3.00
2010.08.31 11:08:43.506,0.75045,0.7506,1.00,2.60
2010.08.31 11:08:43.665,0.75045,0.7506,1.00,2.60
2010.08.31 11:08:45.875,0.75045,0.7506,1.70,2.40
2010.08.31 11:08:46.025,0.75045,0.75065,1.70,7.00
2010.08.31 11:08:46.104,0.75045,0.75065,1.60,7.00
2010.08.31 11:08:47.086,0.75045,0.75065,1.60,7.00
2010.08.31 11:08:47.376,0.75045,0.7506,1.60,1.00
2010.08.31 11:08:47.669,0.75045,0.75065,1.60,7.00
2010.08.31 11:08:48.612,0.75045,0.7506,1.60,2.60
2010.08.31 11:08:48.864,0.7504,0.7506,5.60,1.00
2010.08.31 11:08:49.110,0.7504,0.7506,4.00,2.60
2010.08.31 11:08:49.226,0.7504,0.75065,6.40,8.60
2010.08.31 11:08:49.347,0.7504,0.7506,5.60,1.00
2010.08.31 11:08:49.465,0.7504,0.7506,3.20,2.60
2010.08.31 11:08:49.586,0.7504,0.7506,4.00,2.40
2010.08.31 11:08:49.706,0.75045,0.7506,1.60,2.40
2010.08.31 11:08:50.169,0.75045,0.75065,1.60,6.60
2010.08.31 11:08:50.375,0.75045,0.7506,1.60,1.00
2010.08.31 11:08:50.582,0.75045,0.7506,1.00,2.60
2010.08.31 11:08:50.781,0.7504,0.7506,3.20,3.00
2010.08.31 11:08:52.247,0.7504,0.7506,1.60,5.40
2010.08.31 11:08:53.351,0.75045,0.7506,1.00,5.40
2010.08.31 11:08:53.511,0.7504,0.7506,1.60,5.40
2010.08.31 11:08:53.665,0.7504,0.7506,1.60,5.00
2010.08.31 11:08:55.308,0.7504,0.7506,1.60,5.40
2010.08.31 11:08:59.750,0.7504,0.75055,1.60,1.00
2010.08.31 11:09:00.577,0.7504,0.7506,1.70,6.20
2010.08.31 11:09:06.330,0.7504,0.7505,1.60,2.60
2010.08.31 11:09:06.605,0.75035,0.7505,1.60,2.60
2010.08.31 11:09:06.746,0.75035,0.7505,1.00,2.60
2010.08.31 11:09:07.427,0.75035,0.7505,1.00,3.40
2010.08.31 11:09:07.690,0.75035,0.7505,1.60,3.40
2010.08.31 11:09:10.850,0.75035,0.75055,2.40,2.60
2010.08.31 11:09:10.896,0.7504,0.75055,1.00,2.60
2010.08.31 11:09:11.097,0.75035,0.75055,2.50,2.60
2010.08.31 11:09:12.206,0.75035,0.75055,2.50,1.80
2010.08.31 11:09:13.340,0.75035,0.75055,2.50,1.60
2010.08.31 11:09:13.962,0.7504,0.75055,1.00,1.60
2010.08.31 11:09:14.136,0.7504,0.75055,1.70,1.60
2010.08.31 11:09:15.275,0.7504,0.75055,1.00,1.60
2010.08.31 11:09:18.480,0.7504,0.75055,1.70,1.60
2010.08.31 11:09:18.739,0.7504,0.7506,1.70,4.80
2010.08.31 11:09:19.405,0.7504,0.75055,1.70,1.00
2010.08.31 11:09:21.215,0.7504,0.75055,1.60,1.00
2010.08.31 11:09:21.494,0.7504,0.75055,1.60,1.00
2010.08.31 11:09:24.346,0.7504,0.75055,1.60,1.00
2010.08.31 11:09:24.999,0.75035,0.75055,10.70,1.00
2010.08.31 11:09:25.346,0.75035,0.75055,9.90,1.20
2010.08.31 11:09:25.692,0.7504,0.75055,1.60,1.20
2010.08.31 11:09:26.037,0.7504,0.75055,1.60,1.00
2010.08.31 11:09:28.728,0.7504,0.75055,1.60,1.00
2010.08.31 11:09:29.345,0.7504,0.7506,1.60,5.40
2010.08.31 11:09:31.399,0.7504,0.7506,4.00,3.00
2010.08.31 11:09:36.570,0.7504,0.7506,4.00,3.10
2010.08.31 11:09:36.677,0.7504,0.7506,4.10,3.00
2010.08.31 11:09:40.289,0.7504,0.7506,4.90,2.20
2010.08.31 11:09:40.419,0.7504,0.7506,4.10,1.00
2010.08.31 11:09:40.536,0.7504,0.7506,2.50,3.00
2010.08.31 11:09:40.877,0.7504,0.7506,2.50,4.60
2010.08.31 11:09:42.176,0.7504,0.7506,4.10,4.60
2010.08.31 11:09:43.031,0.7504,0.7506,4.10,4.20
2010.08.31 11:09:43.716,0.7504,0.7506,4.10,2.60
2010.08.31 11:09:44.057,0.7504,0.7506,4.90,4.20
2010.08.31 11:09:44.474,0.7504,0.7506,4.90,3.40
2010.08.31 11:09:44.752,0.7504,0.7506,4.10,3.40
2010.08.31 11:09:45.030,0.7504,0.7506,4.10,1.80
2010.08.31 11:09:46.025,0.7504,0.7506,4.10,3.40
2010.08.31 11:09:48.538,0.7504,0.75055,2.50,1.00
2010.08.31 11:09:49.099,0.75035,0.75055,7.30,3.40
2010.08.31 11:09:49.323,0.7504,0.7506,4.00,4.60
2010.08.31 11:09:49.966,0.7504,0.7506,4.00,4.60
2010.08.31 11:09:51.204,0.7504,0.7506,4.90,4.60
2010.08.31 11:09:51.323,0.75045,0.7506,1.00,3.40
2010.08.31 11:09:51.425,0.75045,0.7506,1.00,4.60
2010.08.31 11:09:51.527,0.7504,0.7506,4.00,4.60
2010.08.31 11:09:53.681,0.75045,0.7506,4.00,1.60
2010.08.31 11:09:54.176,0.75045,0.7506,4.00,1.00
2010.08.31 11:09:54.456,0.75045,0.7506,4.10,1.00
2010.08.31 11:09:56.137,0.75045,0.7506,4.00,1.00
2010.08.31 11:09:57.405,0.75045,0.7506,4.00,1.00
2010.08.31 11:09:57.731,0.75045,0.7506,4.00,1.00
2010.08.31 11:09:57.896,0.75045,0.75065,4.00,6.60
2010.08.31 11:09:58.682,0.7505,0.75065,1.00,6.60
2010.08.31 11:09:59.027,0.75045,0.75065,4.10,6.60
2010.08.31 11:09:59.866,0.75045,0.75065,4.10,7.00
2010.08.31 11:10:01.945,0.75045,0.75065,4.10,6.60
2010.08.31 11:10:04.514,0.7505,0.75065,1.00,6.60
2010.08.31 11:10:06.347,0.75045,0.75065,4.00,6.60
2010.08.31 11:10:06.988,0.7505,0.75065,1.00,6.60
2010.08.31 11:10:07.085,0.7505,0.75065,1.00,6.60
2010.08.31 11:10:08.061,0.75045,0.75065,6.00,4.00
2010.08.31 11:10:08.414,0.7505,0.75065,1.00,5.80
2010.08.31 11:10:08.756,0.7505,0.75065,1.00,6.60
2010.08.31 11:10:09.501,0.7505,0.75065,1.00,6.40
2010.08.31 11:10:09.824,0.7505,0.75065,1.00,5.00
2010.08.31 11:10:10.131,0.7505,0.75065,1.60,5.00
2010.08.31 11:10:10.735,0.75045,0.75065,3.30,5.00
2010.08.31 11:10:10.885,0.75045,0.75065,3.30,5.40
2010.08.31 11:10:11.904,0.75045,0.75065,3.20,5.40
2010.08.31 11:10:12.954,0.75045,0.75065,3.20,5.00
2010.08.31 11:10:13.216,0.7505,0.75065,1.60,3.40
2010.08.31 11:10:13.471,0.7505,0.75065,1.60,4.60
2010.08.31 11:10:14.193,0.7505,0.75065,1.60,5.00
2010.08.31 11:10:14.543,0.7505,0.75065,1.60,5.00
2010.08.31 11:10:14.806,0.7505,0.75065,1.60,5.40
2010.08.31 11:10:15.067,0.7505,0.75065,1.00,5.40
2010.08.31 11:10:15.847,0.7505,0.75065,1.00,7.00
2010.08.31 11:10:19.405,0.75045,0.75065,4.00,7.00
2010.08.31 11:10:19.455,0.75045,0.7506,4.00,1.00
2010.08.31 11:10:19.505,0.75045,0.7506,4.00,1.40
2010.08.31 11:10:19.554,0.75045,0.7506,1.00,1.40
2010.08.31 11:10:19.655,0.7504,0.7506,6.40,1.40
2010.08.31 11:10:19.706,0.7504,0.7506,6.40,1.20
2010.08.31 11:10:19.905,0.75045,0.7506,4.00,1.20
2010.08.31 11:10:20.438,0.75045,0.7506,4.00,1.00
2010.08.31 11:10:20.720,0.75045,0.7506,2.50,1.00
2010.08.31 11:10:21.007,0.75045,0.7506,1.00,1.00
2010.08.31 11:10:21.289,0.75045,0.7506,1.70,1.40
2010.08.31 11:10:22.268,0.75045,0.75055,1.00,1.00
2010.08.31 11:10:22.739,0.75045,0.75055,1.00,2.60
2010.08.31 11:10:22.909,0.7504,0.75055,1.00,4.20
2010.08.31 11:10:23.476,0.7504,0.75055,1.00,5.00
2010.08.31 11:10:23.645,0.7504,0.75055,1.60,5.00
2010.08.31 11:10:24.722,0.7504,0.75055,1.60,3.40
2010.08.31 11:10:24.983,0.7504,0.75055,1.00,5.00
2010.08.31 11:10:25.066,0.7504,0.75055,1.60,5.00
2010.08.31 11:10:25.174,0.7504,0.75055,1.60,3.40
2010.08.31 11:10:25.265,0.7504,0.75055,1.60,5.00
2010.08.31 11:10:27.000,0.7504,0.75055,3.20,4.00
2010.08.31 11:10:27.145,0.75045,0.75055,4.00,1.60
2010.08.31 11:10:27.297,0.75045,0.7506,4.00,1.00
2010.08.31 11:10:28.145,0.75045,0.7506,2.50,1.00
2010.08.31 11:10:28.400,0.75045,0.7506,1.00,3.40
2010.08.31 11:10:30.427,0.75045,0.7506,1.00,1.80
2010.08.31 11:10:30.885,0.7504,0.7506,4.80,1.80
2010.08.31 11:10:31.145,0.7504,0.7506,4.80,2.60
2010.08.31 11:10:31.577,0.7504,0.7506,4.00,2.60
2010.08.31 11:10:31.844,0.7504,0.7506,4.00,3.00
2010.08.31 11:10:36.447,0.7504,0.75055,4.00,1.00
2010.08.31 11:10:36.577,0.7504,0.7505,4.00,1.00
2010.08.31 11:10:36.709,0.75035,0.7505,4.00,1.00
2010.08.31 11:10:36.849,0.75035,0.7505,1.60,1.00
2010.08.31 11:10:36.988,0.7503,0.7505,4.80,1.80
2010.08.31 11:10:37.503,0.7503,0.7505,1.00,4.20
2010.08.31 11:10:37.652,0.75025,0.75045,4.10,2.60
2010.08.31 11:10:37.794,0.7503,0.75045,1.00,2.60
2010.08.31 11:10:38.077,0.75025,0.75045,2.40,2.60
2010.08.31 11:10:39.197,0.7503,0.75045,1.60,2.20
2010.08.31 11:10:39.523,0.75025,0.75045,2.40,2.30
2010.08.31 11:10:39.838,0.75025,0.75045,1.60,3.00
2010.08.31 11:10:40.510,0.75025,0.75045,1.60,2.60
2010.08.31 11:10:42.503,0.75025,0.75045,3.30,1.60
2010.08.31 11:10:42.826,0.7503,0.7505,1.60,2.60
2010.08.31 11:10:42.986,0.75025,0.7505,3.20,2.60
2010.08.31 11:10:43.749,0.7503,0.7505,1.00,2.60
2010.08.31 11:10:47.712,0.7503,0.75045,1.00,1.00
2010.08.31 11:10:47.853,0.7503,0.75045,1.00,5.80
2010.08.31 11:10:48.315,0.7503,0.75045,1.00,4.80
2010.08.31 11:10:48.525,0.7503,0.75045,1.00,1.60
2010.08.31 11:10:49.145,0.7503,0.7505,1.00,2.60
2010.08.31 11:10:51.556,0.7503,0.75045,1.00,1.00
2010.08.31 11:10:51.878,0.75025,0.75045,2.40,3.20
2010.08.31 11:10:54.457,0.75025,0.75045,2.40,4.20
2010.08.31 11:11:00.736,0.75025,0.75045,2.40,4.60
2010.08.31 11:11:01.770,0.75025,0.75045,2.40,4.20
2010.08.31 11:11:05.410,0.7503,0.75045,1.00,4.20
2010.08.31 11:11:06.849,0.75025,0.75045,3.30,2.40
2010.08.31 11:11:07.014,0.75025,0.75045,3.70,2.40
2010.08.31 11:11:07.054,0.75025,0.7505,6.10,5.80
2010.08.31 11:11:07.374,0.7503,0.7505,1.60,5.80
2010.08.31 11:11:08.275,0.7503,0.7505,1.00,5.80
2010.08.31 11:11:08.883,0.7503,0.7505,1.00,5.80
2010.08.31 11:11:09.840,0.75035,0.7505,1.00,2.40
2010.08.31 11:11:12.707,0.7503,0.7505,1.70,2.40
2010.08.31 11:11:12.936,0.7503,0.7505,1.70,2.80
2010.08.31 11:11:14.277,0.7503,0.7505,2.50,2.00
2010.08.31 11:11:15.119,0.75035,0.7505,1.00,2.00
2010.08.31 11:11:15.527,0.75025,0.7505,4.90,3.00
2010.08.31 11:11:16.485,0.75025,0.75045,4.90,1.00
2010.08.31 11:11:16.831,0.75025,0.75045,4.80,1.20
2010.08.31 11:11:17.708,0.7503,0.75045,1.00,1.20
2010.08.31 11:11:17.889,0.75035,0.7505,1.60,2.00
2010.08.31 11:11:18.587,0.75035,0.7505,1.60,1.00
2010.08.31 11:11:20.770,0.75035,0.75045,1.60,1.00
2010.08.31 11:11:20.881,0.7503,0.75045,1.60,1.00
2010.08.31 11:11:20.991,0.7503,0.75045,1.00,1.00
2010.08.31 11:11:21.599,0.75025,0.7505,4.10,2.60
2010.08.31 11:11:21.642,0.75025,0.75045,2.50,1.60
2010.08.31 11:11:22.834,0.75025,0.75045,2.50,2.00
2010.08.31 11:11:23.049,0.7503,0.75045,1.60,2.00
2010.08.31 11:11:23.264,0.7503,0.75045,1.60,1.00
2010.08.31 11:11:23.478,0.7503,0.7505,1.60,2.80
2010.08.31 11:11:24.450,0.7503,0.7505,1.00,2.00
2010.08.31 11:11:26.816,0.7503,0.7505,1.60,2.00
2010.08.31 11:11:26.907,0.75035,0.7505,1.00,2.00
2010.08.31 11:11:27.341,0.75035,0.7505,1.00,1.20
2010.08.31 11:11:27.442,0.75035,0.7505,1.70,1.00
2010.08.31 11:11:27.749,0.75035,0.7505,1.60,1.00
2010.08.31 11:11:28.082,0.75035,0.7505,1.00,1.00
2010.08.31 11:11:28.643,0.75035,0.7505,1.00,1.00
2010.08.31 11:11:28.977,0.7503,0.7505,1.60,2.80
2010.08.31 11:11:29.638,0.7503,0.7505,1.60,2.80
2010.08.31 11:11:29.853,0.7503,0.75045,1.60,1.00
2010.08.31 11:11:30.200,0.7503,0.75045,1.00,1.00
2010.08.31 11:11:32.088,0.7503,0.75045,1.60,1.00
2010.08.31 11:11:32.316,0.7503,0.7505,1.60,2.40
2010.08.31 11:11:32.518,0.75035,0.7505,1.00,1.60
2010.08.31 11:11:32.915,0.75035,0.7505,1.00,2.40
2010.08.31 11:11:33.306,0.75035,0.7505,1.00,2.80
2010.08.31 11:11:34.466,0.7503,0.7505,1.60,2.80
2010.08.31 11:11:34.966,0.7503,0.7505,1.70,2.80
2010.08.31 11:11:35.127,0.7503,0.75045,1.70,1.00
2010.08.31 11:11:35.927,0.7503,0.75045,1.00,1.00
2010.08.31 11:11:36.156,0.75025,0.75045,5.70,1.00
2010.08.31 11:11:36.846,0.7503,0.7505,1.60,2.80
2010.08.31 11:11:37.306,0.7503,0.7505,1.60,2.80
2010.08.31 11:11:37.894,0.7503,0.75045,1.60,1.00
2010.08.31 11:11:38.101,0.7503,0.75045,1.60,1.00
2010.08.31 11:11:38.286,0.7503,0.7505,1.60,2.80
2010.08.31 11:11:38.649,0.7503,0.7505,1.60,2.80
2010.08.31 11:11:42.719,0.75025,0.75045,4.00,2.00
2010.08.31 11:11:42.974,0.75025,0.7504,1.60,1.00
2010.08.31 11:11:43.957,0.75025,0.7504,1.70,1.00
2010.08.31 11:11:45.533,0.75025,0.7504,1.60,1.00
2010.08.31 11:11:45.775,0.7502,0.75035,2.40,1.20
2010.08.31 11:11:45.947,0.7502,0.75035,1.00,1.30
2010.08.31 11:11:46.623,0.75015,0.75035,7.90,2.10
2010.08.31 11:11:47.146,0.75015,0.75025,1.60,1.00
2010.08.31 11:11:47.494,0.7501,0.75025,1.00,1.00
2010.08.31 11:11:47.961,0.7501,0.75025,2.40,1.00
2010.08.31 11:11:48.299,0.75015,0.75025,1.00,1.00
2010.08.31 11:11:48.631,0.75015,0.7503,1.00,2.80
2010.08.31 11:11:49.229,0.7501,0.75025,1.00,1.20
2010.08.31 11:11:49.466,0.75005,0.7502,1.60,1.00
2010.08.31 11:11:49.698,0.75,0.7502,7.20,1.00
2010.08.31 11:11:50.708,0.74995,0.7501,2.40,6.60
2010.08.31 11:11:51.001,0.74995,0.75005,1.60,1.00
2010.08.31 11:11:51.904,0.7499,0.7501,3.20,1.00
2010.08.31 11:11:53.382,0.7499,0.7501,3.30,1.00
2010.08.31 11:11:53.711,0.7499,0.7501,5.70,1.00
2010.08.31 11:11:54.408,0.7499,0.7501,3.30,1.00
2010.08.31 11:11:57.188,0.7499,0.7501,1.70,1.00
2010.08.31 11:11:57.726,0.7499,0.7501,3.30,1.00
2010.08.31 11:11:58.250,0.74995,0.75015,1.00,6.90
2010.08.31 11:11:58.508,0.74995,0.75015,2.40,5.20
2010.08.31 11:12:01.335,0.74995,0.75015,1.00,6.90
2010.08.31 11:12:01.577,0.74995,0.75015,2.40,5.20
2010.08.31 11:12:04.220,0.74995,0.75015,4.00,3.60
2010.08.31 11:12:04.449,0.74995,0.75015,4.00,4.40
2010.08.31 11:12:05.079,0.74995,0.75015,4.10,4.40
2010.08.31 11:12:05.611,0.74995,0.75015,6.50,1.00
2010.08.31 11:12:05.907,0.75,0.75015,1.00,1.00
2010.08.31 11:12:06.059,0.74995,0.75015,6.40,1.00
2010.08.31 11:12:06.209,0.74995,0.75015,4.00,3.80
2010.08.31 11:12:06.997,0.74995,0.7502,6.40,3.80
2010.08.31 11:12:07.338,0.74995,0.75015,6.40,1.00
2010.08.31 11:12:09.197,0.74995,0.75015,6.40,1.20
2010.08.31 11:12:09.267,0.74995,0.75015,3.90,4.70
2010.08.31 11:12:09.869,0.74995,0.75015,2.40,6.30
2010.08.31 11:12:10.456,0.74995,0.75015,2.50,6.20
2010.08.31 11:12:13.192,0.75005,0.7502,2.40,1.60
2010.08.31 11:12:13.475,0.75,0.7502,1.70,6.80
2010.08.31 11:12:14.175,0.75005,0.7502,1.60,2.00
2010.08.31 11:12:14.513,0.75005,0.7502,1.60,1.00
2010.08.31 11:12:15.187,0.75005,0.7502,1.70,1.00
2010.08.31 11:12:16.381,0.75,0.75015,1.00,3.20
2010.08.31 11:12:16.609,0.74995,0.75015,5.60,3.20
2010.08.31 11:12:17.998,0.74995,0.75015,5.70,3.20
2010.08.31 11:12:18.312,0.74995,0.7501,1.60,3.20
2010.08.31 11:12:18.969,0.74995,0.7501,2.40,2.40
2010.08.31 11:12:19.325,0.74995,0.75015,2.50,4.80
2010.08.31 11:12:21.608,0.74995,0.75015,2.50,5.20
2010.08.31 11:12:22.765,0.74995,0.75015,2.50,4.80
2010.08.31 11:12:25.492,0.74995,0.75015,4.90,2.40
2010.08.31 11:12:25.791,0.75005,0.7502,1.00,1.60
2010.08.31 11:12:26.088,0.75005,0.75025,1.70,6.60
2010.08.31 11:12:26.830,0.75005,0.75025,2.90,5.80
2010.08.31 11:12:27.179,0.75005,0.75025,2.50,5.80
2010.08.31 11:12:27.530,0.75005,0.75025,5.70,2.40
2010.08.31 11:12:28.023,0.75005,0.75025,6.10,2.40
2010.08.31 11:12:28.373,0.75015,0.75025,1.00,2.40
2010.08.31 11:12:29.119,0.7501,0.75025,1.60,2.40
2010.08.31 11:12:29.661,0.7501,0.75025,1.00,2.40
2010.08.31 11:12:29.865,0.7501,0.75025,1.00,2.40
2010.08.31 11:12:30.099,0.7501,0.75025,1.00,2.40
2010.08.31 11:12:31.591,0.75005,0.75025,5.70,5.00
2010.08.31 11:12:32.238,0.7501,0.75025,1.00,5.00
2010.08.31 11:12:32.966,0.75005,0.75025,4.00,5.00
2010.08.31 11:12:35.416,0.75005,0.75025,4.00,5.40
2010.08.31 11:12:36.151,0.75005,0.75025,4.00,5.00
2010.08.31 11:12:36.375,0.75005,0.75025,3.90,5.50
2010.08.31 11:12:37.429,0.75005,0.75025,3.10,5.10
2010.08.31 11:12:39.589,0.75005,0.75025,4.00,5.00
2010.08.31 11:12:41.009,0.75005,0.75025,4.00,6.60
2010.08.31 11:12:41.347,0.75005,0.75025,1.60,8.20
2010.08.31 11:12:41.689,0.75,0.7502,3.20,2.00
2010.08.31 11:12:41.896,0.75,0.7502,1.60,3.60
2010.08.31 11:12:42.107,0.75,0.7502,1.00,3.60
2010.08.31 11:12:42.553,0.75,0.7502,1.00,5.20
2010.08.31 11:12:42.763,0.74995,0.7502,5.60,5.20
2010.08.31 11:12:45.923,0.74995,0.7502,5.60,3.60
2010.08.31 11:12:48.227,0.75,0.7502,1.00,2.80
2010.08.31 11:12:48.308,0.75,0.7502,2.40,2.00
2010.08.31 11:12:48.386,0.75,0.7502,3.50,1.00
2010.08.31 11:12:48.852,0.75,0.7502,6.70,1.00
2010.08.31 11:12:48.935,0.75005,0.75025,1.60,6.40
2010.08.31 11:12:49.279,0.75005,0.75025,1.60,6.50
2010.08.31 11:12:49.629,0.75,0.75025,6.50,10.10
2010.08.31 11:12:50.457,0.75005,0.75025,1.60,8.50
2010.08.31 11:12:50.655,0.75,0.75025,6.90,10.10
2010.08.31 11:12:50.855,0.75005,0.75025,1.60,8.50
2010.08.31 11:12:52.609,0.75005,0.75025,1.60,8.40
2010.08.31 11:12:53.055,0.75005,0.75025,1.60,8.00
2010.08.31 11:12:54.051,0.75005,0.75025,1.60,6.40
2010.08.31 11:12:54.404,0.75005,0.75025,1.00,8.00
2010.08.31 11:12:55.194,0.75005,0.75025,2.50,5.60
2010.08.31 11:12:55.216,0.75005,0.75025,3.30,4.80
2010.08.31 11:12:55.414,0.75005,0.75025,8.10,2.40
2010.08.31 11:12:55.720,0.75005,0.75025,8.50,2.40
2010.08.31 11:12:56.930,0.7501,0.75025,1.00,2.40
2010.08.31 11:12:57.148,0.7501,0.75025,1.00,2.40
2010.08.31 11:12:59.059,0.7501,0.7503,2.40,4.00
2010.08.31 11:12:59.648,0.7501,0.7503,2.40,5.60
2010.08.31 11:12:59.673,0.7501,0.7503,2.40,5.80
2010.08.31 11:12:59.874,0.7501,0.75025,2.40,1.00
2010.08.31 11:13:01.173,0.75005,0.75025,6.00,1.00
2010.08.31 11:13:01.570,0.7501,0.75025,2.40,1.00
2010.08.31 11:13:02.373,0.7501,0.75025,2.50,1.00
2010.08.31 11:13:02.680,0.7501,0.75025,2.40,1.00
2010.08.31 11:13:02.981,0.75005,0.75025,6.10,1.00
2010.08.31 11:13:03.282,0.75005,0.75025,5.60,5.60
2010.08.31 11:13:03.957,0.75005,0.75025,7.10,5.60
2010.08.31 11:13:04.311,0.7501,0.7503,4.40,4.00
2010.08.31 11:13:04.661,0.75015,0.7503,1.60,1.00
2010.08.31 11:13:04.817,0.75015,0.75035,2.00,1.60
2010.08.31 11:13:04.969,0.75015,0.75035,2.90,1.60
2010.08.31 11:13:05.502,0.75015,0.75035,2.50,1.60
2010.08.31 11:13:05.665,0.75015,0.75035,3.10,1.00
2010.08.31 11:13:05.953,0.75015,0.75035,5.70,1.00
2010.08.31 11:13:06.236,0.7502,0.75035,1.00,1.00
2010.08.31 11:13:06.954,0.75015,0.75035,4.90,1.60
2010.08.31 11:13:07.241,0.75015,0.75035,3.90,4.20
2010.08.31 11:13:07.531,0.75015,0.75035,1.00,1.60
2010.08.31 11:13:07.819,0.75015,0.75035,2.30,4.00
2010.08.31 11:13:08.567,0.75015,0.75035,7.50,3.20
2010.08.31 11:13:08.889,0.75015,0.75035,8.30,2.40
2010.08.31 11:13:09.135,0.7502,0.75035,1.00,2.40
2010.08.31 11:13:10.717,0.75015,0.75035,8.40,2.40
2010.08.31 11:13:11.907,0.75015,0.75035,8.30,2.40
2010.08.31 11:13:12.477,0.7502,0.7504,1.60,7.30
2010.08.31 11:13:14.914,0.7502,0.7504,1.60,5.70
2010.08.31 11:13:24.219,0.7502,0.7504,2.00,5.60
2010.08.31 11:13:24.737,0.7502,0.7504,1.00,5.60
2010.08.31 11:13:25.337,0.7502,0.7504,1.00,5.60
2010.08.31 11:13:26.221,0.75015,0.7504,9.30,8.60
2010.08.31 11:13:26.920,0.75015,0.75035,4.90,1.60
2010.08.31 11:13:30.521,0.75015,0.75025,3.10,1.60
2010.08.31 11:13:30.728,0.7501,0.75025,1.00,2.00
2010.08.31 11:13:30.938,0.75005,0.75025,3.10,5.20
2010.08.31 11:13:31.672,0.75005,0.7502,2.70,2.40
2010.08.31 11:13:32.009,0.75,0.7502,3.20,4.80
2010.08.31 11:13:32.347,0.75,0.7502,1.60,4.80
2010.08.31 11:13:33.376,0.75,0.7502,2.40,4.80
2010.08.31 11:13:33.722,0.75005,0.7502,1.00,2.40
2010.08.31 11:13:33.928,0.75005,0.75025,2.40,6.60
2010.08.31 11:13:35.644,0.75005,0.75025,2.40,6.40
2010.08.31 11:13:36.875,0.75005,0.75025,2.40,6.40
2010.08.31 11:13:39.006,0.75005,0.75025,2.40,4.80
2010.08.31 11:13:39.168,0.75005,0.75025,6.40,4.00
2010.08.31 11:13:39.327,0.75005,0.75025,6.80,2.40
2010.08.31 11:13:39.486,0.75005,0.75025,6.80,3.20
2010.08.31 11:13:40.036,0.75005,0.75025,4.40,2.40
2010.08.31 11:13:40.323,0.75005,0.75025,4.00,2.40
2010.08.31 11:13:40.607,0.75005,0.75025,6.80,2.40
2010.08.31 11:13:40.848,0.75005,0.75025,4.00,2.40
2010.08.31 11:13:41.088,0.75005,0.75025,6.40,4.80
2010.08.31 11:13:41.328,0.75005,0.75025,2.40,7.60
2010.08.31 11:13:41.766,0.75005,0.75025,2.40,8.60
2010.08.31 11:13:41.937,0.75005,0.75025,1.00,8.70
2010.08.31 11:13:42.097,0.75005,0.75025,2.40,7.10
2010.08.31 11:13:42.256,0.75005,0.7502,1.00,1.00
2010.08.31 11:13:42.578,0.75,0.7502,3.70,1.00
2010.08.31 11:13:43.433,0.75,0.7502,1.00,2.80
2010.08.31 11:13:44.597,0.74995,0.7502,5.60,3.60
2010.08.31 11:13:45.731,0.75,0.7502,1.00,3.60
2010.08.31 11:13:46.501,0.75,0.7502,1.00,2.40
2010.08.31 11:13:46.777,0.75,0.7502,2.50,2.40
2010.08.31 11:13:48.956,0.75,0.7502,2.50,1.60
2010.08.31 11:13:51.831,0.75,0.75015,1.00,2.40
2010.08.31 11:13:53.015,0.75,0.75015,1.00,3.20
2010.08.31 11:13:53.950,0.74995,0.75015,4.40,3.20
2010.08.31 11:13:54.126,0.75,0.75015,1.00,3.20
2010.08.31 11:13:55.197,0.75,0.75015,1.00,3.40
2010.08.31 11:13:56.705,0.74995,0.75015,4.00,3.40
2010.08.31 11:13:58.039,0.7499,0.7501,5.50,2.80
2010.08.31 11:13:58.319,0.74995,0.7501,1.00,1.00
2010.08.31 11:13:58.589,0.74995,0.7501,1.00,3.60
2010.08.31 11:13:59.279,0.7499,0.7501,3.10,1.60
2010.08.31 11:13:59.561,0.7499,0.7501,3.30,1.60
2010.08.31 11:14:00.229,0.7499,0.7501,3.70,1.00
2010.08.31 11:14:00.462,0.74995,0.75015,2.80,1.60
2010.08.31 11:14:01.070,0.74995,0.75015,5.20,1.00
2010.08.31 11:14:01.375,0.74995,0.7502,5.20,4.00
2010.08.31 11:14:01.524,0.74995,0.7502,5.20,4.40
2010.08.31 11:14:02.696,0.74995,0.75015,3.60,3.20
2010.08.31 11:14:02.887,0.74995,0.75015,2.40,4.40
2010.08.31 11:14:06.006,0.74995,0.75015,2.40,4.00
2010.08.31 11:14:07.127,0.74995,0.75015,3.20,4.00
2010.08.31 11:14:09.447,0.74995,0.7501,2.40,1.00
2010.08.31 11:14:09.566,0.74995,0.75005,1.60,2.40
2010.08.31 11:14:09.993,0.74995,0.75015,1.60,6.60
2010.08.31 11:14:10.260,0.74995,0.7501,1.00,1.00
2010.08.31 11:14:13.202,0.74995,0.7501,2.40,1.00
2010.08.31 11:14:13.637,0.74995,0.75015,2.40,4.80
2010.08.31 11:14:20.214,0.74995,0.75015,2.40,5.20
2010.08.31 11:14:21.175,0.74995,0.75015,1.60,5.20
2010.08.31 11:14:21.654,0.74995,0.75015,1.60,6.80
2010.08.31 11:14:21.702,0.74995,0.75015,1.00,8.40
2010.08.31 11:14:21.744,0.7499,0.75015,6.50,8.50
2010.08.31 11:14:21.914,0.7499,0.75015,6.50,6.90
2010.08.31 11:14:22.697,0.74995,0.75015,1.00,6.80
2010.08.31 11:14:23.344,0.7499,0.75015,6.40,6.80
2010.08.31 11:14:23.488,0.7499,0.75015,6.80,6.80
2010.08.31 11:14:24.154,0.74995,0.75015,1.00,6.80
2010.08.31 11:14:24.304,0.74995,0.75015,1.00,6.80
2010.08.31 11:14:24.735,0.74995,0.75015,1.00,6.80
2010.08.31 11:14:28.168,0.74995,0.75015,1.00,6.80
2010.08.31 11:14:28.663,0.74995,0.75015,2.40,5.20
2010.08.31 11:14:28.800,0.74995,0.75015,1.00,6.80
2010.08.31 11:14:30.715,0.74995,0.75015,1.00,6.80
2010.08.31 11:14:31.045,0.74995,0.75015,1.00,6.80
2010.08.31 11:14:31.566,0.74995,0.75015,2.50,5.20
2010.08.31 11:14:31.697,0.75,0.75015,1.00,2.40
2010.08.31 11:14:32.343,0.74995,0.75015,11.00,1.00
2010.08.31 11:14:32.476,0.74995,0.7502,11.00,6.80
2010.08.31 11:14:32.865,0.74995,0.7502,11.00,8.40
2010.08.31 11:14:32.995,0.75,0.7502,1.00,8.40
2010.08.31 11:14:33.724,0.75,0.7502,1.00,8.40
2010.08.31 11:14:34.415,0.74995,0.7501,4.10,2.40
2010.08.31 11:14:34.495,0.74995,0.75015,4.50,4.80
2010.08.31 11:14:34.577,0.74995,0.75015,4.50,2.40
2010.08.31 11:14:34.655,0.74995,0.75015,4.30,2.40
2010.08.31 11:14:35.670,0.75,0.75015,1.00,2.40
2010.08.31 11:14:35.914,0.74995,0.75015,4.40,2.40
2010.08.31 11:14:36.153,0.74995,0.75015,4.00,2.40
2010.08.31 11:14:36.863,0.74995,0.7501,3.90,2.40
2010.08.31 11:14:37.149,0.74995,0.75015,4.00,2.40
2010.08.31 11:14:37.437,0.74995,0.75015,4.40,2.40
2010.08.31 11:14:38.894,0.75,0.75015,1.00,2.40
2010.08.31 11:14:51.065,0.74995,0.75015,4.50,2.40
2010.08.31 11:14:51.236,0.74995,0.75015,4.10,3.60
2010.08.31 11:14:51.813,0.74995,0.75015,2.50,5.40
2010.08.31 11:14:52.151,0.7499,0.7501,1.70,1.20
2010.08.31 11:14:52.481,0.7499,0.7501,1.50,1.20
2010.08.31 11:14:52.813,0.74985,0.75005,6.40,3.60
2010.08.31 11:14:53.593,0.74985,0.75005,4.80,5.20
2010.08.31 11:14:54.126,0.74985,0.75005,3.20,6.80
2010.08.31 11:14:54.507,0.7499,0.75005,1.00,1.60
2010.08.31 11:14:55.140,0.7499,0.7501,1.00,3.20
2010.08.31 11:14:55.445,0.7499,0.7501,1.00,3.60
2010.08.31 11:14:56.416,0.7499,0.7501,2.40,2.00
2010.08.31 11:14:57.164,0.74985,0.75005,5.60,3.20
2010.08.31 11:14:57.486,0.74985,0.75005,5.60,4.00
2010.08.31 11:14:59.288,0.74985,0.75005,5.60,4.40
2010.08.31 11:14:59.450,0.74985,0.75005,3.10,6.10
2010.08.31 11:15:00.032,0.74975,0.75,6.90,8.90
2010.08.31 11:15:00.337,0.7498,0.75,1.00,8.80
2010.08.31 11:15:00.489,0.74975,0.75,6.50,6.90
2010.08.31 11:15:01.041,0.7498,0.75,1.60,6.90
2010.08.31 11:15:01.857,0.74975,0.75,6.50,6.90
2010.08.31 11:15:02.126,0.74975,0.75,6.50,8.50
2010.08.31 11:15:02.257,0.7498,0.75,1.60,6.90
2010.08.31 11:15:02.666,0.74975,0.75,6.50,8.50
2010.08.31 11:15:04.417,0.74975,0.75,8.10,8.50
2010.08.31 11:15:04.525,0.74975,0.75,8.30,8.40
2010.08.31 11:15:04.635,0.74975,0.75,10.30,7.20
2010.08.31 11:15:04.746,0.7498,0.75,3.20,6.40
2010.08.31 11:15:04.857,0.7498,0.75,4.80,5.60
2010.08.31 11:15:05.075,0.7498,0.75,4.00,6.80
2010.08.31 11:15:05.591,0.7498,0.75,4.80,5.60
2010.08.31 11:15:05.837,0.7498,0.75,5.00,4.00
2010.08.31 11:15:06.079,0.7498,0.75005,5.80,4.40
2010.08.31 11:15:06.317,0.74985,0.75005,2.40,2.00
2010.08.31 11:15:07.685,0.74985,0.75005,1.00,4.40
2010.08.31 11:15:07.768,0.74985,0.75005,1.00,6.60
2010.08.31 11:15:07.846,0.7498,0.75005,4.00,7.40
2010.08.31 11:15:07.926,0.7498,0.75,4.00,2.40
2010.08.31 11:15:08.006,0.7498,0.75,4.00,4.00
2010.08.31 11:15:08.089,0.7498,0.75,3.90,4.40
2010.08.31 11:15:08.166,0.7498,0.75,3.90,2.80
2010.08.31 11:15:08.642,0.74985,0.75,1.00,1.00
2010.08.31 11:15:09.739,0.74985,0.75,1.00,1.00
2010.08.31 11:15:12.065,0.74985,0.75005,1.00,6.90
2010.08.31 11:15:12.739,0.74985,0.75,1.00,1.00
2010.08.31 11:15:13.879,0.7498,0.75,3.90,1.00
2010.08.31 11:15:14.189,0.7498,0.75,1.00,6.00
2010.08.31 11:15:14.268,0.74975,0.74995,6.40,1.00
2010.08.31 11:15:17.786,0.74975,0.74995,6.30,1.00
2010.08.31 11:15:18.436,0.74975,0.74995,6.40,1.00
2010.08.31 11:15:19.397,0.74975,0.74995,6.30,1.00
2010.08.31 11:15:19.575,0.74975,0.74995,6.30,1.00
2010.08.31 11:15:19.666,0.74975,0.75,6.40,8.60
2010.08.31 11:15:20.256,0.74975,0.74995,6.30,1.00
2010.08.31 11:15:20.376,0.74975,0.74995,6.30,1.00
2010.08.31 11:15:21.048,0.74975,0.74995,4.90,2.80
2010.08.31 11:15:22.395,0.74975,0.74995,5.70,2.80
2010.08.31 11:15:22.675,0.74975,0.74995,5.70,2.00
2010.08.31 11:15:23.126,0.74975,0.74995,5.70,1.60
2010.08.31 11:15:23.347,0.74975,0.74995,5.70,1.00
2010.08.31 11:15:25.165,0.74975,0.74995,5.70,1.20
2010.08.31 11:15:26.097,0.74975,0.74995,5.70,1.00
2010.08.31 11:15:26.324,0.74975,0.74995,5.70,1.60
2010.08.31 11:15:26.444,0.74975,0.74995,6.50,1.60
2010.08.31 11:15:28.909,0.74975,0.74995,6.50,1.00
2010.08.31 11:15:29.726,0.7498,0.74995,1.00,1.00
2010.08.31 11:15:30.328,0.7498,0.74995,1.60,1.00
2010.08.31 11:15:30.621,0.7498,0.74995,1.60,1.60
2010.08.31 11:15:31.072,0.7498,0.74995,1.00,1.60
2010.08.31 11:15:31.213,0.7498,0.74995,1.60,1.60
2010.08.31 11:15:32.210,0.7498,0.74995,1.60,4.00
2010.08.31 11:15:32.444,0.7498,0.7499,1.00,2.40
2010.08.31 11:15:34.080,0.7498,0.74995,1.60,1.00
2010.08.31 11:15:34.427,0.74975,0.75,4.90,8.10
2010.08.31 11:15:34.790,0.74975,0.74995,3.30,2.40
2010.08.31 11:15:35.222,0.74975,0.7499,3.10,2.40
2010.08.31 11:15:35.404,0.74975,0.7499,3.30,2.40
2010.08.31 11:15:35.927,0.74975,0.7499,3.90,2.40
2010.08.31 11:15:36.931,0.74975,0.7499,3.10,2.40
2010.08.31 11:15:37.187,0.74975,0.7499,1.60,2.40
2010.08.31 11:15:37.317,0.74975,0.7499,1.60,3.80
2010.08.31 11:15:37.748,0.74975,0.74985,1.60,2.40
2010.08.31 11:15:38.086,0.7497,0.7499,1.60,5.20
2010.08.31 11:15:38.421,0.7497,0.74985,1.60,1.00
2010.08.31 11:15:38.751,0.74975,0.74985,1.60,1.00
2010.08.31 11:15:39.275,0.74975,0.7499,1.60,5.20
2010.08.31 11:15:39.626,0.7497,0.74985,1.60,1.00
2010.08.31 11:15:39.978,0.7497,0.7499,1.60,5.30
2010.08.31 11:15:42.994,0.7497,0.74985,1.60,1.00
2010.08.31 11:15:43.267,0.74965,0.7498,1.60,1.30
2010.08.31 11:15:43.530,0.74965,0.7498,1.60,3.70
2010.08.31 11:15:44.229,0.7496,0.7498,1.60,4.50
2010.08.31 11:15:44.863,0.74955,0.7497,2.50,2.40
2010.08.31 11:15:45.584,0.74955,0.74975,1.70,2.80
2010.08.31 11:15:45.802,0.74955,0.74975,2.50,2.80
2010.08.31 11:15:46.008,0.74955,0.74975,1.70,2.80
2010.08.31 11:15:46.219,0.74955,0.7497,2.50,2.40
2010.08.31 11:15:46.426,0.74955,0.74975,2.50,2.00
2010.08.31 11:15:46.838,0.74955,0.74975,1.70,2.80
2010.08.31 11:15:47.077,0.74955,0.7497,1.70,2.80
2010.08.31 11:15:47.748,0.74955,0.7497,1.60,2.80
2010.08.31 11:15:48.358,0.74955,0.7497,1.70,2.80
2010.08.31 11:15:49.018,0.74955,0.7497,1.60,2.80
2010.08.31 11:15:50.567,0.7495,0.7497,6.40,2.80
2010.08.31 11:15:50.716,0.7495,0.7497,5.50,2.90
2010.08.31 11:15:51.262,0.7495,0.74965,4.70,2.40
2010.08.31 11:15:51.275,0.7495,0.74965,4.00,2.40
2010.08.31 11:15:51.499,0.74945,0.74965,1.70,6.80
2010.08.31 11:15:52.350,0.74945,0.74965,2.50,4.40
2010.08.31 11:15:52.705,0.74945,0.74965,4.00,1.00
2010.08.31 11:15:53.309,0.74945,0.74965,3.90,1.00
2010.08.31 11:15:53.992,0.74945,0.74965,4.00,1.00
2010.08.31 11:15:54.510,0.74945,0.7496,2.40,1.00
2010.08.31 11:15:55.029,0.74945,0.7496,1.60,1.00
2010.08.31 11:15:56.975,0.74945,0.74965,1.60,6.80
2010.08.31 11:15:58.253,0.74945,0.74965,1.60,6.80
2010.08.31 11:16:01.866,0.74945,0.74965,1.60,7.80
2010.08.31 11:16:03.702,0.74945,0.7496,1.60,1.00
2010.08.31 11:16:03.921,0.74945,0.7496,1.70,1.00
2010.08.31 11:16:04.185,0.74945,0.7496,1.60,1.00
2010.08.31 11:16:04.618,0.74945,0.7496,1.00,1.00
2010.08.31 11:16:04.894,0.74945,0.74955,1.60,2.40
2010.08.31 11:16:05.154,0.74945,0.7496,1.60,2.00
2010.08.31 11:16:05.666,0.74945,0.7496,1.60,1.00
2010.08.31 11:16:06.023,0.74945,0.7496,1.60,1.00
2010.08.31 11:16:06.995,0.74945,0.7496,1.60,1.00
2010.08.31 11:16:10.333,0.74945,0.74955,1.60,1.00
2010.08.31 11:16:10.547,0.7494,0.74955,1.00,1.00
2010.08.31 11:16:10.992,0.74935,0.74955,4.10,2.40
2010.08.31 11:16:11.513,0.7494,0.74955,1.60,2.40
2010.08.31 11:16:11.700,0.7494,0.74955,1.60,2.80
2010.08.31 11:16:11.887,0.7494,0.74955,1.70,2.80
2010.08.31 11:16:12.895,0.7494,0.74955,1.60,2.80
2010.08.31 11:16:14.625,0.7494,0.74955,1.60,2.80
2010.08.31 11:16:16.523,0.7494,0.74955,1.60,2.80
2010.08.31 11:16:16.643,0.7494,0.74955,1.60,2.80
2010.08.31 11:16:19.188,0.7494,0.74955,1.60,2.40
2010.08.31 11:16:19.474,0.74945,0.74955,1.60,2.40
2010.08.31 11:16:19.792,0.74945,0.7496,1.60,2.40
2010.08.31 11:16:20.665,0.74945,0.7496,1.60,2.60
2010.08.31 11:16:20.847,0.74945,0.74955,1.60,2.40
2010.08.31 11:16:21.546,0.74945,0.74955,1.60,2.40
2010.08.31 11:16:22.365,0.74945,0.74955,1.60,2.40
2010.08.31 11:16:23.198,0.74945,0.74955,1.60,2.60
2010.08.31 11:16:23.379,0.7494,0.74955,1.60,3.00
2010.08.31 11:16:25.947,0.7494,0.74955,1.60,2.80
2010.08.31 11:16:26.696,0.7494,0.7495,1.60,1.00
2010.08.31 11:16:27.392,0.74925,0.74945,2.40,6.30
2010.08.31 11:16:27.657,0.74925,0.7494,2.40,1.00
2010.08.31 11:16:27.795,0.74925,0.7494,2.40,1.00
2010.08.31 11:16:27.936,0.74925,0.7494,1.00,1.00
2010.08.31 11:16:28.075,0.74925,0.7494,1.00,1.00
2010.08.31 11:16:29.055,0.74925,0.7494,2.50,1.00
2010.08.31 11:16:29.404,0.74925,0.74945,2.40,5.30
2010.08.31 11:16:29.797,0.74925,0.74945,1.60,5.20
2010.08.31 11:16:30.476,0.74925,0.74945,1.60,5.20
2010.08.31 11:16:31.526,0.74925,0.74945,1.60,5.40
2010.08.31 11:16:33.095,0.74925,0.74945,1.70,5.40
2010.08.31 11:16:33.376,0.74925,0.74945,1.60,5.40
2010.08.31 11:16:33.517,0.74925,0.7494,1.60,1.00
2010.08.31 11:16:33.657,0.74925,0.74935,1.60,2.40
2010.08.31 11:16:34.378,0.74915,0.7494,8.50,2.00
2010.08.31 11:16:34.662,0.74925,0.7494,1.00,1.00
2010.08.31 11:16:35.286,0.74925,0.7494,2.40,1.00
2010.08.31 11:16:37.025,0.74925,0.7494,1.00,1.00
2010.08.31 11:16:37.225,0.74925,0.7494,2.40,1.00
2010.08.31 11:16:38.039,0.74925,0.74945,2.40,4.00
2010.08.31 11:16:38.908,0.74925,0.74945,1.00,6.20
2010.08.31 11:16:39.120,0.74925,0.7494,1.00,4.00
2010.08.31 11:16:39.327,0.74925,0.7494,1.00,2.00
2010.08.31 11:16:41.243,0.74925,0.7494,2.40,2.00
2010.08.31 11:16:41.286,0.74925,0.7494,2.40,1.60
2010.08.31 11:16:42.047,0.74915,0.74935,7.90,3.60
2010.08.31 11:16:42.148,0.74915,0.74935,5.50,3.60
2010.08.31 11:16:42.197,0.74915,0.74935,5.60,3.60
2010.08.31 11:16:42.497,0.74915,0.74935,5.60,1.00
2010.08.31 11:16:42.747,0.7492,0.74935,1.00,1.00
2010.08.31 11:16:42.998,0.7492,0.74935,3.20,1.00
2010.08.31 11:16:43.899,0.7492,0.74935,4.80,1.00
2010.08.31 11:16:44.138,0.7492,0.7494,4.80,2.00
2010.08.31 11:16:44.378,0.7492,0.7494,4.80,1.60
2010.08.31 11:16:46.066,0.7492,0.7494,4.80,1.60
2010.08.31 11:16:46.237,0.7492,0.7494,3.30,1.60
2010.08.31 11:16:46.416,0.7492,0.7494,3.20,1.60
2010.08.31 11:16:47.120,0.7492,0.7494,2.40,1.60
2010.08.31 11:16:47.439,0.7492,0.7494,1.00,1.60
2010.08.31 11:16:47.671,0.74925,0.7494,1.00,1.60
2010.08.31 11:16:47.902,0.7492,0.74945,1.60,5.00
2010.08.31 11:16:48.132,0.74925,0.74945,1.00,3.20
2010.08.31 11:16:48.359,0.74925,0.74945,1.00,1.60
2010.08.31 11:16:49.677,0.74925,0.74945,1.00,1.60
2010.08.31 11:16:51.715,0.7493,0.74945,1.00,1.60
2010.08.31 11:16:52.109,0.7493,0.7495,1.00,1.60
2010.08.31 11:16:52.712,0.7493,0.74955,8.10,8.00
2010.08.31 11:16:53.736,0.7493,0.7495,2.30,5.80
2010.08.31 11:16:54.072,0.74925,0.74945,3.30,4.00
2010.08.31 11:16:55.561,0.74925,0.74945,2.50,4.00
2010.08.31 11:16:55.772,0.74925,0.74945,1.70,4.00
2010.08.31 11:16:56.440,0.74925,0.74945,1.60,4.10
2010.08.31 11:16:56.926,0.74925,0.74945,1.60,5.30
2010.08.31 11:16:57.602,0.74925,0.74945,1.60,5.20
2010.08.31 11:16:58.847,0.74925,0.7494,1.00,1.00
2010.08.31 11:16:58.985,0.74925,0.7494,1.00,1.60
2010.08.31 11:16:59.137,0.7492,0.7494,5.60,1.60
2010.08.31 11:17:02.921,0.74925,0.7494,1.00,1.60
2010.08.31 11:17:04.225,0.7492,0.7494,2.40,1.60
2010.08.31 11:17:05.537,0.7492,0.7494,2.80,1.60
2010.08.31 11:17:05.787,0.7492,0.7494,2.00,2.40
2010.08.31 11:17:05.907,0.7492,0.7494,1.60,2.40
2010.08.31 11:17:07.659,0.7492,0.7494,1.00,2.40
2010.08.31 11:17:07.785,0.7492,0.74935,1.00,2.40
2010.08.31 11:17:08.168,0.74915,0.74935,5.70,3.20
2010.08.31 11:17:08.296,0.74915,0.74935,5.70,4.00
2010.08.31 11:17:08.426,0.74915,0.74935,6.10,4.00
2010.08.31 11:17:09.314,0.7492,0.74935,1.00,4.00
2010.08.31 11:17:09.662,0.74915,0.74935,5.70,4.00
2010.08.31 11:17:11.227,0.74915,0.74935,4.90,4.00
2010.08.31 11:17:12.396,0.74915,0.74935,4.90,4.80
2010.08.31 11:17:13.764,0.74915,0.7493,4.90,1.60
2010.08.31 11:17:13.957,0.7491,0.7493,1.00,2.60
2010.08.31 11:17:14.699,0.74915,0.7493,4.00,1.60
2010.08.31 11:17:15.034,0.74915,0.7493,4.00,1.00
2010.08.31 11:17:16.243,0.74915,0.7493,4.00,1.00
2010.08.31 11:17:17.248,0.74915,0.7493,2.50,1.80
2010.08.31 11:17:17.832,0.7491,0.74925,1.00,1.00
2010.08.31 11:17:18.102,0.74905,0.74925,5.70,1.00
2010.08.31 11:17:18.373,0.74905,0.74925,5.70,1.20
2010.08.31 11:17:19.474,0.74905,0.7492,2.50,2.40
2010.08.31 11:17:20.396,0.74905,0.7492,2.30,2.80
2010.08.31 11:17:20.664,0.74905,0.7492,1.60,2.80
2010.08.31 11:17:21.892,0.7491,0.7492,2.40,1.80
2010.08.31 11:17:22.117,0.749,0.74915,4.00,1.00
2010.08.31 11:17:22.341,0.74895,0.74915,3.20,6.00
2010.08.31 11:17:22.560,0.74895,0.74915,4.80,2.00
2010.08.31 11:17:24.003,0.74895,0.74915,4.80,2.10
2010.08.31 11:17:24.332,0.74895,0.74915,1.60,6.80
2010.08.31 11:17:24.750,0.74895,0.7491,1.60,2.40
2010.08.31 11:17:25.097,0.7489,0.7491,2.40,4.40
2010.08.31 11:17:25.251,0.7489,0.7491,2.40,4.40
2010.08.31 11:17:26.195,0.7489,0.74905,1.60,1.20
2010.08.31 11:17:26.542,0.7489,0.74905,2.40,1.20
2010.08.31 11:17:27.600,0.7489,0.74905,2.40,1.30
2010.08.31 11:17:27.802,0.7489,0.74905,1.60,2.00
2010.08.31 11:17:28.250,0.74885,0.74905,6.40,2.00
2010.08.31 11:17:28.618,0.7488,0.749,4.80,2.00
2010.08.31 11:17:28.966,0.7488,0.74895,2.40,1.80
2010.08.31 11:17:29.312,0.74875,0.7489,1.00,1.00
2010.08.31 11:17:30.085,0.7488,0.74895,1.00,2.80
2010.08.31 11:17:30.428,0.7488,0.74895,1.00,2.00
2010.08.31 11:17:30.990,0.74875,0.74895,2.40,2.00
2010.08.31 11:17:31.646,0.74865,0.74885,4.80,3.60
2010.08.31 11:17:31.870,0.74865,0.74885,4.00,4.40
2010.08.31 11:17:32.489,0.74865,0.74885,2.40,5.20
2010.08.31 11:17:32.833,0.74865,0.74885,4.80,2.80
2010.08.31 11:17:33.173,0.74865,0.74885,6.40,1.20
2010.08.31 11:17:33.848,0.7487,0.74885,1.00,1.20
2010.08.31 11:17:34.132,0.7487,0.7489,1.60,6.80
2010.08.31 11:17:34.409,0.74875,0.7489,1.00,4.80
2010.08.31 11:17:35.070,0.74875,0.7489,2.40,2.40
2010.08.31 11:17:35.393,0.74875,0.74895,2.40,7.00
2010.08.31 11:17:36.725,0.74875,0.74895,1.60,7.00
2010.08.31 11:17:37.167,0.74875,0.74895,1.60,6.80
2010.08.31 11:17:37.716,0.74875,0.74895,4.10,2.80
2010.08.31 11:17:37.816,0.7488,0.74895,3.30,1.60
2010.08.31 11:17:37.910,0.7488,0.74895,3.20,1.60
2010.08.31 11:17:38.010,0.7488,0.74895,2.40,1.60
2010.08.31 11:17:38.099,0.7488,0.74895,2.50,2.00
2010.08.31 11:17:38.185,0.7488,0.74895,2.50,3.60
2010.08.31 11:17:38.649,0.7488,0.74895,1.00,6.00
2010.08.31 11:17:38.754,0.74875,0.74895,2.50,3.60
2010.08.31 11:17:39.104,0.74875,0.7489,1.60,1.00
2010.08.31 11:17:40.053,0.74875,0.7489,1.60,1.00
2010.08.31 11:17:40.329,0.74875,0.7489,2.40,1.00
2010.08.31 11:17:40.608,0.74875,0.74895,4.80,4.40
2010.08.31 11:17:41.572,0.74875,0.74895,4.80,4.40
2010.08.31 11:17:41.820,0.7488,0.74895,1.00,4.40
2010.08.31 11:17:42.699,0.7488,0.74895,1.00,4.40
2010.08.31 11:17:42.961,0.7488,0.74895,1.00,1.00
2010.08.31 11:17:43.218,0.74875,0.74895,8.00,1.00
2010.08.31 11:17:45.345,0.7488,0.74895,1.00,1.00
2010.08.31 11:17:45.776,0.7488,0.74895,1.00,1.00
2010.08.31 11:17:46.494,0.7488,0.74895,1.00,1.00
2010.08.31 11:17:46.594,0.74875,0.74895,5.60,5.20
2010.08.31 11:17:48.357,0.74885,0.749,2.40,2.00
2010.08.31 11:17:48.477,0.7488,0.749,4.80,4.40
2010.08.31 11:17:48.975,0.7488,0.749,4.90,4.40
2010.08.31 11:17:49.307,0.7488,0.749,4.80,4.40
2010.08.31 11:17:49.629,0.74885,0.749,1.00,4.40
2010.08.31 11:17:49.952,0.74885,0.74905,1.00,2.80
2010.08.31 11:17:51.387,0.7488,0.749,5.60,1.00
2010.08.31 11:17:51.539,0.7488,0.749,5.60,2.80
2010.08.31 11:17:52.112,0.7488,0.749,4.80,4.40
2010.08.31 11:17:53.904,0.7488,0.749,4.00,5.20
2010.08.31 11:17:55.157,0.7488,0.749,4.00,5.20
2010.08.31 11:17:56.900,0.7488,0.749,4.00,5.20
2010.08.31 11:17:57.926,0.7488,0.749,5.00,4.40
2010.08.31 11:17:58.547,0.74885,0.749,2.40,2.00
2010.08.31 11:18:00.270,0.7488,0.749,4.10,5.20
2010.08.31 11:18:00.705,0.74885,0.74905,1.00,3.20
2010.08.31 11:18:00.779,0.74885,0.74905,1.00,2.40
2010.08.31 11:18:01.006,0.74885,0.74905,1.00,2.80
2010.08.31 11:18:01.466,0.7488,0.74905,6.30,2.90
2010.08.31 11:18:01.605,0.7488,0.74905,6.10,2.90
2010.08.31 11:18:02.096,0.7488,0.74905,5.70,2.90
2010.08.31 11:18:02.898,0.7488,0.749,4.10,4.80
2010.08.31 11:18:03.096,0.7488,0.749,4.10,5.20
2010.08.31 11:18:03.935,0.7488,0.749,5.30,3.20
2010.08.31 11:18:04.161,0.7488,0.749,5.70,3.20
2010.08.31 11:18:06.447,0.74885,0.749,1.60,3.20
2010.08.31 11:18:07.227,0.74885,0.749,1.60,4.00
2010.08.31 11:18:07.377,0.7488,0.74895,2.50,2.40
2010.08.31 11:18:08.443,0.7488,0.749,6.00,3.20
2010.08.31 11:18:08.645,0.74885,0.749,1.60,3.20
2010.08.31 11:18:08.876,0.7488,0.749,6.00,3.20
2010.08.31 11:18:09.106,0.74885,0.749,1.60,3.20
2010.08.31 11:18:09.806,0.74885,0.749,1.60,3.20
2010.08.31 11:18:10.408,0.74885,0.749,1.60,3.20
2010.08.31 11:18:10.589,0.7488,0.749,6.10,3.20
2010.08.31 11:18:10.765,0.74885,0.749,1.60,3.20
2010.08.31 11:18:11.249,0.74885,0.749,4.00,1.00
2010.08.31 11:18:11.860,0.7488,0.749,5.70,3.60
2010.08.31 11:18:12.151,0.74885,0.749,4.00,1.20
2010.08.31 11:18:12.438,0.74885,0.74905,4.00,6.80
2010.08.31 11:18:12.719,0.74885,0.749,1.60,3.20
2010.08.31 11:18:13.365,0.7488,0.749,5.60,4.00
2010.08.31 11:18:13.582,0.7488,0.749,4.80,4.00
2010.08.31 11:18:14.217,0.7488,0.749,5.00,4.00
2010.08.31 11:18:14.428,0.74885,0.749,4.80,1.00
2010.08.31 11:18:15.203,0.7488,0.74895,1.00,2.40
2010.08.31 11:18:15.481,0.7488,0.749,2.40,5.20
2010.08.31 11:18:15.818,0.7488,0.749,4.00,5.20
2010.08.31 11:18:17.031,0.7488,0.749,4.00,4.80
2010.08.31 11:18:17.182,0.7488,0.749,4.80,4.00
2010.08.31 11:18:17.327,0.7488,0.749,5.60,4.00
2010.08.31 11:18:17.469,0.7488,0.749,5.60,3.20
2010.08.31 11:18:17.931,0.74885,0.749,1.60,3.20
2010.08.31 11:18:18.244,0.7489,0.74905,1.60,4.00
2010.08.31 11:18:18.550,0.7489,0.7491,1.60,5.20
2010.08.31 11:18:18.860,0.7489,0.7491,1.60,4.80
2010.08.31 11:18:19.754,0.7489,0.7491,1.60,4.80
2010.08.31 11:18:20.102,0.7489,0.7491,1.60,5.20
2010.08.31 11:18:20.840,0.7489,0.74905,1.70,1.00
2010.08.31 11:18:21.011,0.7489,0.7491,1.60,5.20
2010.08.31 11:18:21.519,0.7489,0.7491,1.00,5.20
2010.08.31 11:18:22.307,0.7489,0.74905,1.00,2.40
2010.08.31 11:18:22.728,0.7489,0.74905,1.60,2.40
2010.08.31 11:18:23.149,0.7489,0.74905,1.00,2.40
2010.08.31 11:18:23.857,0.7489,0.74905,1.60,2.40
2010.08.31 11:18:24.746,0.74885,0.74905,6.40,2.40
2010.08.31 11:18:25.645,0.74885,0.74905,6.40,2.80
2010.08.31 11:18:26.195,0.74885,0.74895,3.20,2.40
2010.08.31 11:18:26.355,0.74885,0.74905,4.80,6.00
2010.08.31 11:18:26.509,0.74885,0.74905,4.80,6.80
2010.08.31 11:18:26.659,0.74885,0.749,2.40,2.40
2010.08.31 11:18:27.535,0.74885,0.749,1.60,2.40
2010.08.31 11:18:27.870,0.74885,0.749,1.70,2.40
2010.08.31 11:18:28.277,0.74885,0.749,1.60,2.40
2010.08.31 11:18:28.408,0.74885,0.74895,1.60,2.40
2010.08.31 11:18:28.954,0.74885,0.74895,1.00,2.40
2010.08.31 11:18:29.252,0.74885,0.74905,4.80,5.60
2010.08.31 11:18:29.543,0.74885,0.74905,4.00,8.20
2010.08.31 11:18:29.829,0.74885,0.749,1.70,2.40
2010.08.31 11:18:31.124,0.74885,0.749,1.00,2.40
2010.08.31 11:18:31.655,0.74885,0.749,1.70,2.40
2010.08.31 11:18:34.209,0.74885,0.749,1.60,2.40
2010.08.31 11:18:34.549,0.7488,0.749,6.40,4.00
2010.08.31 11:18:34.691,0.7488,0.74895,1.50,2.40
2010.08.31 11:18:35.115,0.7488,0.74895,1.00,2.40
2010.08.31 11:18:35.262,0.74875,0.74895,4.10,6.40
2010.08.31 11:18:35.510,0.74875,0.74895,2.50,6.40
2010.08.31 11:18:36.179,0.74875,0.74885,1.60,2.40
2010.08.31 11:18:36.437,0.74875,0.74895,1.60,6.50
2010.08.31 11:18:37.006,0.7487,0.7489,3.30,1.20
2010.08.31 11:18:37.297,0.7487,0.74885,1.70,3.20
2010.08.31 11:18:37.987,0.7487,0.7489,1.50,1.00
2010.08.31 11:18:38.246,0.7487,0.7489,5.50,1.20
2010.08.31 11:18:38.498,0.7487,0.7489,6.30,1.00
2010.08.31 11:18:39.141,0.7487,0.7489,4.80,1.20
2010.08.31 11:18:39.721,0.7487,0.7489,4.80,1.00
2010.08.31 11:18:41.053,0.7487,0.7489,4.80,1.00
2010.08.31 11:18:41.364,0.7487,0.7489,1.60,2.80
2010.08.31 11:18:41.677,0.7487,0.7489,1.60,2.40
2010.08.31 11:18:41.806,0.7487,0.7489,1.60,2.50
2010.08.31 11:18:42.626,0.7487,0.7489,1.60,1.00
2010.08.31 11:18:43.777,0.7487,0.74895,2.40,10.40
2010.08.31 11:18:45.036,0.7487,0.74895,2.50,10.40
2010.08.31 11:18:45.096,0.7487,0.74895,2.50,8.80
2010.08.31 11:18:45.156,0.7487,0.74895,2.50,7.20
2010.08.31 11:18:45.216,0.74875,0.74895,1.60,7.20
2010.08.31 11:18:45.330,0.74875,0.74895,1.60,6.40
2010.08.31 11:18:46.206,0.74875,0.7489,1.60,1.00
2010.08.31 11:18:46.457,0.7487,0.74885,1.00,2.40
2010.08.31 11:18:46.699,0.74865,0.74885,2.40,2.40
2010.08.31 11:18:46.941,0.74865,0.74885,2.50,2.40
2010.08.31 11:18:47.188,0.74865,0.74885,2.50,5.20
2010.08.31 11:18:47.844,0.74865,0.74885,2.40,4.80
2010.08.31 11:18:48.485,0.74865,0.7488,2.40,1.00
2010.08.31 11:18:48.671,0.74865,0.74885,2.50,4.80
2010.08.31 11:18:49.428,0.74865,0.7488,1.60,4.00
2010.08.31 11:18:49.733,0.74865,0.7488,1.60,2.00
2010.08.31 11:18:50.035,0.7486,0.74875,2.50,2.40
2010.08.31 11:18:50.779,0.7486,0.74875,2.40,2.40
2010.08.31 11:18:51.062,0.74865,0.74875,1.00,2.40
2010.08.31 11:18:51.343,0.74855,0.7487,3.20,2.40
2010.08.31 11:18:51.772,0.74855,0.7487,2.40,2.40
2010.08.31 11:18:52.092,0.7486,0.7487,4.10,2.60
2010.08.31 11:18:52.410,0.7485,0.7486,3.20,2.40
2010.08.31 11:18:53.129,0.74855,0.74865,1.00,2.00
2010.08.31 11:18:53.417,0.74855,0.7487,2.40,1.00
2010.08.31 11:18:53.705,0.7486,0.74875,1.00,1.00
2010.08.31 11:18:54.651,0.7486,0.74875,2.50,1.00
2010.08.31 11:18:55.002,0.7486,0.7488,1.70,6.80
2010.08.31 11:18:55.834,0.7486,0.7488,1.70,5.20
2010.08.31 11:18:56.107,0.7486,0.7488,1.70,3.60
2010.08.31 11:18:56.380,0.74855,0.7487,4.80,2.40
2010.08.31 11:18:56.788,0.74855,0.7487,3.20,2.40
2010.08.31 11:18:57.061,0.74855,0.7487,1.60,2.40
2010.08.31 11:18:57.338,0.74855,0.7487,1.60,2.80
2010.08.31 11:18:58.439,0.74855,0.74865,1.00,2.40
2010.08.31 11:18:59.053,0.7485,0.74865,1.70,2.40
2010.08.31 11:18:59.255,0.74845,0.7486,2.80,2.40
2010.08.31 11:18:59.828,0.7485,0.7486,1.00,2.40
2010.08.31 11:19:00.017,0.7485,0.7486,1.00,2.40
2010.08.31 11:19:00.208,0.74845,0.7486,2.90,2.40
2010.08.31 11:19:00.430,0.7485,0.7486,1.00,2.40
2010.08.31 11:19:00.657,0.7485,0.7487,1.60,7.60
2010.08.31 11:19:01.137,0.7485,0.74865,1.60,1.00
2010.08.31 11:19:01.251,0.7485,0.74865,1.60,1.00
2010.08.31 11:19:01.371,0.7485,0.74865,1.60,1.00
2010.08.31 11:19:01.598,0.74855,0.7487,1.00,6.00
2010.08.31 11:19:02.121,0.74855,0.7487,1.00,2.80
2010.08.31 11:19:02.244,0.74855,0.7487,1.70,2.40
2010.08.31 11:19:02.569,0.74855,0.7487,1.60,2.40
2010.08.31 11:19:03.298,0.7486,0.74875,1.60,3.60
2010.08.31 11:19:03.949,0.74855,0.74875,2.40,3.60
2010.08.31 11:19:04.268,0.74855,0.74875,1.60,3.60
2010.08.31 11:19:05.006,0.74855,0.74875,1.80,3.60
2010.08.31 11:19:05.368,0.74855,0.74875,2.40,1.00
2010.08.31 11:19:05.474,0.74855,0.7487,1.70,1.00
2010.08.31 11:19:05.579,0.74855,0.7487,1.60,3.60
2010.08.31 11:19:06.790,0.74855,0.7487,1.60,1.00
2010.08.31 11:19:07.139,0.74855,0.7487,1.60,1.00
2010.08.31 11:19:07.822,0.7485,0.74865,1.60,1.00
2010.08.31 11:19:08.038,0.7485,0.74865,1.60,1.00
2010.08.31 11:19:09.827,0.7485,0.7486,1.60,1.00
2010.08.31 11:19:10.515,0.7485,0.74865,1.60,1.20
2010.08.31 11:19:13.696,0.7485,0.74865,1.60,1.00
2010.08.31 11:19:13.787,0.7485,0.7487,2.40,7.70
2010.08.31 11:19:14.268,0.7485,0.7487,4.80,7.70
2010.08.31 11:19:14.621,0.7485,0.7487,6.40,2.80
2010.08.31 11:19:14.960,0.74855,0.7487,1.60,2.80
2010.08.31 11:19:15.640,0.74855,0.7487,1.60,2.80
2010.08.31 11:19:15.902,0.7485,0.7487,5.60,3.60
2010.08.31 11:19:16.158,0.74855,0.7487,1.00,1.00
2010.08.31 11:19:16.878,0.74855,0.7487,2.40,1.00
2010.08.31 11:19:17.187,0.74855,0.7487,2.40,1.00
2010.08.31 11:19:17.497,0.74855,0.74875,2.40,5.20
2010.08.31 11:19:18.117,0.74855,0.74875,2.40,4.40
2010.08.31 11:19:19.707,0.74855,0.74875,2.40,4.40
2010.08.31 11:19:19.926,0.74855,0.74875,2.40,3.60
2010.08.31 11:19:20.126,0.74855,0.74875,2.40,2.80
2010.08.31 11:19:21.067,0.7486,0.74875,1.00,2.80
2010.08.31 11:19:21.250,0.74855,0.74875,2.40,2.40
2010.08.31 11:19:21.914,0.7486,0.7488,1.60,6.80
2010.08.31 11:19:22.830,0.74865,0.7488,1.60,3.60
2010.08.31 11:19:23.176,0.74865,0.74885,1.70,3.20
2010.08.31 11:19:24.294,0.74865,0.74885,2.40,2.40
2010.08.31 11:19:25.381,0.74865,0.7489,2.90,1.00
2010.08.31 11:19:25.635,0.7487,0.7489,1.60,1.00
2010.08.31 11:19:25.883,0.7487,0.7489,1.00,4.00
2010.08.31 11:19:26.535,0.7487,0.74885,1.00,3.20
2010.08.31 11:19:26.892,0.7487,0.74885,1.00,3.20
2010.08.31 11:19:27.237,0.74865,0.7488,2.40,1.00
2010.08.31 11:19:27.872,0.74865,0.7488,2.40,1.00
2010.08.31 11:19:28.144,0.7486,0.7488,2.40,1.00
2010.08.31 11:19:32.281,0.74865,0.7488,1.60,1.00
2010.08.31 11:19:32.745,0.74865,0.7488,1.00,1.00
2010.08.31 11:19:32.966,0.7486,0.7488,1.00,1.00
2010.08.31 11:19:33.307,0.7486,0.7488,2.50,1.00
2010.08.31 11:19:34.376,0.7486,0.74875,2.40,1.00
2010.08.31 11:19:34.564,0.74855,0.74875,2.40,3.60
2010.08.31 11:19:34.751,0.74855,0.7487,2.40,1.00
2010.08.31 11:19:37.715,0.74855,0.7487,1.60,1.00
2010.08.31 11:19:38.506,0.74855,0.7487,1.60,1.00
2010.08.31 11:19:38.606,0.74855,0.74875,2.40,5.20
2010.08.31 11:19:38.808,0.74855,0.74875,2.40,2.80
2010.08.31 11:19:39.009,0.74855,0.74875,2.40,1.20
2010.08.31 11:19:39.410,0.74855,0.74875,1.00,3.60
2010.08.31 11:19:39.910,0.74855,0.7487,1.00,2.00
2010.08.31 11:19:40.106,0.7485,0.7487,1.60,3.60
2010.08.31 11:19:40.648,0.7485,0.7487,1.50,3.60
2010.08.31 11:19:41.416,0.7485,0.7487,1.70,3.60
2010.08.31 11:19:41.733,0.7485,0.7487,1.00,5.20
2010.08.31 11:19:42.053,0.74845,0.7487,8.40,4.40
2010.08.31 11:19:42.286,0.74845,0.7487,8.40,5.20
2010.08.31 11:19:42.527,0.74845,0.74865,6.00,1.00
2010.08.31 11:19:43.041,0.74845,0.74865,6.00,1.20
2010.08.31 11:19:43.250,0.7485,0.74865,1.00,3.60
2010.08.31 11:19:45.358,0.7485,0.74865,1.00,2.80
2010.08.31 11:19:46.266,0.7485,0.74865,1.00,2.40
2010.08.31 11:19:46.586,0.74845,0.74865,6.80,2.40
2010.08.31 11:19:47.140,0.74845,0.74865,6.80,2.80
2010.08.31 11:19:47.312,0.7485,0.74865,1.00,2.40
2010.08.31 11:19:47.958,0.74845,0.74865,2.90,3.20
2010.08.31 11:19:48.116,0.74845,0.74865,2.90,3.60
2010.08.31 11:19:48.596,0.7485,0.74865,1.00,3.60
2010.08.31 11:19:49.367,0.74845,0.74865,2.90,3.60
2010.08.31 11:19:49.729,0.74845,0.7486,2.90,2.40
2010.08.31 11:19:51.318,0.74845,0.74865,2.90,1.00
2010.08.31 11:19:51.551,0.74845,0.74865,5.20,2.00
2010.08.31 11:19:51.776,0.74845,0.74865,6.80,2.00
2010.08.31 11:19:52.463,0.74845,0.74865,2.80,2.00
2010.08.31 11:19:52.728,0.74845,0.7486,2.80,1.00
2010.08.31 11:19:53.375,0.74845,0.7486,2.00,1.00
2010.08.31 11:19:54.331,0.74845,0.74865,4.40,2.00
2010.08.31 11:19:54.577,0.74845,0.74865,5.20,1.20
2010.08.31 11:19:55.476,0.7485,0.7486,2.40,1.00
2010.08.31 11:19:55.697,0.74845,0.7486,1.00,2.40
2010.08.31 11:19:55.909,0.74845,0.74865,2.80,4.40
2010.08.31 11:19:56.121,0.74845,0.74865,5.20,2.00
2010.08.31 11:19:56.749,0.74845,0.74865,3.60,5.40
2010.08.31 11:19:57.046,0.74845,0.7486,1.00,6.00
2010.08.31 11:19:57.342,0.74845,0.7486,1.00,6.80
2010.08.31 11:19:58.362,0.74835,0.74855,4.70,3.20
2010.08.31 11:19:58.653,0.74845,0.7486,1.00,7.70
2010.08.31 11:19:58.938,0.74845,0.7486,1.00,9.30
2010.08.31 11:19:59.221,0.74845,0.7486,1.00,8.80
2010.08.31 11:19:59.642,0.74845,0.7486,1.00,6.40
2010.08.31 11:19:59.997,0.74845,0.74865,5.00,1.60
2010.08.31 11:20:00.337,0.74845,0.74865,5.10,3.20
2010.08.31 11:20:00.727,0.74845,0.74865,5.00,3.20
2010.08.31 11:20:01.527,0.74845,0.74865,4.90,3.30
2010.08.31 11:20:01.691,0.74845,0.74865,3.30,3.30
2010.08.31 11:20:02.176,0.74845,0.74865,3.30,3.70
2010.08.31 11:20:02.666,0.74845,0.74865,1.00,4.50
2010.08.31 11:20:04.996,0.74845,0.7486,1.00,1.00
2010.08.31 11:20:06.316,0.74845,0.7486,1.00,2.40
2010.08.31 11:20:06.397,0.74845,0.7486,1.00,4.80
2010.08.31 11:20:06.477,0.74845,0.7486,1.00,7.60
2010.08.31 11:20:07.091,0.74845,0.74855,1.00,1.00
2010.08.31 11:20:08.559,0.74845,0.74855,1.00,1.60
2010.08.31 11:20:08.968,0.74845,0.74855,1.00,4.00
2010.08.31 11:20:09.205,0.74845,0.74855,1.00,4.00
2010.08.31 11:20:09.825,0.74835,0.74855,4.10,4.00
2010.08.31 11:20:09.986,0.74835,0.74855,4.10,2.40
2010.08.31 11:20:10.306,0.74845,0.74855,1.00,2.40
2010.08.31 11:20:10.981,0.74845,0.74855,1.00,4.00
2010.08.31 11:20:11.169,0.74845,0.74855,1.00,3.20
2010.08.31 11:20:11.786,0.74845,0.74855,1.00,3.30
2010.08.31 11:20:12.006,0.74845,0.74855,1.00,2.50
2010.08.31 11:20:12.436,0.74845,0.74855,1.00,2.40
2010.08.31 11:20:13.427,0.74835,0.74855,8.10,2.40
2010.08.31 11:20:15.110,0.74835,0.74855,8.50,2.40
2010.08.31 11:20:15.427,0.7484,0.7486,1.60,6.40
2010.08.31 11:20:15.571,0.74845,0.7486,1.00,4.80
2010.08.31 11:20:16.097,0.74845,0.7486,1.00,4.80
2010.08.31 11:20:16.378,0.74845,0.7486,1.00,4.80
2010.08.31 11:20:17.628,0.74845,0.7486,1.00,5.60
2010.08.31 11:20:19.596,0.74845,0.7486,1.00,4.00
2010.08.31 11:20:21.115,0.74845,0.7486,1.00,2.40
2010.08.31 11:20:21.524,0.74845,0.7486,1.00,4.00
2010.08.31 11:20:22.584,0.74845,0.7486,1.00,4.80
2010.08.31 11:20:22.766,0.74845,0.7486,1.00,4.80
2010.08.31 11:20:23.387,0.74845,0.7486,1.00,2.40
2010.08.31 11:20:23.887,0.74845,0.7486,1.00,5.60
2010.08.31 11:20:24.091,0.74845,0.74865,1.00,8.00
2010.08.31 11:20:24.497,0.74845,0.74865,1.00,6.40
2010.08.31 11:20:28.737,0.74845,0.74865,1.00,6.00
2010.08.31 11:20:28.826,0.74845,0.74865,1.00,6.10
2010.08.31 11:20:28.918,0.74845,0.74865,1.00,3.70
2010.08.31 11:20:29.900,0.74845,0.74865,1.00,3.60
2010.08.31 11:20:30.447,0.74845,0.74865,1.00,3.60
2010.08.31 11:20:31.322,0.74845,0.74865,2.50,3.60
2010.08.31 11:20:31.668,0.74845,0.74865,2.60,2.00
2010.08.31 11:20:32.009,0.74845,0.74865,2.50,3.60
2010.08.31 11:20:34.326,0.74845,0.74865,2.50,2.00
2010.08.31 11:20:34.525,0.74845,0.74865,2.50,1.60
2010.08.31 11:20:34.725,0.74845,0.74865,1.00,3.20
2010.08.31 11:20:37.016,0.74845,0.74865,1.00,3.60
2010.08.31 11:20:39.371,0.74845,0.74865,1.00,6.10
2010.08.31 11:20:40.306,0.74845,0.7486,1.00,1.00
2010.08.31 11:20:40.557,0.74845,0.7486,1.00,1.00
2010.08.31 11:20:41.846,0.74845,0.74865,1.00,6.80
2010.08.31 11:20:42.967,0.74845,0.74865,1.00,6.80
2010.08.31 11:20:43.476,0.74845,0.74865,2.50,6.80
2010.08.31 11:20:43.675,0.74845,0.74865,1.00,6.80
2010.08.31 11:20:44.593,0.74845,0.74865,1.00,6.80
2010.08.31 11:20:46.656,0.74845,0.74865,1.70,2.80
2010.08.31 11:20:46.737,0.74845,0.74865,2.50,2.00
2010.08.31 11:20:46.816,0.74845,0.74865,2.90,1.60
2010.08.31 11:20:47.294,0.74845,0.74865,2.90,1.60
2010.08.31 11:20:47.524,0.7485,0.7487,1.00,7.30
2010.08.31 11:20:48.559,0.74845,0.7487,4.60,8.00
2010.08.31 11:20:49.964,0.74845,0.7487,4.60,8.00
2010.08.31 11:20:50.140,0.74845,0.74865,3.70,3.20
2010.08.31 11:20:50.749,0.74845,0.74865,2.90,4.00
2010.08.31 11:20:50.832,0.74845,0.74865,1.00,5.80
2010.08.31 11:20:50.906,0.74845,0.74865,1.00,5.80
2010.08.31 11:20:50.986,0.74845,0.74865,1.00,6.60
2010.08.31 11:20:51.467,0.74845,0.7486,1.00,2.40
2010.08.31 11:20:51.724,0.74845,0.74865,1.00,6.50
2010.08.31 11:20:53.155,0.74845,0.74865,1.00,5.70
2010.08.31 11:20:55.314,0.7485,0.74865,2.40,1.00
2010.08.31 11:20:55.642,0.74845,0.74865,5.30,1.00
2010.08.31 11:20:55.806,0.74845,0.74865,5.40,1.00
2010.08.31 11:20:55.968,0.74845,0.74865,3.80,1.00
2010.08.31 11:20:57.016,0.74845,0.74865,3.80,1.00
2010.08.31 11:20:59.907,0.74845,0.7487,4.60,8.00
2010.08.31 11:21:00.147,0.74855,0.7487,1.00,7.20
2010.08.31 11:21:00.227,0.74855,0.7487,1.00,3.20
2010.08.31 11:21:00.305,0.74855,0.7487,1.00,1.60
2010.08.31 11:21:00.867,0.74855,0.7487,1.00,1.00
2010.08.31 11:21:02.673,0.74855,0.7487,3.20,1.00
2010.08.31 11:21:02.776,0.74855,0.74875,3.20,6.40
2010.08.31 11:21:03.159,0.74855,0.74875,3.20,6.40
2010.08.31 11:21:03.328,0.74855,0.7487,1.00,2.40
2010.08.31 11:21:03.499,0.74855,0.7487,2.40,1.00
2010.08.31 11:21:04.355,0.7485,0.7487,1.00,6.60
2010.08.31 11:21:04.609,0.7485,0.7487,1.00,7.40
2010.08.31 11:21:05.109,0.74845,0.7487,4.60,8.30
2010.08.31 11:21:06.112,0.74845,0.7487,4.60,8.00
2010.08.31 11:21:07.976,0.7485,0.7487,1.60,6.40
2010.08.31 11:21:11.547,0.74845,0.7487,4.60,8.00
2010.08.31 11:21:11.841,0.74845,0.74865,4.50,1.00
2010.08.31 11:21:12.849,0.74845,0.7487,4.60,6.40
2010.08.31 11:21:13.130,0.74845,0.74865,3.70,3.20
2010.08.31 11:21:14.303,0.74845,0.74865,3.70,3.30
2010.08.31 11:21:14.593,0.74845,0.74865,3.50,3.30
2010.08.31 11:21:15.637,0.74845,0.74865,3.60,3.20
2010.08.31 11:21:15.806,0.74845,0.74865,3.70,3.20
2010.08.31 11:21:16.875,0.74845,0.74865,4.10,3.20
2010.08.31 11:21:17.128,0.74845,0.74865,3.90,3.30
2010.08.31 11:21:19.603,0.74845,0.74865,2.00,6.40
2010.08.31 11:21:19.788,0.74845,0.7486,2.00,2.40
2010.08.31 11:21:19.971,0.74845,0.7486,1.00,2.40
2010.08.31 11:21:20.972,0.74845,0.7486,1.00,3.20
2010.08.31 11:21:21.306,0.74845,0.7486,1.00,2.40
2010.08.31 11:21:21.635,0.74845,0.7486,1.00,2.40
2010.08.31 11:21:22.277,0.74845,0.7486,2.00,2.40
2010.08.31 11:21:22.509,0.74845,0.7486,1.00,2.40
2010.08.31 11:21:24.009,0.74845,0.7486,1.00,2.90
2010.08.31 11:21:24.172,0.74845,0.7486,1.00,2.80
2010.08.31 11:21:24.688,0.74845,0.7486,1.00,5.20
2010.08.31 11:21:25.507,0.74845,0.7486,1.00,6.90
2010.08.31 11:21:26.189,0.74845,0.74855,1.00,1.00
2010.08.31 11:21:27.381,0.74845,0.7485,1.00,1.00
2010.08.31 11:21:28.056,0.74845,0.74855,1.00,2.10
2010.08.31 11:21:28.737,0.74845,0.74855,1.00,3.70
2010.08.31 11:21:28.856,0.74845,0.74855,1.00,6.80
2010.08.31 11:21:28.981,0.7483,0.7485,7.10,1.00
2010.08.31 11:21:29.459,0.7483,0.7485,5.50,3.20
2010.08.31 11:21:29.586,0.74835,0.7485,1.00,4.50
2010.08.31 11:21:31.098,0.74835,0.7485,1.00,4.10
2010.08.31 11:21:31.298,0.74835,0.7485,1.00,2.10
2010.08.31 11:21:31.702,0.7483,0.7485,2.40,6.10
2010.08.31 11:21:32.319,0.74825,0.74845,9.90,2.40
2010.08.31 11:21:32.621,0.74825,0.7484,2.40,1.00
2010.08.31 11:21:32.915,0.7482,0.74845,4.40,8.40
2010.08.31 11:21:33.192,0.74825,0.74845,2.40,8.40
2010.08.31 11:21:33.641,0.74825,0.74845,1.60,8.40
2010.08.31 11:21:33.925,0.7482,0.74835,3.90,2.40
2010.08.31 11:21:34.222,0.74815,0.74835,2.90,4.00
2010.08.31 11:21:34.936,0.74815,0.74835,2.40,4.00
2010.08.31 11:21:35.245,0.7481,0.74825,2.40,1.00
2010.08.31 11:21:35.560,0.7481,0.74825,1.00,1.00
2010.08.31 11:21:36.273,0.74805,0.7482,1.60,1.00
2010.08.31 11:21:36.574,0.748,0.7482,6.40,6.00
2010.08.31 11:21:36.852,0.748,0.7482,4.80,6.00
2010.08.31 11:21:37.129,0.748,0.7482,2.40,6.20
2010.08.31 11:21:37.571,0.748,0.7482,2.40,6.20
2010.08.31 11:21:37.845,0.748,0.7482,1.60,7.10
2010.08.31 11:21:38.122,0.74795,0.74815,2.70,1.60
2010.08.31 11:21:39.209,0.74795,0.74815,2.70,1.60
2010.08.31 11:21:39.537,0.74795,0.74815,2.80,1.60
2010.08.31 11:21:40.118,0.74795,0.74815,2.90,1.60
2010.08.31 11:21:40.842,0.748,0.7482,1.00,6.10
2010.08.31 11:21:41.113,0.748,0.7482,3.20,6.10
2010.08.31 11:21:41.637,0.748,0.7482,1.00,6.10
2010.08.31 11:21:44.276,0.748,0.7482,2.40,6.10
2010.08.31 11:21:45.026,0.748,0.7482,1.00,6.10
2010.08.31 11:21:45.308,0.74795,0.7482,8.50,6.50
2010.08.31 11:21:47.447,0.74795,0.7482,8.10,6.90
2010.08.31 11:21:48.031,0.74795,0.7482,8.30,6.90
2010.08.31 11:21:48.315,0.748,0.7482,4.10,1.60
2010.08.31 11:21:48.438,0.748,0.7482,1.70,4.80
2010.08.31 11:21:49.277,0.74805,0.7482,1.00,3.20
2010.08.31 11:21:49.596,0.74805,0.7482,1.00,1.00
2010.08.31 11:21:51.030,0.748,0.7482,3.90,1.20
2010.08.31 11:21:51.278,0.748,0.7482,3.90,1.30
2010.08.31 11:21:51.436,0.748,0.7482,1.50,2.90
2010.08.31 11:21:51.737,0.748,0.7482,3.90,2.90
2010.08.31 11:21:53.098,0.74805,0.7482,1.00,2.90
2010.08.31 11:21:53.257,0.74805,0.7482,1.00,2.80
2010.08.31 11:21:53.580,0.748,0.7482,1.00,5.20
2010.08.31 11:21:53.749,0.74795,0.74815,5.90,1.60
2010.08.31 11:21:53.998,0.74795,0.74815,5.70,1.60
2010.08.31 11:21:54.997,0.748,0.74815,1.60,1.00
2010.08.31 11:21:55.126,0.74795,0.7481,9.50,1.00
2010.08.31 11:21:55.253,0.74795,0.74815,9.50,1.00
2010.08.31 11:21:55.779,0.74795,0.74815,7.10,2.80
2010.08.31 11:21:55.913,0.74795,0.7481,5.50,1.00
2010.08.31 11:21:56.601,0.74795,0.7481,4.70,1.00
2010.08.31 11:21:57.348,0.74795,0.7481,4.00,1.00
2010.08.31 11:21:57.647,0.74785,0.748,3.90,2.40
2010.08.31 11:21:57.945,0.74785,0.748,2.40,2.80
2010.08.31 11:21:58.599,0.74785,0.748,1.60,2.40
2010.08.31 11:21:58.837,0.74785,0.74805,4.80,4.50
2010.08.31 11:21:59.361,0.74785,0.748,4.80,1.00
2010.08.31 11:22:00.330,0.74785,0.74805,4.80,4.40
2010.08.31 11:22:01.711,0.74785,0.748,4.80,1.00
2010.08.31 11:22:01.958,0.74785,0.748,1.60,2.40
2010.08.31 11:22:02.481,0.74785,0.748,1.60,2.50
2010.08.31 11:22:03.363,0.7478,0.748,3.90,3.60
2010.08.31 11:22:05.195,0.74775,0.7479,3.10,2.40
2010.08.31 11:22:05.535,0.74775,0.74785,1.00,2.40
2010.08.31 11:22:05.859,0.74775,0.74785,2.40,2.40
2010.08.31 11:22:06.428,0.74775,0.7479,2.40,1.90
2010.08.31 11:22:06.642,0.74775,0.7479,1.60,2.40
2010.08.31 11:22:06.840,0.74775,0.7479,1.60,2.80
2010.08.31 11:22:07.610,0.74775,0.7479,1.60,2.80
2010.08.31 11:22:08.641,0.74775,0.7479,2.40,2.40
2010.08.31 11:22:08.859,0.74775,0.74795,4.00,3.40
2010.08.31 11:22:08.967,0.74775,0.74795,4.00,3.00
2010.08.31 11:22:09.542,0.74775,0.74795,4.00,4.60
2010.08.31 11:22:09.658,0.74775,0.74795,4.00,4.60
2010.08.31 11:22:09.984,0.74775,0.74795,3.10,6.20
2010.08.31 11:22:10.302,0.74775,0.7479,1.60,2.40
2010.08.31 11:22:11.020,0.74775,0.7479,1.60,2.40
2010.08.31 11:22:11.588,0.74775,0.7479,2.40,2.40
2010.08.31 11:22:11.780,0.74775,0.7479,3.10,2.40
2010.08.31 11:22:12.385,0.74775,0.74795,6.30,1.00
2010.08.31 11:22:12.868,0.74775,0.748,6.30,7.00
2010.08.31 11:22:13.110,0.74775,0.748,6.50,7.10
2010.08.31 11:22:14.135,0.7478,0.748,1.00,6.00
2010.08.31 11:22:14.487,0.7478,0.748,1.00,7.00
2010.08.31 11:22:15.074,0.7478,0.74795,1.00,1.00
2010.08.31 11:22:15.404,0.74775,0.74795,5.70,2.80
2010.08.31 11:22:15.729,0.74775,0.74795,7.90,1.00
2010.08.31 11:22:16.031,0.74775,0.74795,8.30,1.00
2010.08.31 11:22:16.771,0.7478,0.748,6.30,2.50
2010.08.31 11:22:17.220,0.74785,0.748,1.60,2.50
2010.08.31 11:22:17.902,0.74785,0.74805,1.60,5.20
2010.08.31 11:22:18.256,0.7479,0.74805,2.40,1.00
2010.08.31 11:22:18.799,0.7479,0.74805,2.40,1.10
2010.08.31 11:22:19.067,0.74785,0.74805,4.70,2.00
2010.08.31 11:22:20.066,0.74785,0.74805,5.50,2.00
2010.08.31 11:22:22.736,0.74785,0.74805,4.70,2.00
2010.08.31 11:22:24.239,0.74785,0.748,4.70,1.00
2010.08.31 11:22:24.539,0.74785,0.748,1.60,1.00
2010.08.31 11:22:24.689,0.7479,0.74805,2.40,1.70
2010.08.31 11:22:24.990,0.74785,0.74805,7.20,2.00
2010.08.31 11:22:25.584,0.74785,0.74805,6.40,2.80
2010.08.31 11:22:25.799,0.74785,0.74805,4.80,2.80
2010.08.31 11:22:26.221,0.74785,0.74805,4.80,2.80
2010.08.31 11:22:26.717,0.74785,0.74805,2.40,2.80
2010.08.31 11:22:27.119,0.74785,0.74805,4.80,2.90
2010.08.31 11:22:28.280,0.74785,0.74805,4.00,2.90
2010.08.31 11:22:28.605,0.7478,0.748,3.30,3.40
2010.08.31 11:22:28.923,0.7478,0.748,1.70,5.40
2010.08.31 11:22:29.161,0.7478,0.748,1.60,5.00
2010.08.31 11:22:30.260,0.7478,0.748,1.60,5.10
2010.08.31 11:22:30.502,0.74785,0.748,2.40,4.10
2010.08.31 11:22:30.622,0.7479,0.748,2.40,1.60
2010.08.31 11:22:30.740,0.7479,0.748,2.40,1.00
2010.08.31 11:22:30.859,0.7479,0.74805,2.40,4.20
2010.08.31 11:22:30.979,0.74785,0.748,2.40,1.00
2010.08.31 11:22:31.097,0.74785,0.748,2.40,2.60
2010.08.31 11:22:31.218,0.74785,0.748,1.60,2.60
2010.08.31 11:22:31.637,0.74785,0.748,1.60,2.40
2010.08.31 11:22:31.896,0.74785,0.74805,4.00,2.80
2010.08.31 11:22:32.655,0.7479,0.74805,2.40,2.00
2010.08.31 11:22:32.769,0.7479,0.74805,2.40,1.10
2010.08.31 11:22:32.878,0.74785,0.74805,3.10,5.10
2010.08.31 11:22:32.987,0.74785,0.74805,3.10,6.30
2010.08.31 11:22:33.099,0.74785,0.74805,2.30,6.30
2010.08.31 11:22:33.656,0.74785,0.74805,4.70,2.10
2010.08.31 11:22:35.028,0.74785,0.74805,4.80,2.00
2010.08.31 11:22:35.361,0.74785,0.74805,5.60,1.00
2010.08.31 11:22:35.797,0.7479,0.74805,1.00,1.00
2010.08.31 11:22:36.020,0.7479,0.7481,4.00,7.80
2010.08.31 11:22:36.239,0.7479,0.7481,1.60,7.80
2010.08.31 11:22:36.481,0.7479,0.74805,1.60,1.00
2010.08.31 11:22:37.717,0.74785,0.74805,6.70,1.00
2010.08.31 11:22:38.718,0.7479,0.74805,1.60,1.00
2010.08.31 11:22:39.244,0.7479,0.7481,2.40,2.00
2010.08.31 11:22:39.499,0.7479,0.74805,4.00,1.00
2010.08.31 11:22:39.779,0.74785,0.74805,3.90,1.30
2010.08.31 11:22:40.561,0.74785,0.74805,1.60,6.80
2010.08.31 11:22:40.770,0.74785,0.74805,1.60,6.90
2010.08.31 11:22:41.765,0.74785,0.74805,4.00,2.90
2010.08.31 11:22:44.257,0.74785,0.74805,4.80,2.90
2010.08.31 11:22:44.890,0.74785,0.74805,4.80,2.80
2010.08.31 11:22:45.247,0.74785,0.74805,4.80,2.40
2010.08.31 11:22:46.986,0.74785,0.74805,1.60,7.80
2010.08.31 11:22:47.200,0.74785,0.74805,1.70,7.80
2010.08.31 11:22:47.408,0.74785,0.74805,1.60,7.50
2010.08.31 11:22:49.548,0.74785,0.74805,1.60,5.80
2010.08.31 11:22:49.897,0.74785,0.74805,1.60,5.80
2010.08.31 11:22:50.583,0.74785,0.74805,2.40,4.80
2010.08.31 11:22:50.727,0.74785,0.74805,4.80,2.40
2010.08.31 11:22:50.869,0.7479,0.74805,1.60,2.40
2010.08.31 11:22:51.008,0.7479,0.74805,1.60,1.00
2010.08.31 11:22:51.491,0.7479,0.7481,1.60,7.80
2010.08.31 11:22:51.651,0.74785,0.74805,6.30,1.00
2010.08.31 11:22:51.802,0.74785,0.74805,3.20,4.60
2010.08.31 11:22:51.952,0.74785,0.748,2.40,1.00
2010.08.31 11:22:52.102,0.7478,0.74795,2.30,1.80
2010.08.31 11:22:52.628,0.7478,0.7479,1.60,2.40
2010.08.31 11:22:52.914,0.74775,0.7479,1.60,3.20
2010.08.31 11:22:54.383,0.74775,0.7479,1.60,3.20
2010.08.31 11:22:55.202,0.74775,0.7479,1.60,4.00
2010.08.31 11:22:56.109,0.7477,0.7479,2.40,4.00
2010.08.31 11:22:56.350,0.74775,0.7479,1.60,4.00
2010.08.31 11:22:57.238,0.74775,0.7479,1.60,4.10
2010.08.31 11:22:57.494,0.7477,0.7479,2.30,4.10
2010.08.31 11:22:57.752,0.7477,0.74785,2.30,1.00
2010.08.31 11:22:59.260,0.7477,0.7479,2.30,4.50
2010.08.31 11:23:00.038,0.7477,0.7479,2.50,4.40
2010.08.31 11:23:01.111,0.74775,0.7479,1.60,3.60
2010.08.31 11:23:01.349,0.74775,0.7479,4.00,1.00
2010.08.31 11:23:02.826,0.74775,0.74795,4.00,6.90
2010.08.31 11:23:02.958,0.74775,0.74795,4.00,7.00
2010.08.31 11:23:03.077,0.74775,0.74795,4.00,7.00
2010.08.31 11:23:04.337,0.74775,0.7479,4.00,1.00
2010.08.31 11:23:04.467,0.74775,0.7479,1.60,4.00
2010.08.31 11:23:04.729,0.7477,0.7479,2.90,4.00
2010.08.31 11:23:09.416,0.7477,0.7479,2.50,4.00
2010.08.31 11:23:10.195,0.7477,0.7479,2.90,4.00
2010.08.31 11:23:10.493,0.7477,0.7479,2.50,4.00
2010.08.31 11:23:10.940,0.74775,0.7479,1.60,4.00
2010.08.31 11:23:11.170,0.7477,0.7479,2.50,4.00
2010.08.31 11:23:11.859,0.74775,0.7479,1.60,4.00
2010.08.31 11:23:13.180,0.7477,0.7479,2.50,4.00
2010.08.31 11:23:13.706,0.7477,0.7479,2.90,4.00
2010.08.31 11:23:13.796,0.74775,0.7479,1.60,2.40
2010.08.31 11:23:15.106,0.7478,0.74805,5.00,2.80
2010.08.31 11:23:15.273,0.7478,0.74805,3.90,5.20
2010.08.31 11:23:16.022,0.7478,0.748,3.10,1.20
2010.08.31 11:23:16.195,0.7478,0.748,2.30,3.60
