2009.11.05 08:00:00.658,0.81765,0.8179,8.90,1.00
2009.11.05 08:00:01.008,0.81765,0.8179,4.10,3.00
2009.11.05 08:00:01.117,0.81765,0.8179,1.00,10.10
2009.11.05 08:00:01.287,0.8176,0.81785,4.10,2.80
2009.11.05 08:00:01.567,0.8176,0.81785,1.00,6.80
2009.11.05 08:00:02.317,0.8176,0.81785,1.00,6.80
2009.11.05 08:00:02.547,0.8176,0.81785,1.00,2.80
2009.11.05 08:00:02.787,0.81765,0.8179,3.20,7.80
2009.11.05 08:00:03.027,0.81765,0.8179,3.30,7.60
2009.11.05 08:00:04.326,0.81765,0.8179,2.50,7.60
2009.11.05 08:00:04.856,0.8177,0.8179,1.00,7.60
2009.11.05 08:00:05.906,0.81765,0.81785,4.90,4.00
2009.11.05 08:00:06.026,0.8177,0.8179,4.30,4.00
2009.11.05 08:00:06.146,0.81775,0.8179,3.20,4.00
2009.11.05 08:00:06.256,0.81775,0.81795,3.20,4.00
2009.11.05 08:00:06.436,0.81775,0.81795,2.40,4.00
2009.11.05 08:00:06.666,0.81775,0.818,2.40,8.40
2009.11.05 08:00:06.776,0.81775,0.818,2.40,7.60
2009.11.05 08:00:06.896,0.81775,0.818,2.50,7.80
2009.11.05 08:00:07.406,0.81775,0.818,2.70,7.60
2009.11.05 08:00:07.756,0.81775,0.818,1.00,6.00
2009.11.05 08:00:08.096,0.81775,0.818,2.40,9.40
2009.11.05 08:00:08.326,0.81775,0.81795,2.40,4.00
2009.11.05 08:00:08.665,0.81775,0.81795,4.80,4.00
2009.11.05 08:00:08.845,0.81775,0.818,6.30,2.80
2009.11.05 08:00:09.066,0.81775,0.818,1.30,6.00
2009.11.05 08:00:09.415,0.8177,0.81795,3.30,5.60
2009.11.05 08:00:09.755,0.8177,0.81795,3.80,4.00
2009.11.05 08:00:10.095,0.81775,0.818,2.50,9.20
2009.11.05 08:00:10.815,0.8178,0.818,1.00,9.20
2009.11.05 08:00:11.775,0.81775,0.818,2.50,9.40
2009.11.05 08:00:11.885,0.81775,0.818,1.00,11.00
2009.11.05 08:00:12.005,0.8177,0.81795,2.40,1.60
2009.11.05 08:00:12.365,0.8177,0.81795,2.40,6.40
2009.11.05 08:00:12.485,0.8177,0.81795,2.40,2.40
2009.11.05 08:00:12.774,0.81775,0.81795,2.40,2.40
2009.11.05 08:00:13.064,0.81775,0.818,3.20,4.80
2009.11.05 08:00:13.354,0.81775,0.818,4.00,1.00
2009.11.05 08:00:13.634,0.81775,0.818,12.30,1.00
2009.11.05 08:00:13.874,0.81775,0.818,15.50,1.00
2009.11.05 08:00:14.154,0.8178,0.818,7.30,1.00
2009.11.05 08:00:14.435,0.81775,0.81805,14.40,4.80
2009.11.05 08:00:15.724,0.8178,0.81805,8.10,1.00
2009.11.05 08:00:16.174,0.81785,0.81805,1.00,1.00
2009.11.05 08:00:16.414,0.81785,0.81805,2.40,1.00
2009.11.05 08:00:16.644,0.8178,0.8181,12.40,3.20
2009.11.05 08:00:16.884,0.8178,0.8181,9.20,3.20
2009.11.05 08:00:17.673,0.8179,0.8181,4.00,1.00
2009.11.05 08:00:18.023,0.81785,0.8181,7.50,1.00
2009.11.05 08:00:18.193,0.81785,0.8181,3.50,1.00
2009.11.05 08:00:18.593,0.81785,0.8181,1.10,3.20
2009.11.05 08:00:18.763,0.8178,0.8181,9.40,3.20
2009.11.05 08:00:19.043,0.8178,0.8181,9.40,7.20
2009.11.05 08:00:19.403,0.8178,0.8181,9.40,6.40
2009.11.05 08:00:19.743,0.8178,0.8181,9.60,2.50
2009.11.05 08:00:20.082,0.81785,0.8181,4.90,2.40
2009.11.05 08:00:20.423,0.81785,0.81815,7.70,9.40
2009.11.05 08:00:20.772,0.81785,0.8181,1.30,2.40
2009.11.05 08:00:21.163,0.81785,0.8181,1.00,2.40
2009.11.05 08:00:21.522,0.8179,0.81815,3.20,1.20
2009.11.05 08:00:21.703,0.8179,0.81815,3.20,1.00
2009.11.05 08:00:22.322,0.8179,0.81815,3.20,4.40
2009.11.05 08:00:22.672,0.8179,0.81815,3.50,4.40
2009.11.05 08:00:22.852,0.8179,0.81815,3.50,1.00
2009.11.05 08:00:23.022,0.8179,0.8182,3.50,10.20
2009.11.05 08:00:23.862,0.81795,0.8182,3.60,4.60
2009.11.05 08:00:24.672,0.8179,0.8182,7.30,7.10
2009.11.05 08:00:25.012,0.81795,0.8182,1.00,6.20
2009.11.05 08:00:25.312,0.8179,0.8182,8.10,6.20
2009.11.05 08:00:25.641,0.8179,0.8182,8.30,6.20
2009.11.05 08:00:25.981,0.81795,0.8182,3.30,3.80
2009.11.05 08:00:26.321,0.81795,0.8182,7.30,3.80
2009.11.05 08:00:26.961,0.81795,0.8182,7.50,1.00
2009.11.05 08:00:27.291,0.81795,0.81815,4.00,7.90
2009.11.05 08:00:27.581,0.818,0.8181,4.00,6.00
2009.11.05 08:00:27.871,0.81785,0.8181,1.00,6.40
2009.11.05 08:00:28.341,0.81785,0.8181,1.00,7.00
2009.11.05 08:00:28.631,0.81785,0.8181,1.00,11.00
2009.11.05 08:00:29.140,0.81775,0.8181,5.10,11.80
2009.11.05 08:00:29.490,0.81775,0.8181,5.10,11.00
2009.11.05 08:00:29.780,0.81775,0.8181,5.10,11.80
2009.11.05 08:00:30.490,0.81775,0.81805,5.10,1.00
2009.11.05 08:00:30.840,0.81775,0.81805,6.40,4.40
2009.11.05 08:00:31.170,0.81775,0.81805,10.40,1.00
2009.11.05 08:00:31.870,0.81785,0.81805,4.00,1.00
2009.11.05 08:00:31.980,0.81785,0.8181,4.00,1.20
2009.11.05 08:00:32.670,0.81785,0.8181,4.00,1.00
2009.11.05 08:00:32.959,0.8178,0.8181,1.00,4.40
2009.11.05 08:00:34.389,0.8178,0.8181,1.00,5.20
2009.11.05 08:00:34.739,0.81785,0.8181,1.00,5.20
2009.11.05 08:00:35.089,0.81785,0.8181,1.00,1.00
2009.11.05 08:00:35.439,0.81785,0.81815,5.10,6.50
2009.11.05 08:00:36.129,0.81785,0.81815,5.10,6.40
2009.11.05 08:00:36.479,0.8179,0.81815,4.00,6.40
2009.11.05 08:00:36.599,0.81795,0.81815,1.00,4.00
2009.11.05 08:00:36.899,0.81795,0.8182,1.00,4.00
2009.11.05 08:00:37.069,0.8179,0.8182,7.50,4.00
2009.11.05 08:00:37.239,0.8179,0.8182,4.00,7.60
2009.11.05 08:00:37.358,0.81785,0.8182,17.10,7.60
2009.11.05 08:00:37.588,0.81785,0.8182,13.10,7.60
2009.11.05 08:00:38.258,0.81785,0.8182,12.30,7.60
2009.11.05 08:00:38.498,0.8178,0.81815,13.50,4.60
2009.11.05 08:00:38.738,0.8178,0.81815,13.60,4.40
2009.11.05 08:00:38.978,0.8178,0.81815,17.60,1.00
2009.11.05 08:00:39.208,0.8178,0.81815,13.60,4.40
2009.11.05 08:00:43.087,0.8178,0.81815,13.50,4.60
2009.11.05 08:00:51.085,0.8178,0.81815,10.30,7.80
2009.11.05 08:00:51.425,0.8178,0.81815,10.30,8.60
2009.11.05 08:00:51.665,0.8178,0.8181,3.90,4.00
2009.11.05 08:00:51.775,0.8178,0.8181,4.30,6.40
2009.11.05 08:00:52.625,0.8178,0.8181,8.30,6.40
2009.11.05 08:00:52.855,0.8178,0.81815,9.50,7.80
2009.11.05 08:00:53.596,0.8178,0.81815,12.70,5.40
2009.11.05 08:00:53.765,0.8178,0.8181,9.50,1.00
2009.11.05 08:00:54.604,0.8178,0.8181,8.70,1.00
2009.11.05 08:00:54.994,0.8178,0.8181,1.00,4.40
2009.11.05 08:00:55.344,0.81775,0.8181,10.30,7.00
2009.11.05 08:00:55.674,0.81775,0.81805,6.30,4.00
2009.11.05 08:00:55.954,0.81775,0.81805,5.20,4.00
2009.11.05 08:00:56.294,0.81775,0.81805,5.20,7.60
2009.11.05 08:00:57.004,0.81775,0.81805,4.40,7.60
2009.11.05 08:00:59.253,0.81775,0.81805,4.00,7.60
2009.11.05 08:00:59.593,0.81775,0.81805,4.00,8.40
2009.11.05 08:00:59.923,0.8178,0.818,2.40,2.40
2009.11.05 08:01:00.273,0.8177,0.818,8.10,2.40
2009.11.05 08:01:00.963,0.8177,0.818,8.10,2.80
2009.11.05 08:01:01.193,0.8177,0.818,8.90,2.80
2009.11.05 08:01:01.473,0.8177,0.818,8.90,3.00
2009.11.05 08:01:02.273,0.8177,0.818,8.10,7.00
2009.11.05 08:01:02.862,0.8177,0.818,4.90,9.40
2009.11.05 08:01:02.973,0.8177,0.81795,4.10,7.60
2009.11.05 08:01:03.262,0.81765,0.81795,8.10,11.60
2009.11.05 08:01:03.492,0.81765,0.8179,5.70,4.40
2009.11.05 08:01:04.192,0.81765,0.8179,6.50,4.40
2009.11.05 08:01:04.892,0.81765,0.8179,5.70,4.60
2009.11.05 08:01:07.131,0.81765,0.8179,5.70,4.10
2009.11.05 08:01:07.571,0.81765,0.8179,6.50,4.10
2009.11.05 08:01:07.691,0.81765,0.8179,6.50,2.50
2009.11.05 08:01:07.811,0.81765,0.8179,8.90,1.00
2009.11.05 08:01:07.931,0.81765,0.8179,9.70,1.00
2009.11.05 08:01:08.051,0.81765,0.81795,9.70,8.10
2009.11.05 08:01:08.162,0.81765,0.81795,5.70,8.10
2009.11.05 08:01:08.271,0.81765,0.81795,9.70,4.10
2009.11.05 08:01:09.141,0.81765,0.8179,9.70,1.00
2009.11.05 08:01:10.990,0.81765,0.81795,9.90,4.10
2009.11.05 08:01:16.689,0.8177,0.81795,1.00,7.30
2009.11.05 08:01:16.869,0.8177,0.8179,1.00,2.40
2009.11.05 08:01:18.019,0.8177,0.8179,1.00,4.40
2009.11.05 08:01:18.299,0.8176,0.81785,4.90,2.40
2009.11.05 08:01:18.569,0.8176,0.81785,4.80,2.50
2009.11.05 08:01:18.739,0.81755,0.81785,11.60,2.50
2009.11.05 08:01:18.909,0.81755,0.81785,7.60,2.50
2009.11.05 08:01:19.088,0.81755,0.81785,1.00,6.50
2009.11.05 08:01:19.268,0.81755,0.81785,1.00,10.20
2009.11.05 08:01:19.788,0.81755,0.81785,5.20,6.50
2009.11.05 08:01:20.128,0.81755,0.81785,9.20,6.50
2009.11.05 08:01:21.008,0.81755,0.81785,5.20,6.50
2009.11.05 08:01:22.738,0.81755,0.81785,4.10,6.50
2009.11.05 08:01:22.858,0.81755,0.81785,1.00,6.50
2009.11.05 08:01:23.597,0.81755,0.81785,1.00,7.00
2009.11.05 08:01:23.877,0.81755,0.81785,1.00,11.00
2009.11.05 08:01:24.117,0.81755,0.81785,1.00,10.20
2009.11.05 08:01:27.516,0.81755,0.81785,1.00,11.00
2009.11.05 08:01:27.636,0.81755,0.81785,1.00,14.20
2009.11.05 08:01:28.417,0.81755,0.8178,4.00,4.90
2009.11.05 08:01:28.706,0.81755,0.81785,1.00,11.80
2009.11.05 08:01:29.466,0.81755,0.81785,1.00,11.00
2009.11.05 08:01:31.115,0.81755,0.81785,1.00,7.80
2009.11.05 08:01:31.175,0.81755,0.81785,3.30,5.40
2009.11.05 08:01:31.276,0.81755,0.81785,3.30,4.00
2009.11.05 08:01:31.335,0.81755,0.81785,3.70,4.00
2009.11.05 08:01:31.446,0.81755,0.8179,7.70,10.00
2009.11.05 08:01:31.725,0.81755,0.8179,8.50,10.00
2009.11.05 08:01:31.785,0.81755,0.8179,12.80,10.00
2009.11.05 08:01:33.355,0.81755,0.8179,12.80,9.20
2009.11.05 08:01:33.685,0.81755,0.8179,12.80,8.40
2009.11.05 08:01:34.265,0.81755,0.8179,12.70,8.60
2009.11.05 08:01:34.605,0.81755,0.8179,13.50,7.80
2009.11.05 08:01:34.995,0.81755,0.8179,13.60,7.60
2009.11.05 08:01:40.203,0.8178,0.81805,7.30,1.60
2009.11.05 08:01:40.533,0.81785,0.81805,5.50,1.60
2009.11.05 08:01:40.883,0.81785,0.81805,12.50,1.00
2009.11.05 08:01:41.613,0.81785,0.8182,11.70,8.60
2009.11.05 08:01:41.953,0.8179,0.8182,2.90,7.80
2009.11.05 08:01:42.303,0.8179,0.8182,2.90,7.00
2009.11.05 08:01:42.643,0.8179,0.8182,3.70,4.60
2009.11.05 08:01:43.263,0.81795,0.81815,4.10,4.00
2009.11.05 08:01:43.553,0.81795,0.81825,4.30,6.00
2009.11.05 08:01:43.843,0.81795,0.81825,5.40,4.80
2009.11.05 08:01:44.253,0.818,0.81825,6.00,4.00
2009.11.05 08:01:44.542,0.818,0.81825,7.70,4.00
2009.11.05 08:01:44.992,0.81805,0.8183,3.30,4.80
2009.11.05 08:01:45.342,0.81805,0.8183,5.20,1.00
2009.11.05 08:01:45.702,0.8181,0.81835,5.10,5.60
2009.11.05 08:01:46.032,0.8181,0.81835,3.50,10.40
2009.11.05 08:01:46.372,0.8181,0.81835,4.90,9.70
2009.11.05 08:01:46.772,0.8181,0.81835,5.10,5.60
2009.11.05 08:01:47.282,0.8181,0.81835,5.10,1.60
2009.11.05 08:01:47.822,0.81815,0.8184,5.70,6.50
2009.11.05 08:01:48.742,0.8182,0.8184,1.00,1.60
2009.11.05 08:01:49.661,0.81815,0.8184,2.90,5.70
2009.11.05 08:01:50.951,0.81815,0.8184,2.90,1.70
2009.11.05 08:01:51.821,0.81815,0.8184,3.50,1.70
2009.11.05 08:01:54.200,0.81815,0.8184,3.70,1.60
2009.11.05 08:01:54.440,0.8181,0.8184,2.40,12.60
2009.11.05 08:01:55.190,0.81815,0.8184,1.00,12.60
2009.11.05 08:01:56.589,0.81815,0.8184,1.00,11.80
2009.11.05 08:01:57.089,0.81815,0.8184,1.00,12.60
2009.11.05 08:01:57.139,0.81815,0.8184,1.00,13.40
2009.11.05 08:01:57.980,0.8181,0.8184,1.00,18.30
2009.11.05 08:02:01.298,0.81805,0.8183,8.00,1.00
2009.11.05 08:02:02.208,0.81815,0.8183,2.40,1.00
2009.11.05 08:02:02.498,0.8181,0.8183,6.00,1.00
2009.11.05 08:02:02.788,0.81815,0.8184,2.40,5.70
2009.11.05 08:02:03.418,0.8182,0.8184,3.60,1.70
2009.11.05 08:02:03.588,0.8182,0.8184,3.60,5.70
2009.11.05 08:02:03.758,0.81815,0.8184,1.00,8.10
2009.11.05 08:02:04.098,0.81815,0.81835,1.00,15.60
2009.11.05 08:02:04.448,0.81805,0.81835,3.70,15.60
2009.11.05 08:02:04.798,0.81805,0.8183,4.50,4.00
2009.11.05 08:02:05.177,0.81805,0.8183,3.70,4.10
2009.11.05 08:02:18.185,0.81805,0.8183,1.30,6.50
2009.11.05 08:02:18.344,0.81805,0.8183,3.70,7.80
2009.11.05 08:02:19.604,0.81805,0.8183,4.50,7.80
2009.11.05 08:02:19.944,0.81805,0.8183,2.80,6.00
2009.11.05 08:02:20.294,0.818,0.8182,1.00,1.60
2009.11.05 08:02:20.644,0.818,0.81825,3.60,7.60
2009.11.05 08:02:21.623,0.818,0.81825,2.40,4.00
2009.11.05 08:02:21.923,0.818,0.81825,2.40,4.10
2009.11.05 08:02:22.563,0.818,0.81825,2.40,5.70
2009.11.05 08:02:22.783,0.81795,0.8182,3.90,1.00
2009.11.05 08:02:23.013,0.81795,0.8182,3.50,4.10
2009.11.05 08:02:23.763,0.81795,0.8182,3.50,4.60
2009.11.05 08:02:23.993,0.81795,0.8182,3.70,4.10
2009.11.05 08:02:29.441,0.818,0.8182,1.00,4.00
2009.11.05 08:02:29.781,0.81795,0.8182,3.70,4.10
2009.11.05 08:02:32.411,0.81795,0.8182,3.70,4.10
2009.11.05 08:02:35.050,0.818,0.8182,2.60,4.00
2009.11.05 08:02:35.380,0.818,0.8182,2.40,1.00
2009.11.05 08:02:35.730,0.818,0.8182,2.40,4.10
2009.11.05 08:02:37.879,0.81805,0.8182,4.00,4.10
2009.11.05 08:02:38.179,0.81805,0.8182,3.70,4.00
2009.11.05 08:02:38.460,0.81805,0.8183,4.50,4.90
2009.11.05 08:02:38.759,0.8181,0.8183,3.20,4.00
2009.11.05 08:02:39.059,0.8181,0.81835,3.20,4.10
2009.11.05 08:02:40.679,0.8181,0.81835,2.40,4.10
2009.11.05 08:02:41.019,0.81805,0.81835,1.70,15.60
2009.11.05 08:02:41.259,0.818,0.8183,4.40,11.00
2009.11.05 08:02:43.758,0.818,0.81825,1.20,6.40
2009.11.05 08:02:43.818,0.818,0.81825,1.20,6.70
2009.11.05 08:02:43.878,0.81795,0.81825,9.60,8.30
2009.11.05 08:02:44.038,0.81795,0.81825,5.60,12.20
2009.11.05 08:02:44.098,0.81795,0.8182,4.80,4.10
2009.11.05 08:02:44.428,0.81795,0.8182,3.70,4.10
2009.11.05 08:02:50.606,0.818,0.81825,3.70,5.70
2009.11.05 08:03:01.804,0.818,0.81825,3.70,9.40
2009.11.05 08:03:02.154,0.818,0.81825,3.50,9.40
2009.11.05 08:03:04.933,0.818,0.81825,2.50,9.40
2009.11.05 08:03:11.321,0.81795,0.8182,1.00,4.20
2009.11.05 08:03:11.491,0.8179,0.8182,8.50,12.70
2009.11.05 08:03:11.611,0.8179,0.81815,4.50,5.70
2009.11.05 08:03:12.701,0.8179,0.81815,5.30,5.70
2009.11.05 08:03:12.991,0.8179,0.81815,8.50,4.10
2009.11.05 08:03:13.161,0.81795,0.81815,5.60,4.10
2009.11.05 08:03:13.331,0.81795,0.81815,6.40,4.10
2009.11.05 08:03:13.981,0.81795,0.81825,6.40,16.60
2009.11.05 08:03:14.541,0.818,0.81825,1.00,16.50
2009.11.05 08:03:14.771,0.818,0.81825,1.00,16.60
2009.11.05 08:03:16.081,0.81795,0.8182,6.50,4.10
2009.11.05 08:03:16.430,0.81795,0.8182,6.50,1.00
2009.11.05 08:03:17.590,0.818,0.81815,1.00,1.00
2009.11.05 08:03:18.090,0.81795,0.81815,4.00,4.10
2009.11.05 08:03:18.260,0.81795,0.81815,1.00,4.90
2009.11.05 08:03:18.490,0.81795,0.81815,5.70,5.70
2009.11.05 08:03:18.650,0.81795,0.81815,4.00,4.90
2009.11.05 08:03:18.930,0.81795,0.81815,5.80,4.00
2009.11.05 08:03:19.270,0.818,0.8182,1.00,4.00
2009.11.05 08:03:19.610,0.818,0.8182,1.00,15.10
2009.11.05 08:03:19.900,0.818,0.8181,1.00,4.00
2009.11.05 08:03:22.139,0.8179,0.8181,4.00,4.10
2009.11.05 08:03:22.419,0.81795,0.8181,3.20,4.10
2009.11.05 08:03:22.699,0.818,0.8181,1.00,4.10
2009.11.05 08:03:22.919,0.818,0.8182,1.00,1.00
2009.11.05 08:03:23.639,0.818,0.8182,1.00,1.00
2009.11.05 08:03:24.328,0.81795,0.8182,1.00,1.00
2009.11.05 08:03:24.689,0.81795,0.8182,7.20,1.00
2009.11.05 08:03:25.718,0.818,0.8182,1.00,2.50
2009.11.05 08:03:26.068,0.818,0.8182,1.00,1.00
2009.11.05 08:03:27.088,0.81795,0.8182,3.30,2.50
2009.11.05 08:03:30.207,0.81795,0.8182,3.30,3.00
2009.11.05 08:03:30.497,0.8179,0.8182,7.20,2.90
2009.11.05 08:03:30.847,0.8179,0.8182,4.90,3.00
2009.11.05 08:03:32.146,0.8179,0.8182,1.00,7.00
2009.11.05 08:03:32.376,0.8179,0.8182,1.00,10.20
2009.11.05 08:03:33.186,0.8179,0.8182,1.00,11.80
2009.11.05 08:03:33.296,0.8179,0.8182,4.90,11.00
2009.11.05 08:03:34.236,0.8179,0.8182,9.70,7.00
2009.11.05 08:03:34.586,0.81795,0.8182,1.00,11.00
2009.11.05 08:03:35.236,0.81795,0.8182,1.00,7.00
2009.11.05 08:03:35.586,0.81795,0.8182,1.00,6.20
2009.11.05 08:03:35.925,0.8179,0.8182,9.70,6.00
2009.11.05 08:03:36.615,0.8179,0.8182,9.90,6.20
2009.11.05 08:03:37.775,0.8179,0.8182,9.60,6.20
2009.11.05 08:03:37.995,0.8179,0.8182,9.20,6.20
2009.11.05 08:03:38.225,0.81795,0.8182,1.00,6.20
2009.11.05 08:03:38.625,0.81795,0.8182,1.00,6.20
2009.11.05 08:03:38.965,0.81795,0.8182,1.00,6.00
2009.11.05 08:03:39.255,0.81795,0.8182,1.00,6.20
2009.11.05 08:03:42.344,0.81795,0.8182,1.00,3.00
2009.11.05 08:03:43.434,0.81795,0.8182,1.00,2.80
2009.11.05 08:03:44.123,0.81795,0.8182,1.00,3.00
2009.11.05 08:03:44.343,0.8179,0.81815,5.70,4.00
2009.11.05 08:03:44.564,0.8179,0.8182,13.50,2.50
2009.11.05 08:03:44.743,0.81795,0.8182,1.00,3.30
2009.11.05 08:03:44.973,0.81795,0.8182,1.00,2.50
2009.11.05 08:03:45.903,0.81795,0.8182,1.00,2.50
2009.11.05 08:03:49.172,0.818,0.8182,1.00,6.50
2009.11.05 08:03:49.512,0.8181,0.8182,1.00,4.10
2009.11.05 08:03:50.192,0.8181,0.8182,1.00,1.00
2009.11.05 08:03:50.532,0.81815,0.81835,9.50,1.00
2009.11.05 08:03:50.812,0.81825,0.81835,1.00,1.00
2009.11.05 08:03:51.392,0.8183,0.81835,1.00,1.00
2009.11.05 08:03:51.682,0.8183,0.81845,6.80,1.00
2009.11.05 08:03:52.311,0.81835,0.81855,1.00,1.00
2009.11.05 08:03:53.251,0.8183,0.81855,1.90,2.50
2009.11.05 08:03:53.651,0.8183,0.81855,8.00,4.00
2009.11.05 08:03:53.771,0.81835,0.81855,1.00,4.10
2009.11.05 08:03:53.951,0.81835,0.81855,1.00,1.00
2009.11.05 08:03:55.381,0.8183,0.81855,6.40,2.50
2009.11.05 08:03:55.721,0.8183,0.81855,1.90,6.50
2009.11.05 08:03:56.001,0.8183,0.8185,1.90,2.40
2009.11.05 08:03:56.301,0.8183,0.81855,1.90,8.90
2009.11.05 08:03:57.320,0.8183,0.8185,1.90,1.00
2009.11.05 08:03:57.541,0.8183,0.81855,2.00,9.20
2009.11.05 08:03:57.710,0.8183,0.81855,2.00,8.90
2009.11.05 08:03:57.990,0.8183,0.8185,1.90,1.00
2009.11.05 08:03:58.350,0.8183,0.8185,5.10,1.00
2009.11.05 08:03:58.760,0.8183,0.81845,5.20,4.00
2009.11.05 08:03:59.100,0.81825,0.8184,4.00,4.00
2009.11.05 08:03:59.440,0.81825,0.8184,1.00,1.60
2009.11.05 08:03:59.790,0.81825,0.81845,1.00,6.50
2009.11.05 08:04:00.140,0.81825,0.81845,8.00,4.00
2009.11.05 08:04:00.470,0.8183,0.81855,1.00,10.50
2009.11.05 08:04:01.150,0.8183,0.8185,1.00,1.00
2009.11.05 08:04:01.329,0.8183,0.81855,3.70,4.00
2009.11.05 08:04:01.449,0.81835,0.8186,4.90,14.20
2009.11.05 08:04:01.559,0.81835,0.8186,4.90,9.70
2009.11.05 08:04:01.669,0.81835,0.8186,4.90,2.50
2009.11.05 08:04:03.449,0.81835,0.8186,1.00,4.10
2009.11.05 08:04:03.509,0.81835,0.8186,1.00,8.90
2009.11.05 08:04:04.279,0.81835,0.81855,1.00,1.00
2009.11.05 08:04:06.158,0.8183,0.81855,1.20,2.50
2009.11.05 08:04:06.388,0.8183,0.81855,1.00,6.50
2009.11.05 08:04:08.478,0.8183,0.81855,1.00,7.80
2009.11.05 08:04:09.408,0.8183,0.81855,1.00,7.00
2009.11.05 08:04:10.337,0.8183,0.8185,1.00,1.60
2009.11.05 08:04:10.697,0.81825,0.8185,4.10,5.60
2009.11.05 08:04:11.437,0.8182,0.8185,1.00,14.80
2009.11.05 08:04:11.897,0.8182,0.8185,1.00,15.10
2009.11.05 08:04:12.247,0.8182,0.8185,1.00,15.00
2009.11.05 08:04:12.467,0.8183,0.81845,1.00,8.80
2009.11.05 08:04:12.807,0.81825,0.81845,3.60,4.00
2009.11.05 08:04:12.917,0.81825,0.81845,1.20,4.00
2009.11.05 08:04:13.266,0.81825,0.8185,1.00,5.20
2009.11.05 08:04:13.946,0.8183,0.8185,1.00,5.20
2009.11.05 08:04:14.126,0.8183,0.8185,1.00,1.00
2009.11.05 08:04:14.366,0.8183,0.81855,1.00,14.20
2009.11.05 08:04:14.596,0.8183,0.81855,1.00,10.20
2009.11.05 08:04:17.136,0.81825,0.81855,3.70,10.20
2009.11.05 08:04:17.476,0.81825,0.8185,1.00,5.40
2009.11.05 08:04:18.845,0.81825,0.8185,1.00,5.60
2009.11.05 08:04:19.205,0.81825,0.8185,1.00,5.40
2009.11.05 08:04:19.505,0.81825,0.8185,1.00,5.60
2009.11.05 08:04:20.345,0.81825,0.8184,1.00,1.00
2009.11.05 08:04:21.374,0.8182,0.8184,1.20,1.00
2009.11.05 08:04:21.614,0.8182,0.8184,1.00,1.00
2009.11.05 08:04:22.514,0.81825,0.8184,1.00,1.00
2009.11.05 08:04:24.934,0.81825,0.81845,1.00,2.40
2009.11.05 08:04:25.174,0.81825,0.81845,1.00,1.00
2009.11.05 08:04:32.452,0.8183,0.8185,1.00,1.00
2009.11.05 08:04:32.612,0.8183,0.81855,1.00,7.00
2009.11.05 08:04:32.782,0.8183,0.81855,1.00,6.50
2009.11.05 08:04:36.391,0.8183,0.81855,1.00,2.50
2009.11.05 08:04:36.921,0.8183,0.81855,1.00,6.50
2009.11.05 08:04:37.381,0.8183,0.81855,1.00,2.50
2009.11.05 08:04:38.990,0.8183,0.8185,1.00,2.40
2009.11.05 08:04:39.210,0.81825,0.8185,7.60,3.20
2009.11.05 08:04:39.850,0.81825,0.8185,5.90,4.90
2009.11.05 08:04:40.210,0.81825,0.8185,3.60,3.20
2009.11.05 08:04:40.840,0.81825,0.8185,3.60,3.30
2009.11.05 08:04:41.630,0.8183,0.8185,1.00,3.30
2009.11.05 08:04:41.970,0.8183,0.81855,1.00,6.50
2009.11.05 08:04:42.439,0.8183,0.81855,1.00,7.30
2009.11.05 08:04:43.109,0.8183,0.81855,4.00,7.30
2009.11.05 08:04:43.399,0.81835,0.81855,1.00,4.90
2009.11.05 08:04:43.689,0.81835,0.8186,1.00,5.20
2009.11.05 08:04:44.079,0.81835,0.8186,1.00,1.20
2009.11.05 08:04:49.458,0.81835,0.8186,6.00,1.00
2009.11.05 08:04:49.808,0.81845,0.8187,1.00,8.00
2009.11.05 08:04:50.578,0.81845,0.8187,1.00,4.80
2009.11.05 08:04:50.908,0.81845,0.81875,1.00,11.80
2009.11.05 08:04:51.257,0.81845,0.81875,4.80,11.00
2009.11.05 08:04:52.017,0.81845,0.81875,1.00,11.00
2009.11.05 08:04:52.237,0.81845,0.81875,1.00,11.00
2009.11.05 08:04:52.527,0.81845,0.81875,4.90,11.00
2009.11.05 08:04:54.027,0.81845,0.8187,4.80,1.00
2009.11.05 08:04:54.207,0.81845,0.8187,1.00,1.00
2009.11.05 08:04:54.777,0.81845,0.8187,4.80,1.00
2009.11.05 08:04:55.187,0.81845,0.8187,1.00,1.00
2009.11.05 08:04:55.536,0.81845,0.81875,1.00,11.00
2009.11.05 08:04:56.186,0.81845,0.81875,4.90,11.00
2009.11.05 08:04:56.756,0.8185,0.81875,1.00,11.00
2009.11.05 08:04:57.026,0.8185,0.81875,1.00,7.00
2009.11.05 08:04:57.256,0.8185,0.81875,1.00,11.00
2009.11.05 08:04:58.476,0.8185,0.81875,4.50,7.20
2009.11.05 08:04:58.536,0.81855,0.81875,1.00,4.80
2009.11.05 08:04:58.596,0.81855,0.8188,1.00,7.80
2009.11.05 08:04:58.655,0.81855,0.8188,1.00,5.20
2009.11.05 08:04:58.916,0.81855,0.8188,1.00,4.50
2009.11.05 08:04:58.975,0.81855,0.8188,1.00,4.40
2009.11.05 08:04:59.036,0.81855,0.8188,1.00,1.00
2009.11.05 08:04:59.206,0.81855,0.81885,1.00,16.60
2009.11.05 08:04:59.565,0.81855,0.81885,1.00,12.60
2009.11.05 08:04:59.975,0.81855,0.81885,1.00,11.60
2009.11.05 08:05:00.325,0.81855,0.81885,1.00,11.80
2009.11.05 08:05:03.174,0.81855,0.81885,1.00,12.00
2009.11.05 08:05:04.364,0.81855,0.8188,1.00,1.50
2009.11.05 08:05:04.534,0.8185,0.8187,1.00,1.60
2009.11.05 08:05:04.884,0.8185,0.81865,1.00,5.10
2009.11.05 08:05:05.214,0.8184,0.8186,4.00,1.10
2009.11.05 08:05:05.604,0.81835,0.81865,11.30,7.00
2009.11.05 08:05:05.944,0.81835,0.81865,3.30,7.00
2009.11.05 08:05:07.653,0.81835,0.81865,1.00,7.00
2009.11.05 08:05:07.933,0.81835,0.8186,1.00,5.60
2009.11.05 08:05:08.273,0.8183,0.8186,1.00,9.50
2009.11.05 08:05:09.723,0.8183,0.8186,1.00,13.80
2009.11.05 08:05:10.473,0.81825,0.81855,8.80,6.50
2009.11.05 08:05:10.823,0.81825,0.81855,8.40,6.50
2009.11.05 08:05:11.052,0.81825,0.81855,8.40,2.50
2009.11.05 08:05:11.323,0.81825,0.81855,8.40,6.50
2009.11.05 08:05:11.542,0.81825,0.81855,8.40,2.50
2009.11.05 08:05:12.312,0.8183,0.81855,1.00,2.50
2009.11.05 08:05:13.382,0.81825,0.81855,8.70,2.50
2009.11.05 08:05:13.722,0.81825,0.81855,8.40,6.50
2009.11.05 08:05:14.062,0.81825,0.81855,8.40,2.50
2009.11.05 08:05:15.572,0.81825,0.81855,6.00,5.60
2009.11.05 08:05:15.921,0.81825,0.8185,1.00,5.10
2009.11.05 08:05:16.611,0.81825,0.8185,3.20,7.00
2009.11.05 08:05:16.731,0.8183,0.8185,3.20,1.20
2009.11.05 08:05:16.852,0.8183,0.8185,3.20,1.00
2009.11.05 08:05:16.961,0.8183,0.8185,4.00,1.00
2009.11.05 08:05:17.081,0.81835,0.8185,1.00,1.00
2009.11.05 08:05:17.251,0.81835,0.8186,1.00,11.80
2009.11.05 08:05:17.361,0.81835,0.8186,1.00,7.80
2009.11.05 08:05:17.481,0.8183,0.81855,7.20,2.40
2009.11.05 08:05:17.711,0.8183,0.81855,6.30,2.40
2009.11.05 08:05:17.941,0.8183,0.81855,5.90,2.40
2009.11.05 08:05:19.560,0.8183,0.81855,4.80,2.40
2009.11.05 08:05:20.660,0.8183,0.81855,4.00,2.70
2009.11.05 08:05:21.600,0.81825,0.8185,4.80,1.00
2009.11.05 08:05:23.680,0.8183,0.8185,1.00,1.00
2009.11.05 08:05:23.910,0.8183,0.8185,1.00,1.00
2009.11.05 08:05:24.139,0.8183,0.8185,4.80,1.00
2009.11.05 08:05:24.949,0.8183,0.8185,1.00,1.00
2009.11.05 08:05:25.879,0.81835,0.8185,1.00,1.00
2009.11.05 08:05:26.179,0.8183,0.81855,6.00,2.50
2009.11.05 08:05:26.499,0.8183,0.8185,6.00,2.40
2009.11.05 08:05:27.189,0.8183,0.81855,4.80,3.60
2009.11.05 08:05:27.409,0.8183,0.81855,1.00,2.50
2009.11.05 08:05:27.929,0.8183,0.81845,1.00,1.00
2009.11.05 08:05:28.158,0.8183,0.8185,1.00,1.00
2009.11.05 08:05:28.499,0.8183,0.81855,1.00,2.50
2009.11.05 08:05:29.238,0.81835,0.81855,1.00,2.40
2009.11.05 08:05:29.468,0.81835,0.8186,1.00,2.80
2009.11.05 08:05:29.708,0.81835,0.8186,1.00,5.10
2009.11.05 08:05:29.948,0.81835,0.8186,1.00,5.20
2009.11.05 08:05:30.178,0.8183,0.8186,8.70,5.20
2009.11.05 08:05:30.408,0.8183,0.81855,4.80,2.40
2009.11.05 08:05:30.758,0.8183,0.81855,1.60,2.40
2009.11.05 08:05:31.118,0.8183,0.81855,1.00,7.20
2009.11.05 08:05:34.327,0.8183,0.81855,1.00,7.30
2009.11.05 08:05:34.547,0.8183,0.8185,1.00,1.00
2009.11.05 08:05:34.897,0.8183,0.81855,6.80,4.90
2009.11.05 08:05:35.527,0.8183,0.81855,6.80,1.00
2009.11.05 08:05:35.807,0.81835,0.8186,1.00,12.60
2009.11.05 08:05:36.546,0.81835,0.8186,6.80,10.20
2009.11.05 08:05:36.776,0.8184,0.8186,1.00,6.50
2009.11.05 08:05:36.996,0.8184,0.8186,1.00,2.50
2009.11.05 08:05:37.456,0.81835,0.81855,1.00,4.00
2009.11.05 08:05:37.676,0.8183,0.81855,1.60,9.10
2009.11.05 08:05:38.056,0.8183,0.81855,1.60,9.50
2009.11.05 08:05:38.286,0.8183,0.81855,1.00,10.30
2009.11.05 08:05:38.626,0.8183,0.81855,1.00,10.50
2009.11.05 08:05:38.986,0.8183,0.81855,1.00,10.50
2009.11.05 08:05:41.245,0.81825,0.81855,6.50,10.70
2009.11.05 08:05:41.485,0.81825,0.81855,6.40,10.70
2009.11.05 08:05:41.705,0.81825,0.81855,1.00,11.40
2009.11.05 08:05:41.885,0.81825,0.81855,1.00,16.20
2009.11.05 08:05:42.005,0.81825,0.81855,3.20,13.40
2009.11.05 08:05:42.185,0.81825,0.81855,3.20,8.60
2009.11.05 08:05:42.355,0.81825,0.81855,4.00,7.80
2009.11.05 08:05:43.905,0.81825,0.81855,7.20,7.80
2009.11.05 08:05:44.415,0.81835,0.8185,2.40,4.00
2009.11.05 08:05:44.465,0.8183,0.81855,5.20,7.20
2009.11.05 08:05:44.524,0.8183,0.81855,4.80,2.40
2009.11.05 08:05:44.645,0.8183,0.81855,5.60,2.40
2009.11.05 08:05:44.805,0.8183,0.81855,4.00,4.00
2009.11.05 08:05:45.164,0.8183,0.8186,8.30,11.20
2009.11.05 08:05:45.504,0.8183,0.8186,12.70,2.40
2009.11.05 08:05:45.854,0.81835,0.8186,1.00,6.40
2009.11.05 08:05:46.194,0.81835,0.81855,1.00,1.00
2009.11.05 08:05:46.534,0.81835,0.8186,1.00,6.40
2009.11.05 08:05:48.244,0.81835,0.81855,1.00,2.40
2009.11.05 08:05:48.424,0.8183,0.81855,1.90,2.40
2009.11.05 08:05:48.543,0.8183,0.81855,1.90,6.40
2009.11.05 08:05:48.703,0.8183,0.81855,1.00,6.40
2009.11.05 08:05:49.693,0.8183,0.81855,1.00,6.50
2009.11.05 08:05:50.773,0.81825,0.81855,8.30,6.50
2009.11.05 08:05:51.413,0.81825,0.81855,5.20,6.70
2009.11.05 08:05:52.033,0.81825,0.81855,5.10,6.50
2009.11.05 08:05:52.843,0.81825,0.8185,1.00,4.00
2009.11.05 08:05:55.132,0.81825,0.81855,1.60,10.20
2009.11.05 08:05:56.922,0.8183,0.8186,1.00,11.80
2009.11.05 08:05:56.981,0.81825,0.8186,7.10,11.80
2009.11.05 08:05:57.091,0.81825,0.8186,6.70,12.70
2009.11.05 08:05:57.142,0.81825,0.8186,6.70,14.30
2009.11.05 08:05:57.202,0.81825,0.81855,2.70,6.40
2009.11.05 08:05:57.312,0.81825,0.81855,1.90,6.40
2009.11.05 08:05:58.671,0.81825,0.81855,1.90,6.50
2009.11.05 08:05:59.061,0.81825,0.81855,12.70,1.00
2009.11.05 08:05:59.241,0.8183,0.81855,4.80,2.50
2009.11.05 08:05:59.471,0.81825,0.81855,9.10,6.50
2009.11.05 08:05:59.692,0.81825,0.81855,5.90,6.40
2009.11.05 08:05:59.911,0.8183,0.81855,1.00,6.40
2009.11.05 08:06:00.081,0.81825,0.81855,1.90,6.40
2009.11.05 08:06:01.131,0.81825,0.81855,9.10,6.40
2009.11.05 08:06:01.930,0.81825,0.81855,12.30,6.40
2009.11.05 08:06:02.350,0.8183,0.81855,1.00,6.50
2009.11.05 08:06:02.520,0.8183,0.81855,1.00,6.40
2009.11.05 08:06:03.330,0.8183,0.81855,4.00,6.40
2009.11.05 08:06:03.390,0.81835,0.81855,1.00,4.00
2009.11.05 08:06:03.560,0.8183,0.81855,4.00,4.00
2009.11.05 08:06:03.620,0.8183,0.81855,1.60,6.40
2009.11.05 08:06:03.790,0.8183,0.81855,4.80,2.40
2009.11.05 08:06:04.310,0.8183,0.81855,1.00,2.40
2009.11.05 08:06:04.600,0.8183,0.81855,1.00,8.30
2009.11.05 08:06:04.880,0.8183,0.81855,1.00,7.50
2009.11.05 08:06:05.110,0.8183,0.81855,1.00,6.40
2009.11.05 08:06:06.209,0.81825,0.81855,8.50,6.40
2009.11.05 08:06:06.559,0.81825,0.81855,1.60,13.70
2009.11.05 08:06:06.780,0.81825,0.81855,1.00,14.50
2009.11.05 08:06:07.589,0.81825,0.81855,1.00,17.80
2009.11.05 08:06:08.279,0.8182,0.81855,9.60,17.80
2009.11.05 08:06:09.429,0.8182,0.8185,9.60,8.10
2009.11.05 08:06:09.548,0.8182,0.8185,9.80,8.00
2009.11.05 08:06:09.658,0.8182,0.8185,9.60,8.10
2009.11.05 08:06:09.938,0.8182,0.8185,8.50,4.60
2009.11.05 08:06:10.238,0.81825,0.8185,1.00,8.40
2009.11.05 08:06:10.888,0.8182,0.8185,8.50,8.60
2009.11.05 08:06:11.458,0.8182,0.8185,8.50,4.60
2009.11.05 08:06:12.068,0.81825,0.8185,1.10,4.40
2009.11.05 08:06:12.178,0.81825,0.8185,5.90,2.00
2009.11.05 08:06:12.298,0.8183,0.8185,1.00,1.60
2009.11.05 08:06:14.178,0.81825,0.8185,6.50,1.70
2009.11.05 08:06:14.467,0.81825,0.8185,5.70,1.70
2009.11.05 08:06:14.638,0.81825,0.8185,4.10,1.70
2009.11.05 08:06:14.987,0.8182,0.8185,8.90,7.80
2009.11.05 08:06:15.327,0.81825,0.8185,1.00,11.60
2009.11.05 08:06:15.667,0.8182,0.81845,1.00,2.40
2009.11.05 08:06:16.467,0.8182,0.81845,1.70,4.00
2009.11.05 08:06:16.827,0.8182,0.81835,1.00,4.00
2009.11.05 08:06:17.047,0.81815,0.81835,5.60,4.00
2009.11.05 08:06:17.217,0.81815,0.81835,1.60,4.00
2009.11.05 08:06:17.387,0.81815,0.8184,1.00,4.00
2009.11.05 08:06:17.566,0.81815,0.8184,1.00,8.00
2009.11.05 08:06:18.636,0.81815,0.8184,1.00,4.10
2009.11.05 08:06:19.436,0.8181,0.81835,8.40,4.00
2009.11.05 08:06:19.666,0.8181,0.81835,4.40,4.00
2009.11.05 08:06:19.896,0.8181,0.8184,10.80,4.10
2009.11.05 08:06:20.246,0.81815,0.8184,4.80,1.60
2009.11.05 08:06:20.586,0.81815,0.8184,1.00,4.00
2009.11.05 08:06:20.966,0.81815,0.81845,7.60,3.30
2009.11.05 08:06:21.266,0.81815,0.81845,8.40,2.50
2009.11.05 08:06:23.655,0.81815,0.81845,10.00,2.50
2009.11.05 08:06:23.885,0.8182,0.8184,1.00,1.60
2009.11.05 08:06:24.735,0.8182,0.8184,1.00,4.00
2009.11.05 08:06:24.975,0.8182,0.8184,2.40,1.60
2009.11.05 08:06:25.195,0.8182,0.81845,3.20,4.00
2009.11.05 08:06:25.415,0.8182,0.8185,3.20,14.50
2009.11.05 08:06:25.765,0.8182,0.8185,3.20,9.20
2009.11.05 08:06:26.114,0.81825,0.8185,1.00,9.20
2009.11.05 08:06:26.454,0.81825,0.81845,1.00,2.40
2009.11.05 08:06:26.845,0.81815,0.81845,7.60,6.50
2009.11.05 08:06:28.194,0.81815,0.81845,6.80,7.30
2009.11.05 08:06:28.364,0.81815,0.81845,7.60,7.30
2009.11.05 08:06:28.484,0.8182,0.81845,3.20,4.90
2009.11.05 08:06:29.004,0.8182,0.81845,3.30,4.80
2009.11.05 08:06:29.284,0.8182,0.81845,3.30,1.00
2009.11.05 08:06:29.934,0.8182,0.81845,4.40,1.00
2009.11.05 08:06:30.284,0.81825,0.81845,1.00,1.00
2009.11.05 08:06:30.983,0.81825,0.8185,1.00,8.00
2009.11.05 08:06:31.443,0.81825,0.8185,2.50,4.00
2009.11.05 08:06:32.033,0.81825,0.81855,2.50,7.30
2009.11.05 08:06:33.123,0.81825,0.81855,2.50,8.10
2009.11.05 08:06:33.303,0.81825,0.81855,2.50,18.50
2009.11.05 08:06:33.463,0.81825,0.81855,1.00,19.30
2009.11.05 08:06:33.753,0.8182,0.8185,1.20,10.70
2009.11.05 08:06:33.923,0.8182,0.8185,1.00,11.10
2009.11.05 08:06:34.093,0.81815,0.8185,14.00,15.30
2009.11.05 08:06:34.442,0.8182,0.81845,2.40,5.60
2009.11.05 08:06:34.792,0.8182,0.8185,3.30,10.50
2009.11.05 08:06:35.732,0.81825,0.8185,1.00,10.50
2009.11.05 08:06:35.962,0.81825,0.8185,1.00,9.70
2009.11.05 08:06:36.242,0.81825,0.8185,1.00,9.20
2009.11.05 08:06:36.592,0.8182,0.81845,5.20,1.00
2009.11.05 08:06:36.922,0.8182,0.8185,4.60,10.00
2009.11.05 08:06:40.341,0.8182,0.81845,4.40,1.00
2009.11.05 08:06:41.091,0.8182,0.8185,3.50,12.90
2009.11.05 08:06:41.841,0.81825,0.8185,1.00,13.70
2009.11.05 08:06:42.480,0.8182,0.81845,3.30,1.60
2009.11.05 08:06:42.710,0.8182,0.81845,1.00,11.20
2009.11.05 08:06:42.930,0.8182,0.81845,1.00,11.60
2009.11.05 08:06:43.160,0.81815,0.81845,1.00,14.60
2009.11.05 08:06:43.390,0.8181,0.81845,4.80,18.60
2009.11.05 08:06:43.610,0.81805,0.8184,8.40,12.60
2009.11.05 08:06:44.030,0.81805,0.8184,11.60,12.60
2009.11.05 08:06:44.640,0.81805,0.8184,11.80,12.60
2009.11.05 08:06:44.870,0.8181,0.8184,1.00,11.80
2009.11.05 08:06:45.390,0.8181,0.8184,1.00,12.00
2009.11.05 08:06:45.740,0.8181,0.81835,1.00,4.10
2009.11.05 08:06:46.440,0.8181,0.81835,1.00,1.00
2009.11.05 08:06:46.670,0.81805,0.81835,4.90,7.00
2009.11.05 08:06:46.910,0.81805,0.8183,4.80,5.00
2009.11.05 08:06:47.189,0.818,0.8183,1.00,14.20
2009.11.05 08:06:47.419,0.818,0.8183,2.40,13.30
2009.11.05 08:06:47.769,0.818,0.81825,3.60,5.70
2009.11.05 08:06:48.129,0.818,0.81825,3.60,1.70
2009.11.05 08:06:48.479,0.81805,0.8183,3.60,1.00
2009.11.05 08:06:50.089,0.81805,0.8183,8.00,1.00
2009.11.05 08:06:54.298,0.81805,0.8183,2.40,4.10
2009.11.05 08:06:54.998,0.818,0.8183,1.00,7.00
2009.11.05 08:06:55.337,0.818,0.8183,2.00,6.50
2009.11.05 08:06:56.217,0.818,0.8183,3.60,6.50
2009.11.05 08:06:56.797,0.818,0.8183,6.80,4.10
2009.11.05 08:06:57.027,0.818,0.8183,10.80,6.50
2009.11.05 08:06:57.267,0.818,0.8183,6.00,6.50
2009.11.05 08:06:57.547,0.818,0.8183,6.00,2.50
2009.11.05 08:06:57.947,0.818,0.8183,4.40,6.50
2009.11.05 08:06:58.177,0.818,0.8183,12.30,1.00
2009.11.05 08:06:58.517,0.818,0.8183,16.30,1.00
2009.11.05 08:06:59.097,0.81805,0.81835,8.80,16.60
2009.11.05 08:06:59.266,0.81805,0.8183,8.80,1.00
2009.11.05 08:06:59.617,0.81805,0.8183,7.30,6.00
2009.11.05 08:06:59.797,0.81805,0.8183,2.50,6.00
2009.11.05 08:07:00.306,0.81805,0.8183,2.50,10.00
2009.11.05 08:07:00.646,0.81805,0.8183,2.40,10.10
2009.11.05 08:07:00.996,0.81805,0.8183,1.00,10.20
2009.11.05 08:07:01.286,0.818,0.8183,7.20,10.20
2009.11.05 08:07:01.636,0.81795,0.8182,3.30,1.00
2009.11.05 08:07:03.526,0.818,0.8182,2.40,1.00
2009.11.05 08:07:03.645,0.818,0.81825,3.50,4.80
2009.11.05 08:07:04.235,0.81805,0.81825,1.00,4.00
2009.11.05 08:07:04.405,0.81805,0.81825,2.50,4.00
2009.11.05 08:07:04.465,0.81805,0.81825,2.40,4.00
2009.11.05 08:07:04.815,0.81805,0.81825,2.50,1.60
2009.11.05 08:07:05.155,0.818,0.81825,2.50,2.00
2009.11.05 08:07:05.495,0.81795,0.81825,8.10,8.60
2009.11.05 08:07:05.845,0.81795,0.81825,3.30,14.50
2009.11.05 08:07:06.195,0.81795,0.81825,3.30,14.40
2009.11.05 08:07:06.545,0.81795,0.81825,1.00,18.60
2009.11.05 08:07:06.785,0.81795,0.8182,1.00,11.80
2009.11.05 08:07:07.015,0.81795,0.81815,2.40,1.60
2009.11.05 08:07:07.834,0.81795,0.81815,2.40,1.70
2009.11.05 08:07:08.124,0.818,0.8182,2.40,3.80
2009.11.05 08:07:10.184,0.818,0.8182,2.40,1.00
2009.11.05 08:07:10.404,0.818,0.81825,2.40,13.40
2009.11.05 08:07:10.644,0.818,0.81825,2.40,13.60
2009.11.05 08:07:10.983,0.818,0.81825,2.40,13.40
2009.11.05 08:07:11.343,0.818,0.8182,2.40,1.00
2009.11.05 08:07:16.353,0.818,0.81825,3.60,5.70
2009.11.05 08:07:16.712,0.81805,0.81825,2.40,1.70
2009.11.05 08:07:17.002,0.81805,0.81825,3.60,1.00
2009.11.05 08:07:17.342,0.818,0.8183,3.30,6.20
2009.11.05 08:07:17.562,0.81805,0.8183,2.40,2.20
2009.11.05 08:07:17.792,0.818,0.8183,2.40,6.40
2009.11.05 08:07:18.722,0.818,0.81825,3.20,1.00
2009.11.05 08:07:19.062,0.81805,0.8183,1.20,5.70
2009.11.05 08:07:19.402,0.81805,0.8183,3.60,5.70
2009.11.05 08:07:20.212,0.81805,0.8183,3.70,1.70
2009.11.05 08:07:20.552,0.81805,0.8183,3.70,5.70
2009.11.05 08:07:20.841,0.81805,0.8183,3.70,1.70
2009.11.05 08:07:21.721,0.81805,0.8183,3.70,2.20
2009.11.05 08:07:25.350,0.81805,0.8183,2.40,6.20
2009.11.05 08:07:25.700,0.81805,0.8183,3.60,2.20
2009.11.05 08:07:26.390,0.81805,0.8183,3.60,5.70
2009.11.05 08:07:26.720,0.81805,0.8183,7.10,4.10
2009.11.05 08:07:26.900,0.8181,0.8183,4.80,4.10
2009.11.05 08:07:27.490,0.81825,0.8184,2.40,3.20
2009.11.05 08:07:27.660,0.81825,0.8184,3.60,1.00
2009.11.05 08:07:28.050,0.81825,0.8185,3.60,5.70
2009.11.05 08:07:28.270,0.8182,0.81845,3.20,1.00
2009.11.05 08:07:28.500,0.81825,0.81845,2.40,1.00
2009.11.05 08:07:28.680,0.81825,0.81845,3.60,4.00
2009.11.05 08:07:28.970,0.81825,0.8185,3.60,6.50
2009.11.05 08:07:29.669,0.81825,0.8185,3.70,6.50
2009.11.05 08:07:30.009,0.81825,0.8185,2.50,7.30
2009.11.05 08:07:30.349,0.8182,0.81845,3.20,4.10
2009.11.05 08:07:30.699,0.81815,0.8184,7.70,1.60
2009.11.05 08:07:31.059,0.81815,0.8184,4.50,1.60
2009.11.05 08:07:32.139,0.81815,0.8184,3.70,1.70
2009.11.05 08:07:32.409,0.8182,0.8184,2.40,1.70
2009.11.05 08:07:32.708,0.8182,0.81845,2.40,7.80
2009.11.05 08:07:33.508,0.8183,0.81845,2.40,7.20
2009.11.05 08:07:33.728,0.8182,0.81845,1.00,4.00
2009.11.05 08:07:34.128,0.8182,0.8184,1.00,5.60
2009.11.05 08:07:34.238,0.81815,0.8184,4.50,5.60
2009.11.05 08:07:34.818,0.81815,0.8184,4.50,5.70
2009.11.05 08:07:35.338,0.81815,0.8184,3.70,5.70
2009.11.05 08:07:37.118,0.81815,0.8184,6.10,1.70
2009.11.05 08:07:37.347,0.81815,0.8184,4.50,1.60
2009.11.05 08:07:37.638,0.81815,0.8184,3.70,5.60
2009.11.05 08:07:38.667,0.81815,0.8184,3.70,5.70
2009.11.05 08:07:40.907,0.81815,0.8184,3.60,5.90
2009.11.05 08:07:41.257,0.81815,0.8184,3.60,5.70
2009.11.05 08:07:41.596,0.81815,0.8184,6.90,1.60
2009.11.05 08:07:42.626,0.81815,0.8184,1.00,16.40
2009.11.05 08:07:42.806,0.81815,0.8184,1.00,18.80
2009.11.05 08:07:42.916,0.81815,0.81825,1.00,4.00
2009.11.05 08:07:43.026,0.81805,0.81825,6.10,4.00
2009.11.05 08:07:43.256,0.81805,0.8183,6.10,8.00
2009.11.05 08:07:43.366,0.81805,0.8183,6.10,4.00
2009.11.05 08:07:43.726,0.81805,0.8183,4.50,4.00
2009.11.05 08:07:44.076,0.8181,0.8183,4.00,4.00
2009.11.05 08:07:44.476,0.81815,0.8184,3.70,10.80
2009.11.05 08:07:44.826,0.81815,0.8184,3.70,3.20
2009.11.05 08:07:45.125,0.81815,0.8184,3.70,11.60
2009.11.05 08:07:46.005,0.81815,0.8184,3.70,12.40
2009.11.05 08:07:46.245,0.81815,0.81835,1.30,1.60
2009.11.05 08:07:46.425,0.8181,0.81835,3.70,1.60
2009.11.05 08:07:46.875,0.8181,0.81835,3.70,5.60
2009.11.05 08:07:47.285,0.8181,0.81835,3.70,5.70
2009.11.05 08:07:48.215,0.8181,0.81835,3.70,1.70
2009.11.05 08:07:48.905,0.8181,0.81835,3.70,5.70
2009.11.05 08:07:49.315,0.81815,0.8184,2.40,15.80
2009.11.05 08:07:49.645,0.81815,0.8184,3.60,11.80
2009.11.05 08:07:49.944,0.81815,0.81835,3.60,4.00
2009.11.05 08:07:50.234,0.81815,0.81835,3.70,4.00
2009.11.05 08:07:50.924,0.81815,0.8184,3.70,11.80
2009.11.05 08:07:51.744,0.8181,0.8184,7.70,18.20
2009.11.05 08:07:52.074,0.8181,0.8184,3.70,18.20
2009.11.05 08:07:52.604,0.81815,0.81835,3.60,4.00
2009.11.05 08:07:53.264,0.81815,0.8182,1.20,2.40
2009.11.05 08:07:53.503,0.81805,0.8183,3.20,12.50
2009.11.05 08:07:53.683,0.81805,0.8183,2.40,8.90
2009.11.05 08:07:53.844,0.81805,0.8183,2.40,12.60
2009.11.05 08:07:54.023,0.818,0.81825,2.40,1.00
2009.11.05 08:07:54.204,0.818,0.81825,2.40,4.10
2009.11.05 08:07:55.753,0.818,0.8182,2.40,1.00
2009.11.05 08:07:56.393,0.81805,0.8182,2.40,1.00
2009.11.05 08:07:56.613,0.81805,0.81825,2.40,1.00
2009.11.05 08:07:57.663,0.818,0.81825,2.40,4.10
2009.11.05 08:07:58.133,0.818,0.81825,2.50,4.00
2009.11.05 08:07:58.372,0.818,0.81825,2.50,4.40
2009.11.05 08:07:58.592,0.818,0.81825,2.40,4.80
2009.11.05 08:08:02.801,0.818,0.81825,2.40,8.70
2009.11.05 08:08:03.611,0.818,0.8182,2.40,4.00
2009.11.05 08:08:03.841,0.818,0.8182,2.50,4.00
2009.11.05 08:08:04.301,0.818,0.8182,2.40,4.10
2009.11.05 08:08:05.101,0.818,0.8182,2.50,4.00
2009.11.05 08:08:05.281,0.818,0.81825,2.50,6.20
2009.11.05 08:08:05.510,0.818,0.81825,2.40,6.40
2009.11.05 08:08:07.160,0.818,0.81825,2.40,10.30
2009.11.05 08:08:12.599,0.818,0.81825,2.50,9.70
2009.11.05 08:08:12.769,0.818,0.81825,2.50,5.70
2009.11.05 08:08:12.879,0.818,0.81825,2.40,5.90
2009.11.05 08:08:12.999,0.818,0.81825,3.60,5.60
2009.11.05 08:08:13.109,0.81805,0.81825,3.70,4.00
2009.11.05 08:08:13.289,0.81805,0.81825,4.80,4.00
2009.11.05 08:08:13.449,0.81805,0.81825,5.60,4.00
2009.11.05 08:08:13.899,0.81805,0.8183,5.60,8.80
2009.11.05 08:08:14.188,0.81805,0.8183,5.60,4.80
2009.11.05 08:08:14.538,0.81805,0.8183,5.60,4.00
2009.11.05 08:08:14.828,0.81805,0.81825,3.70,4.00
2009.11.05 08:08:15.168,0.81805,0.81825,3.60,4.00
2009.11.05 08:08:15.528,0.81805,0.81825,3.70,4.00
2009.11.05 08:08:17.938,0.81805,0.8183,3.70,4.00
2009.11.05 08:08:18.057,0.81805,0.81835,3.70,6.20
2009.11.05 08:08:18.238,0.81805,0.81835,5.60,4.90
2009.11.05 08:08:18.347,0.81815,0.81835,2.40,4.80
2009.11.05 08:08:18.527,0.81815,0.81835,2.40,4.00
2009.11.05 08:08:18.638,0.8182,0.81835,2.40,8.00
2009.11.05 08:08:18.817,0.81815,0.8184,2.40,1.00
2009.11.05 08:08:18.977,0.81815,0.8184,2.40,2.40
2009.11.05 08:08:19.277,0.81815,0.8184,1.20,14.00
2009.11.05 08:08:19.567,0.8181,0.8184,2.50,18.20
2009.11.05 08:08:19.917,0.8181,0.8184,1.00,15.00
2009.11.05 08:08:20.197,0.8181,0.81835,1.00,8.80
2009.11.05 08:08:20.597,0.81805,0.8183,2.50,6.40
2009.11.05 08:08:21.797,0.81805,0.8183,2.50,6.50
2009.11.05 08:08:23.286,0.81805,0.8183,2.50,7.30
2009.11.05 08:08:23.876,0.81805,0.8183,2.50,6.50
2009.11.05 08:08:23.936,0.81805,0.8183,2.50,4.10
2009.11.05 08:08:24.046,0.81805,0.8183,3.70,4.90
2009.11.05 08:08:24.446,0.81805,0.8183,3.70,1.00
2009.11.05 08:08:24.566,0.81805,0.8183,3.70,1.00
2009.11.05 08:08:24.736,0.81805,0.81835,3.80,4.80
2009.11.05 08:08:24.856,0.81815,0.81835,2.40,1.00
2009.11.05 08:08:25.016,0.81815,0.81835,3.60,1.00
2009.11.05 08:08:26.455,0.81815,0.8184,3.60,5.40
2009.11.05 08:08:26.735,0.81815,0.8184,3.70,5.40
2009.11.05 08:08:28.745,0.81815,0.8184,3.70,6.20
2009.11.05 08:08:28.925,0.8181,0.8184,9.30,8.60
2009.11.05 08:08:29.035,0.8181,0.81835,3.70,1.60
2009.11.05 08:08:29.555,0.81815,0.81835,1.00,1.60
2009.11.05 08:08:31.194,0.81815,0.81835,1.00,2.40
2009.11.05 08:08:31.784,0.81815,0.81835,1.00,6.40
2009.11.05 08:08:36.923,0.81815,0.81835,1.00,2.40
2009.11.05 08:08:37.403,0.8181,0.8183,1.30,1.00
2009.11.05 08:08:37.453,0.8181,0.8183,1.00,1.00
2009.11.05 08:08:41.462,0.81805,0.8183,3.50,1.00
2009.11.05 08:08:52.299,0.818,0.8182,1.90,1.00
2009.11.05 08:08:52.639,0.818,0.8182,1.00,1.00
2009.11.05 08:08:52.869,0.81795,0.8182,9.40,1.00
2009.11.05 08:08:53.549,0.81795,0.8182,8.60,3.30
2009.11.05 08:08:53.659,0.81795,0.8182,7.60,7.30
2009.11.05 08:08:53.949,0.81795,0.8182,6.80,7.30
2009.11.05 08:08:54.699,0.81795,0.8182,3.60,7.30
2009.11.05 08:08:54.919,0.81795,0.8182,3.60,10.50
2009.11.05 08:08:55.029,0.81795,0.81815,2.40,1.00
2009.11.05 08:08:55.199,0.81795,0.8181,2.40,1.00
2009.11.05 08:08:55.539,0.8179,0.81805,2.50,2.40
2009.11.05 08:08:55.709,0.81785,0.81805,12.00,2.40
2009.11.05 08:08:56.038,0.8179,0.8181,3.60,1.00
2009.11.05 08:08:57.068,0.8179,0.81815,3.60,6.90
2009.11.05 08:08:57.188,0.8179,0.81815,3.60,6.50
2009.11.05 08:08:57.348,0.81795,0.81815,1.20,4.80
2009.11.05 08:08:57.468,0.81795,0.81815,3.60,1.60
2009.11.05 08:08:57.588,0.81795,0.81815,3.60,1.00
2009.11.05 08:08:57.648,0.81795,0.8181,1.20,1.00
2009.11.05 08:08:57.768,0.8179,0.8181,4.50,1.00
2009.11.05 08:08:58.128,0.8179,0.8181,3.70,1.00
2009.11.05 08:09:04.177,0.81785,0.818,3.60,1.00
2009.11.05 08:09:04.296,0.8178,0.818,4.40,1.00
2009.11.05 08:09:04.596,0.8178,0.818,3.60,1.00
2009.11.05 08:09:05.166,0.8178,0.81805,3.60,6.90
2009.11.05 08:09:05.566,0.81785,0.81805,3.60,4.80
2009.11.05 08:09:06.796,0.81785,0.81805,3.60,1.00
2009.11.05 08:09:07.606,0.8178,0.81805,4.50,6.10
2009.11.05 08:09:07.876,0.8178,0.818,3.70,1.00
2009.11.05 08:09:09.665,0.8178,0.81805,3.70,3.40
2009.11.05 08:09:09.945,0.8178,0.81805,4.50,3.20
2009.11.05 08:09:10.175,0.8178,0.81805,4.50,1.00
2009.11.05 08:09:10.415,0.8179,0.8181,1.20,5.60
2009.11.05 08:09:10.645,0.8179,0.8181,1.20,5.20
2009.11.05 08:09:10.945,0.81785,0.81805,3.60,1.00
2009.11.05 08:09:11.285,0.81785,0.8181,3.60,6.00
2009.11.05 08:09:11.635,0.81785,0.8181,3.60,4.00
2009.11.05 08:09:11.965,0.8179,0.81815,3.60,8.10
2009.11.05 08:09:13.014,0.8179,0.81815,3.60,8.00
2009.11.05 08:09:13.704,0.8179,0.81815,3.70,8.00
2009.11.05 08:09:17.683,0.8179,0.81815,3.60,8.10
2009.11.05 08:09:20.893,0.8179,0.81815,3.90,8.00
2009.11.05 08:09:21.222,0.8179,0.81815,3.60,4.10
2009.11.05 08:09:21.522,0.8179,0.81815,5.50,1.60
2009.11.05 08:09:21.853,0.81805,0.81825,2.40,1.60
2009.11.05 08:09:22.032,0.81805,0.81825,2.40,1.00
2009.11.05 08:09:22.372,0.81805,0.8183,2.40,6.00
2009.11.05 08:09:22.892,0.818,0.8183,1.20,12.20
2009.11.05 08:09:23.242,0.81795,0.81825,8.70,4.80
2009.11.05 08:09:23.592,0.81795,0.81825,4.40,4.80
2009.11.05 08:09:23.872,0.81795,0.8182,4.40,4.80
2009.11.05 08:09:24.111,0.81795,0.8182,3.60,4.80
2009.11.05 08:09:24.341,0.81795,0.81815,3.60,4.00
2009.11.05 08:09:24.801,0.81795,0.8182,3.60,4.80
2009.11.05 08:09:25.991,0.818,0.8182,3.60,4.00
2009.11.05 08:09:26.311,0.818,0.81825,3.60,1.00
2009.11.05 08:09:27.401,0.81805,0.8183,2.40,11.00
2009.11.05 08:09:27.911,0.818,0.8183,2.40,18.60
2009.11.05 08:09:28.251,0.8181,0.81825,2.40,1.60
2009.11.05 08:09:28.481,0.8181,0.8183,2.40,10.80
2009.11.05 08:09:28.650,0.818,0.81825,2.40,2.40
2009.11.05 08:09:28.830,0.818,0.81825,2.40,10.00
2009.11.05 08:09:29.010,0.818,0.81825,2.40,10.80
2009.11.05 08:09:29.240,0.818,0.81825,2.40,7.20
2009.11.05 08:09:29.710,0.818,0.81825,2.40,7.30
2009.11.05 08:09:30.440,0.81805,0.81825,2.40,5.70
2009.11.05 08:09:30.770,0.81805,0.8183,3.60,4.00
2009.11.05 08:09:31.120,0.81805,0.81835,9.50,4.00
2009.11.05 08:09:31.830,0.81805,0.8183,13.50,1.00
2009.11.05 08:09:32.190,0.81815,0.81835,2.40,4.10
2009.11.05 08:09:32.530,0.81815,0.81835,2.40,1.00
2009.11.05 08:09:33.449,0.81815,0.81835,2.40,1.60
2009.11.05 08:09:33.559,0.81815,0.81835,2.40,1.70
2009.11.05 08:09:33.619,0.8181,0.81835,3.70,5.70
2009.11.05 08:09:34.879,0.8181,0.81835,3.90,5.60
2009.11.05 08:09:35.229,0.81815,0.81835,1.00,1.60
2009.11.05 08:09:35.559,0.8181,0.81835,3.70,5.70
2009.11.05 08:09:35.859,0.8181,0.81825,3.60,1.00
2009.11.05 08:09:36.149,0.81805,0.81825,4.00,1.70
2009.11.05 08:09:36.479,0.818,0.81825,5.10,1.70
2009.11.05 08:09:36.769,0.818,0.81825,4.30,1.70
2009.11.05 08:09:37.809,0.8181,0.8183,3.30,4.00
2009.11.05 08:09:37.928,0.8181,0.81835,6.00,1.00
2009.11.05 08:09:38.029,0.8181,0.81835,6.00,1.00
2009.11.05 08:09:38.268,0.8181,0.81835,7.60,1.00
2009.11.05 08:09:38.878,0.8181,0.81835,10.80,1.00
2009.11.05 08:09:39.168,0.8181,0.81845,19.70,4.90
2009.11.05 08:09:39.448,0.8182,0.81845,3.20,4.80
2009.11.05 08:09:39.738,0.8182,0.81845,2.40,4.80
2009.11.05 08:09:39.978,0.8182,0.81845,2.40,4.00
2009.11.05 08:09:40.718,0.8182,0.8185,2.40,8.10
2009.11.05 08:09:41.537,0.8182,0.8185,2.40,12.60
2009.11.05 08:09:43.817,0.8182,0.8185,2.50,12.40
2009.11.05 08:09:44.277,0.8182,0.81845,1.00,2.40
2009.11.05 08:09:44.457,0.8182,0.8184,1.00,1.60
2009.11.05 08:09:44.737,0.8182,0.8184,3.50,1.60
2009.11.05 08:09:45.017,0.8182,0.81845,3.50,1.60
2009.11.05 08:09:45.186,0.8182,0.81845,1.00,5.60
2009.11.05 08:09:45.546,0.81815,0.8184,11.00,5.60
2009.11.05 08:09:48.496,0.8182,0.81845,3.50,6.20
2009.11.05 08:09:48.616,0.8182,0.81845,3.50,5.70
2009.11.05 08:09:48.906,0.8182,0.81845,5.10,4.10
2009.11.05 08:09:49.026,0.8182,0.81845,5.10,4.00
2009.11.05 08:09:49.196,0.8182,0.81845,3.50,5.60
2009.11.05 08:09:49.425,0.8182,0.81845,3.50,1.60
2009.11.05 08:09:50.285,0.8182,0.81845,3.50,5.60
2009.11.05 08:09:50.625,0.81825,0.81845,4.00,4.00
2009.11.05 08:09:50.905,0.81825,0.81845,6.00,4.00
2009.11.05 08:09:51.455,0.8183,0.81855,2.50,10.20
2009.11.05 08:09:51.905,0.8183,0.8185,2.40,1.00
2009.11.05 08:09:52.945,0.81825,0.8185,3.20,5.70
2009.11.05 08:09:53.005,0.81825,0.8185,2.40,5.70
2009.11.05 08:09:53.745,0.81825,0.8185,3.30,4.10
2009.11.05 08:09:53.804,0.81825,0.8185,4.10,4.00
2009.11.05 08:09:53.924,0.8183,0.81855,2.40,7.60
2009.11.05 08:09:59.703,0.8183,0.81855,2.40,8.00
2009.11.05 08:09:59.823,0.8183,0.8185,2.40,4.10
2009.11.05 08:10:00.513,0.8183,0.81855,2.40,11.60
2009.11.05 08:10:00.903,0.8183,0.81855,2.40,8.40
2009.11.05 08:10:02.802,0.81825,0.81855,2.50,13.20
2009.11.05 08:10:03.023,0.81825,0.8185,2.40,1.60
2009.11.05 08:10:03.083,0.81825,0.8185,2.40,5.60
2009.11.05 08:10:03.202,0.81825,0.8185,2.40,9.60
2009.11.05 08:10:03.262,0.81825,0.8185,2.40,9.60
2009.11.05 08:10:03.772,0.81825,0.8185,2.40,9.60
2009.11.05 08:10:04.112,0.81825,0.8185,2.40,5.60
2009.11.05 08:10:04.452,0.81825,0.8185,2.40,5.70
2009.11.05 08:10:05.902,0.8182,0.8185,8.60,9.00
2009.11.05 08:10:06.232,0.8182,0.8185,4.60,14.60
2009.11.05 08:10:06.531,0.8182,0.81845,3.50,5.70
2009.11.05 08:10:09.541,0.8182,0.81845,3.50,6.50
2009.11.05 08:10:09.660,0.8182,0.81845,2.50,7.30
2009.11.05 08:10:09.721,0.8182,0.81845,2.40,10.50
2009.11.05 08:10:09.781,0.8182,0.81845,2.40,11.00
2009.11.05 08:10:09.891,0.81815,0.81845,4.30,14.20
2009.11.05 08:10:09.951,0.81815,0.81845,1.90,14.20
2009.11.05 08:10:10.471,0.81815,0.8184,1.00,4.80
2009.11.05 08:10:10.710,0.8181,0.8184,3.30,9.20
2009.11.05 08:10:10.940,0.8181,0.8184,5.80,4.00
2009.11.05 08:10:11.170,0.8181,0.81845,7.60,12.40
2009.11.05 08:10:12.340,0.8181,0.8184,7.60,8.00
2009.11.05 08:10:12.630,0.8181,0.8184,2.50,12.40
2009.11.05 08:10:13.750,0.8181,0.8184,2.50,12.60
2009.11.05 08:10:15.209,0.8181,0.8184,2.40,16.70
2009.11.05 08:10:15.450,0.8181,0.81835,2.40,1.00
2009.11.05 08:10:19.649,0.8181,0.8184,9.80,9.40
2009.11.05 08:10:20.168,0.8181,0.8184,8.20,12.60
2009.11.05 08:10:20.518,0.8181,0.81835,2.50,4.00
2009.11.05 08:10:21.088,0.8181,0.8184,2.50,14.20
2009.11.05 08:10:22.818,0.8181,0.8183,1.00,6.40
2009.11.05 08:10:22.938,0.8181,0.81825,1.00,4.80
2009.11.05 08:10:23.108,0.8181,0.81825,1.00,8.40
2009.11.05 08:10:23.228,0.8181,0.81815,1.00,1.60
2009.11.05 08:10:23.458,0.818,0.81815,1.00,1.60
2009.11.05 08:10:24.157,0.8179,0.81815,1.70,9.20
2009.11.05 08:10:24.547,0.8179,0.81805,1.00,1.60
2009.11.05 08:10:24.897,0.8178,0.81805,2.50,5.60
2009.11.05 08:10:25.757,0.8178,0.81805,2.50,5.70
2009.11.05 08:10:26.157,0.8178,0.81805,3.50,4.00
2009.11.05 08:10:26.457,0.8178,0.8181,3.50,5.40
2009.11.05 08:10:28.606,0.8178,0.8181,1.10,7.80
2009.11.05 08:10:28.666,0.8178,0.8181,1.00,11.00
2009.11.05 08:10:28.726,0.81775,0.8181,7.50,11.00
2009.11.05 08:10:28.776,0.81775,0.81805,5.10,2.40
2009.11.05 08:10:28.836,0.81775,0.81805,4.00,2.40
2009.11.05 08:10:28.886,0.81775,0.818,4.00,1.00
2009.11.05 08:10:29.006,0.81775,0.81805,4.10,4.90
2009.11.05 08:10:29.066,0.81775,0.81805,4.10,5.70
2009.11.05 08:10:29.116,0.81775,0.81805,4.10,6.20
2009.11.05 08:10:29.177,0.81775,0.81805,1.00,13.40
2009.11.05 08:10:29.536,0.8177,0.818,9.40,1.00
2009.11.05 08:10:30.446,0.8177,0.81795,4.80,1.00
2009.11.05 08:10:30.786,0.8177,0.81795,8.60,1.00
2009.11.05 08:10:31.135,0.8177,0.81795,4.60,1.00
2009.11.05 08:10:31.485,0.8177,0.81795,3.50,1.00
2009.11.05 08:10:31.775,0.8177,0.818,3.50,6.20
2009.11.05 08:10:32.646,0.8177,0.818,3.50,4.60
2009.11.05 08:10:32.885,0.8177,0.81795,3.50,4.00
2009.11.05 08:10:33.625,0.8177,0.81795,3.50,6.00
2009.11.05 08:10:33.925,0.8177,0.81795,3.50,6.40
2009.11.05 08:10:34.495,0.8177,0.81795,3.50,4.00
2009.11.05 08:10:34.774,0.8177,0.818,3.50,9.00
2009.11.05 08:10:36.374,0.81775,0.818,1.00,8.80
2009.11.05 08:10:36.674,0.81775,0.818,1.00,8.00
2009.11.05 08:10:37.014,0.8177,0.818,7.50,8.20
2009.11.05 08:10:37.314,0.8177,0.818,3.50,8.20
2009.11.05 08:10:37.844,0.8177,0.818,3.50,4.50
2009.11.05 08:10:38.944,0.8177,0.818,3.50,4.10
2009.11.05 08:10:39.643,0.8177,0.818,3.50,4.50
2009.11.05 08:10:39.983,0.8177,0.818,4.30,4.50
2009.11.05 08:10:40.203,0.8178,0.818,4.90,4.00
2009.11.05 08:10:40.423,0.81775,0.81795,4.00,1.60
2009.11.05 08:10:40.713,0.8177,0.818,8.30,3.20
2009.11.05 08:10:40.943,0.8177,0.818,3.50,4.90
2009.11.05 08:10:41.293,0.8177,0.818,3.50,4.50
2009.11.05 08:10:41.783,0.8177,0.818,3.50,4.10
2009.11.05 08:10:45.782,0.8177,0.818,2.40,6.40
2009.11.05 08:10:46.142,0.8177,0.818,2.40,6.80
2009.11.05 08:10:46.702,0.81775,0.818,4.00,4.40
2009.11.05 08:10:46.992,0.8178,0.81805,2.40,4.00
2009.11.05 08:10:47.232,0.8178,0.8181,4.40,6.50
2009.11.05 08:10:47.402,0.8178,0.8181,4.60,4.80
2009.11.05 08:10:47.582,0.8178,0.8181,5.40,4.00
2009.11.05 08:10:47.761,0.8179,0.81815,2.40,12.40
2009.11.05 08:10:47.922,0.8179,0.81815,2.40,4.80
2009.11.05 08:10:48.492,0.81785,0.81815,6.00,5.60
2009.11.05 08:10:48.771,0.81785,0.81815,5.10,4.00
2009.11.05 08:10:49.061,0.81785,0.81815,8.40,1.00
2009.11.05 08:10:49.351,0.81785,0.81815,5.10,4.80
2009.11.05 08:10:49.691,0.81785,0.81815,7.50,4.00
2009.11.05 08:10:49.861,0.8179,0.81815,2.40,4.80
2009.11.05 08:10:49.981,0.81785,0.81815,6.00,1.00
2009.11.05 08:10:50.151,0.81785,0.81815,4.00,5.20
2009.11.05 08:10:50.321,0.81785,0.81815,4.00,5.40
2009.11.05 08:10:50.901,0.81785,0.81815,4.00,5.20
2009.11.05 08:10:53.360,0.8178,0.81815,13.40,5.20
2009.11.05 08:10:53.660,0.8178,0.81815,13.20,5.20
2009.11.05 08:10:53.720,0.8178,0.81815,10.80,5.20
2009.11.05 08:10:53.830,0.8178,0.81815,9.90,6.00
2009.11.05 08:10:53.940,0.8178,0.8181,5.20,4.00
2009.11.05 08:10:54.050,0.8178,0.81815,8.40,10.00
2009.11.05 08:10:54.280,0.81785,0.81815,2.40,13.60
2009.11.05 08:10:55.660,0.81785,0.81815,2.40,9.20
2009.11.05 08:10:56.000,0.81785,0.81815,2.40,5.20
2009.11.05 08:10:56.349,0.8179,0.81815,2.40,4.40
2009.11.05 08:10:56.709,0.8179,0.81815,2.50,1.00
2009.11.05 08:10:59.329,0.8179,0.8182,2.50,11.80
2009.11.05 08:11:00.708,0.8179,0.8182,2.50,10.20
2009.11.05 08:11:03.768,0.8179,0.8182,2.50,9.40
2009.11.05 08:11:04.227,0.8179,0.8182,3.60,5.70
2009.11.05 08:11:04.447,0.8179,0.8182,5.20,4.00
2009.11.05 08:11:04.858,0.8179,0.8182,8.40,4.00
2009.11.05 08:11:05.087,0.8179,0.81825,13.20,4.10
2009.11.05 08:11:05.317,0.8179,0.81825,13.20,4.10
2009.11.05 08:11:06.477,0.81795,0.81825,3.50,4.90
2009.11.05 08:11:06.777,0.81795,0.81825,2.40,13.70
2009.11.05 08:11:07.007,0.81795,0.81815,2.40,1.60
2009.11.05 08:11:07.297,0.8179,0.81815,4.40,5.60
2009.11.05 08:11:07.527,0.8179,0.81815,3.50,5.60
2009.11.05 08:11:08.446,0.8179,0.81815,3.60,5.60
2009.11.05 08:11:08.797,0.8179,0.81815,3.60,1.60
2009.11.05 08:11:09.026,0.8179,0.81815,3.60,5.60
2009.11.05 08:11:09.306,0.81795,0.81815,2.40,5.60
2009.11.05 08:11:09.546,0.81795,0.8182,2.40,6.80
2009.11.05 08:11:13.435,0.81795,0.8182,6.70,6.80
2009.11.05 08:11:13.615,0.81795,0.81825,6.70,8.00
2009.11.05 08:11:13.955,0.81795,0.81825,6.70,4.00
2009.11.05 08:11:15.685,0.81795,0.81825,6.70,5.20
2009.11.05 08:11:16.045,0.81795,0.81825,2.40,9.80
2009.11.05 08:11:16.395,0.81795,0.81825,2.40,13.80
2009.11.05 08:11:17.085,0.81795,0.8182,7.50,4.00
2009.11.05 08:11:17.435,0.81795,0.81825,10.70,4.10
2009.11.05 08:11:18.544,0.81795,0.81825,10.70,4.00
2009.11.05 08:11:18.704,0.81795,0.81825,10.70,4.10
2009.11.05 08:11:21.404,0.81795,0.8182,4.30,1.00
2009.11.05 08:11:21.753,0.8179,0.8182,7.60,4.90
2009.11.05 08:11:22.623,0.8179,0.8182,4.40,4.90
2009.11.05 08:11:22.893,0.8179,0.8182,4.30,4.90
2009.11.05 08:11:23.353,0.8179,0.8182,4.40,4.90
2009.11.05 08:11:23.633,0.8179,0.8182,3.60,4.90
2009.11.05 08:11:26.372,0.8179,0.8182,2.50,8.60
2009.11.05 08:11:29.872,0.8179,0.81815,2.50,2.40
2009.11.05 08:11:30.101,0.8179,0.81815,2.50,2.80
2009.11.05 08:11:30.382,0.8179,0.81815,2.40,7.00
2009.11.05 08:11:31.581,0.8179,0.8181,2.40,1.00
2009.11.05 08:11:31.921,0.8179,0.8181,2.40,4.10
2009.11.05 08:11:32.281,0.8178,0.8181,3.50,4.10
2009.11.05 08:11:32.671,0.8178,0.8181,7.50,4.10
2009.11.05 08:11:33.011,0.8178,0.8181,8.60,4.10
2009.11.05 08:11:36.370,0.8178,0.8181,4.60,4.10
2009.11.05 08:11:36.950,0.8178,0.8181,3.50,4.60
2009.11.05 08:11:38.309,0.8178,0.8181,3.50,5.40
2009.11.05 08:11:38.480,0.8178,0.81805,3.50,1.00
2009.11.05 08:11:38.659,0.8178,0.81805,2.50,2.00
2009.11.05 08:11:39.129,0.8178,0.81805,2.50,6.00
2009.11.05 08:11:40.059,0.8178,0.81805,2.50,6.10
2009.11.05 08:11:41.139,0.8178,0.818,2.40,1.00
2009.11.05 08:11:41.528,0.8178,0.81805,2.50,9.80
2009.11.05 08:11:42.338,0.8178,0.818,2.40,4.10
2009.11.05 08:11:42.628,0.8178,0.81805,1.00,11.80
2009.11.05 08:11:42.908,0.8178,0.81805,1.00,15.80
2009.11.05 08:11:43.078,0.8178,0.81805,1.00,16.60
2009.11.05 08:11:43.198,0.81775,0.818,2.40,4.00
2009.11.05 08:11:47.497,0.81775,0.81795,2.40,1.00
2009.11.05 08:11:53.176,0.8177,0.81795,3.50,1.00
2009.11.05 08:11:53.346,0.8177,0.81795,2.50,2.50
2009.11.05 08:11:53.506,0.81765,0.81795,7.50,8.40
2009.11.05 08:11:53.855,0.81765,0.8179,2.40,1.00
2009.11.05 08:11:56.805,0.81765,0.8179,2.40,6.40
2009.11.05 08:11:58.714,0.81765,0.8179,2.40,2.40
2009.11.05 08:11:58.985,0.81765,0.8179,2.40,6.40
2009.11.05 08:11:59.964,0.81765,0.8179,2.40,2.40
2009.11.05 08:12:00.614,0.81765,0.8179,2.40,6.40
2009.11.05 08:12:02.133,0.8176,0.8179,3.50,6.40
2009.11.05 08:12:02.364,0.8176,0.8179,3.60,6.40
2009.11.05 08:12:03.233,0.8176,0.8179,7.60,2.40
2009.11.05 08:12:03.523,0.8176,0.8179,8.40,2.40
2009.11.05 08:12:04.593,0.8176,0.8179,7.60,2.40
2009.11.05 08:12:04.953,0.8176,0.8179,8.80,2.40
2009.11.05 08:12:05.513,0.81765,0.81795,6.70,5.60
2009.11.05 08:12:05.853,0.81765,0.81795,10.70,4.00
2009.11.05 08:12:06.143,0.81765,0.818,10.70,11.00
2009.11.05 08:12:06.723,0.8177,0.81795,4.60,4.00
2009.11.05 08:12:07.063,0.8177,0.818,5.10,8.00
2009.11.05 08:12:07.242,0.8177,0.818,5.10,4.00
2009.11.05 08:12:07.423,0.8177,0.818,1.10,4.00
2009.11.05 08:12:08.182,0.8177,0.81795,1.10,4.00
2009.11.05 08:12:09.162,0.8177,0.818,1.10,7.30
2009.11.05 08:12:09.342,0.8177,0.818,1.10,4.90
2009.11.05 08:12:09.442,0.81765,0.81795,13.10,2.40
2009.11.05 08:12:09.562,0.81765,0.81795,13.20,2.40
2009.11.05 08:12:09.672,0.81765,0.81795,14.00,8.00
2009.11.05 08:12:09.902,0.81765,0.81795,19.20,4.00
2009.11.05 08:12:10.522,0.81765,0.81795,16.00,4.00
2009.11.05 08:12:10.851,0.81765,0.81795,15.20,4.00
2009.11.05 08:12:11.211,0.81765,0.81795,16.20,4.10
2009.11.05 08:12:11.561,0.81765,0.81795,20.00,4.10
2009.11.05 08:12:11.911,0.8178,0.81795,9.10,4.10
2009.11.05 08:12:12.651,0.81795,0.81805,1.10,1.00
2009.11.05 08:12:13.002,0.81795,0.81805,3.50,1.00
2009.11.05 08:12:13.291,0.81795,0.81825,3.50,4.10
2009.11.05 08:12:13.531,0.81795,0.81825,4.60,4.10
2009.11.05 08:12:13.821,0.81795,0.81825,4.60,4.00
2009.11.05 08:12:14.231,0.8179,0.81815,14.40,1.60
2009.11.05 08:12:14.561,0.8179,0.8182,10.40,4.80
2009.11.05 08:12:14.911,0.81795,0.8182,7.80,4.00
2009.11.05 08:12:15.201,0.81795,0.8182,8.00,4.00
2009.11.05 08:12:15.481,0.81795,0.81825,12.00,4.00
2009.11.05 08:12:15.700,0.81795,0.8183,12.00,11.00
2009.11.05 08:12:16.060,0.81795,0.8183,12.00,11.80
2009.11.05 08:12:16.400,0.81795,0.8183,12.00,11.00
2009.11.05 08:12:17.140,0.81795,0.8183,12.20,11.00
2009.11.05 08:12:17.670,0.818,0.8183,1.00,11.00
2009.11.05 08:12:19.979,0.818,0.8183,1.00,11.60
2009.11.05 08:12:20.499,0.818,0.8183,1.00,11.80
2009.11.05 08:12:21.189,0.818,0.8183,1.00,11.60
2009.11.05 08:12:21.529,0.818,0.8183,1.00,11.80
2009.11.05 08:12:22.699,0.818,0.8183,1.00,12.60
2009.11.05 08:12:22.819,0.818,0.81825,1.00,3.60
2009.11.05 08:12:22.989,0.818,0.81825,1.00,4.40
2009.11.05 08:12:23.168,0.818,0.8182,1.00,2.40
2009.11.05 08:12:23.579,0.8179,0.8182,4.10,2.80
2009.11.05 08:12:23.868,0.8179,0.8182,1.00,6.80
2009.11.05 08:12:24.678,0.8179,0.81815,1.00,4.00
2009.11.05 08:12:28.397,0.8179,0.8182,1.00,15.00
2009.11.05 08:12:28.567,0.8179,0.8182,1.00,10.80
2009.11.05 08:12:28.907,0.8179,0.8182,1.00,14.80
2009.11.05 08:12:29.077,0.8179,0.8182,1.00,15.00
2009.11.05 08:12:36.735,0.81795,0.8182,2.40,15.00
2009.11.05 08:12:37.085,0.81795,0.8182,2.50,2.40
2009.11.05 08:12:37.375,0.81795,0.8182,2.40,2.50
2009.11.05 08:12:37.715,0.81795,0.8182,2.50,2.50
2009.11.05 08:12:39.695,0.81795,0.8182,2.50,3.30
2009.11.05 08:12:42.134,0.818,0.8182,1.00,2.40
2009.11.05 08:12:43.194,0.818,0.8182,1.00,2.80
2009.11.05 08:12:43.434,0.818,0.8182,1.00,6.00
2009.11.05 08:12:43.663,0.81795,0.8182,2.50,6.20
2009.11.05 08:12:43.893,0.81795,0.8182,4.10,3.80
2009.11.05 08:12:44.114,0.81795,0.8182,1.60,7.20
2009.11.05 08:12:44.343,0.8179,0.8182,8.90,10.40
2009.11.05 08:12:44.514,0.81795,0.8182,1.00,14.00
2009.11.05 08:12:44.743,0.81795,0.8182,2.40,7.00
2009.11.05 08:12:44.973,0.81795,0.8182,2.40,3.00
2009.11.05 08:12:45.313,0.81795,0.8182,2.50,2.80
2009.11.05 08:12:45.673,0.81795,0.8182,2.70,2.80
2009.11.05 08:12:46.543,0.818,0.8182,1.00,3.60
2009.11.05 08:12:46.763,0.818,0.8182,1.00,6.80
2009.11.05 08:12:47.063,0.81795,0.8182,4.10,4.40
2009.11.05 08:12:47.293,0.81795,0.8182,2.70,6.40
2009.11.05 08:12:47.643,0.81795,0.8182,2.50,3.20
2009.11.05 08:12:48.383,0.81795,0.81825,2.70,11.60
2009.11.05 08:12:48.612,0.818,0.81825,1.00,4.40
2009.11.05 08:12:48.842,0.818,0.81825,1.00,3.60
2009.11.05 08:12:51.592,0.818,0.81825,1.00,7.60
2009.11.05 08:12:51.941,0.81795,0.81825,2.50,7.80
2009.11.05 08:12:52.481,0.81795,0.81825,2.70,7.60
2009.11.05 08:12:53.461,0.81795,0.81825,4.00,7.80
2009.11.05 08:12:53.641,0.81795,0.81825,4.00,3.80
2009.11.05 08:12:53.861,0.81795,0.81825,6.40,3.80
2009.11.05 08:12:54.611,0.81795,0.81825,6.40,3.60
2009.11.05 08:12:54.791,0.81795,0.81825,6.70,3.60
2009.11.05 08:12:56.701,0.81795,0.81825,6.50,3.60
2009.11.05 08:12:58.990,0.818,0.81825,1.00,3.20
2009.11.05 08:12:59.170,0.818,0.8183,1.00,11.00
2009.11.05 08:12:59.560,0.818,0.8183,1.00,7.30
2009.11.05 08:12:59.730,0.818,0.8183,4.10,6.50
2009.11.05 08:12:59.890,0.818,0.8183,5.20,6.50
2009.11.05 08:13:00.010,0.818,0.8183,9.20,2.50
2009.11.05 08:13:00.190,0.818,0.8183,10.00,6.50
2009.11.05 08:13:00.599,0.818,0.8183,10.20,6.50
2009.11.05 08:13:00.779,0.81805,0.8183,1.00,2.50
2009.11.05 08:13:02.499,0.81805,0.8183,1.00,4.10
2009.11.05 08:13:02.729,0.81805,0.8183,1.00,4.20
2009.11.05 08:13:03.309,0.818,0.8183,6.00,11.30
2009.11.05 08:13:03.489,0.818,0.8182,7.50,2.40
2009.11.05 08:13:03.659,0.81795,0.81815,6.50,1.60
2009.11.05 08:13:03.779,0.81795,0.81825,9.70,11.60
2009.11.05 08:13:03.939,0.81795,0.81825,6.50,7.60
2009.11.05 08:13:04.109,0.81795,0.81825,6.50,3.60
2009.11.05 08:13:04.879,0.818,0.81825,1.00,3.60
2009.11.05 08:13:06.988,0.8179,0.81825,10.70,13.40
2009.11.05 08:13:07.158,0.8179,0.81815,4.80,1.60
2009.11.05 08:13:07.388,0.8179,0.8181,4.90,2.40
2009.11.05 08:13:07.618,0.8179,0.8181,1.00,2.80
2009.11.05 08:13:07.968,0.81785,0.8181,5.60,2.80
2009.11.05 08:13:08.318,0.8178,0.8181,4.10,7.60
2009.11.05 08:13:08.657,0.8178,0.8181,4.00,7.60
2009.11.05 08:13:09.977,0.81775,0.8181,8.00,7.70
2009.11.05 08:13:10.148,0.8177,0.81805,12.40,6.00
2009.11.05 08:13:10.327,0.8177,0.81805,11.60,10.80
2009.11.05 08:13:10.497,0.8177,0.818,1.00,6.80
2009.11.05 08:13:10.837,0.8177,0.81795,1.00,4.80
2009.11.05 08:13:11.047,0.8177,0.8179,1.00,1.00
2009.11.05 08:13:11.377,0.81765,0.8179,1.00,3.60
2009.11.05 08:13:11.727,0.81765,0.8179,1.00,2.80
2009.11.05 08:13:12.807,0.81765,0.8179,1.00,11.20
2009.11.05 08:13:13.796,0.81765,0.8179,4.90,4.80
2009.11.05 08:13:14.086,0.81765,0.8179,4.90,8.00
2009.11.05 08:13:14.376,0.81765,0.8179,4.90,8.00
2009.11.05 08:13:14.606,0.8177,0.8179,2.40,8.80
2009.11.05 08:13:14.896,0.8177,0.81785,1.00,4.00
2009.11.05 08:13:15.706,0.81775,0.81795,1.00,4.80
2009.11.05 08:13:16.036,0.8178,0.818,1.00,4.00
2009.11.05 08:13:16.436,0.8178,0.818,5.10,8.00
2009.11.05 08:13:17.066,0.8178,0.818,7.50,4.00
2009.11.05 08:13:17.346,0.8178,0.81805,7.50,4.00
2009.11.05 08:13:17.685,0.81785,0.81805,1.00,4.00
2009.11.05 08:13:17.975,0.8178,0.81805,7.60,6.40
2009.11.05 08:13:18.255,0.8178,0.818,5.20,8.00
2009.11.05 08:13:18.585,0.8178,0.818,4.40,8.00
2009.11.05 08:13:18.695,0.8178,0.818,3.60,4.00
2009.11.05 08:13:18.815,0.8178,0.81805,3.60,4.00
2009.11.05 08:13:18.995,0.8178,0.81805,6.80,4.00
2009.11.05 08:13:19.115,0.8178,0.81805,6.80,8.00
2009.11.05 08:13:19.275,0.8178,0.818,7.60,4.00
2009.11.05 08:13:19.895,0.8178,0.81805,7.60,4.00
2009.11.05 08:13:20.235,0.8178,0.8181,7.60,7.20
2009.11.05 08:13:20.535,0.8178,0.8181,7.60,6.40
2009.11.05 08:13:23.304,0.8178,0.8181,10.00,6.40
2009.11.05 08:13:23.534,0.81795,0.8181,3.20,4.00
2009.11.05 08:13:23.754,0.81795,0.8182,3.20,4.80
2009.11.05 08:13:24.104,0.81795,0.8182,4.30,1.00
2009.11.05 08:13:24.454,0.81795,0.8182,4.30,4.00
2009.11.05 08:13:25.594,0.81795,0.8182,4.60,4.00
2009.11.05 08:13:26.523,0.81795,0.81825,6.00,2.40
2009.11.05 08:13:27.563,0.818,0.8183,13.10,3.20
2009.11.05 08:13:27.913,0.8181,0.8183,1.00,3.20
2009.11.05 08:13:28.933,0.81805,0.8183,4.10,3.30
2009.11.05 08:13:29.113,0.81805,0.8183,4.00,3.20
2009.11.05 08:13:29.804,0.81805,0.81825,4.30,2.40
2009.11.05 08:13:30.032,0.81805,0.8183,4.00,3.20
2009.11.05 08:13:30.313,0.81805,0.8183,4.10,3.30
2009.11.05 08:13:30.602,0.81805,0.8183,4.10,3.20
2009.11.05 08:13:30.842,0.81805,0.8183,4.10,3.30
2009.11.05 08:13:31.172,0.81805,0.8183,10.50,1.00
2009.11.05 08:13:31.402,0.81805,0.8183,11.60,1.00
2009.11.05 08:13:31.672,0.8181,0.81835,6.20,4.00
2009.11.05 08:13:31.912,0.81815,0.8184,1.00,8.90
2009.11.05 08:13:34.022,0.81815,0.8184,1.00,8.90
2009.11.05 08:13:34.471,0.81815,0.8184,1.00,17.30
2009.11.05 08:13:34.821,0.81815,0.81835,1.00,13.20
2009.11.05 08:13:35.221,0.818,0.81835,1.00,22.00
2009.11.05 08:13:35.511,0.818,0.81835,1.00,26.00
2009.11.05 08:13:35.841,0.81795,0.81825,1.10,4.00
2009.11.05 08:13:37.840,0.81795,0.81825,5.10,4.00
2009.11.05 08:13:38.120,0.81795,0.8183,5.10,12.40
2009.11.05 08:13:38.860,0.81795,0.8183,5.10,12.60
2009.11.05 08:13:39.090,0.81795,0.8183,1.10,16.60
2009.11.05 08:13:41.020,0.81795,0.8183,5.10,16.60
2009.11.05 08:13:41.370,0.81795,0.8183,1.10,16.60
2009.11.05 08:13:44.849,0.81795,0.8183,1.20,15.60
2009.11.05 08:13:44.969,0.818,0.8183,1.00,14.80
2009.11.05 08:13:45.139,0.818,0.8183,4.10,3.20
2009.11.05 08:13:45.249,0.818,0.81835,6.50,14.80
2009.11.05 08:13:45.599,0.81805,0.81835,3.50,13.60
2009.11.05 08:13:46.189,0.81805,0.81835,6.80,7.20
2009.11.05 08:13:46.539,0.81805,0.8184,7.60,12.60
2009.11.05 08:13:46.898,0.81805,0.8184,7.70,11.60
2009.11.05 08:13:47.658,0.81805,0.8184,7.50,11.60
2009.11.05 08:13:47.819,0.81805,0.8184,6.70,12.40
2009.11.05 08:13:48.178,0.81805,0.81835,1.00,8.40
2009.11.05 08:13:48.288,0.818,0.81835,9.70,11.60
2009.11.05 08:13:48.408,0.818,0.81835,8.90,11.60
2009.11.05 08:13:48.528,0.818,0.81835,1.00,18.80
2009.11.05 08:13:49.388,0.818,0.8183,1.00,7.60
2009.11.05 08:13:50.678,0.81795,0.8183,9.10,8.40
2009.11.05 08:13:54.686,0.81795,0.81825,5.10,4.00
2009.11.05 08:13:54.807,0.81795,0.81825,5.10,4.80
2009.11.05 08:13:54.926,0.81795,0.81825,9.10,1.00
2009.11.05 08:13:55.156,0.81795,0.8183,9.10,12.40
2009.11.05 08:13:55.446,0.81795,0.8183,9.10,8.40
2009.11.05 08:13:56.256,0.818,0.8183,6.40,4.40
2009.11.05 08:13:59.295,0.818,0.8183,6.50,4.60
2009.11.05 08:13:59.535,0.818,0.8183,2.50,8.60
2009.11.05 08:13:59.925,0.818,0.8183,6.50,4.60
2009.11.05 08:14:00.495,0.818,0.8183,6.50,4.10
2009.11.05 08:14:00.835,0.818,0.8183,7.30,1.00
2009.11.05 08:14:01.875,0.818,0.8183,6.50,1.00
2009.11.05 08:14:02.105,0.818,0.8183,7.30,1.00
2009.11.05 08:14:05.614,0.818,0.8183,6.50,1.00
2009.11.05 08:14:07.513,0.818,0.8183,8.40,1.00
2009.11.05 08:14:07.844,0.818,0.8183,9.20,1.00
2009.11.05 08:14:08.023,0.818,0.81835,9.10,11.60
2009.11.05 08:14:08.074,0.818,0.81835,5.10,15.60
2009.11.05 08:14:08.543,0.81795,0.8183,9.90,8.40
2009.11.05 08:14:08.943,0.81795,0.8183,1.90,12.40
2009.11.05 08:14:09.303,0.81795,0.81825,1.90,8.80
2009.11.05 08:14:09.573,0.81795,0.81825,1.90,4.80
2009.11.05 08:14:14.102,0.818,0.8183,5.90,4.80
2009.11.05 08:14:14.272,0.818,0.8183,6.00,4.80
2009.11.05 08:14:14.432,0.818,0.8183,5.20,8.00
2009.11.05 08:14:14.782,0.818,0.8183,5.20,4.00
2009.11.05 08:14:15.351,0.818,0.81835,9.20,4.40
2009.11.05 08:14:17.081,0.818,0.81835,9.20,5.20
2009.11.05 08:14:25.289,0.818,0.8183,5.10,4.00
2009.11.05 08:14:25.969,0.818,0.8183,5.10,8.00
2009.11.05 08:14:26.259,0.818,0.8183,1.10,8.80
2009.11.05 08:14:27.519,0.818,0.81835,5.10,12.40
2009.11.05 08:14:27.579,0.818,0.81835,5.10,15.60
2009.11.05 08:14:27.979,0.818,0.8183,1.10,4.80
2009.11.05 08:14:28.948,0.818,0.8183,1.90,5.60
2009.11.05 08:14:29.298,0.818,0.8183,4.30,4.80
2009.11.05 08:14:29.648,0.818,0.8183,1.90,5.60
2009.11.05 08:14:31.298,0.818,0.8183,1.90,4.80
2009.11.05 08:14:33.207,0.818,0.8183,1.90,4.00
2009.11.05 08:14:34.117,0.818,0.8183,1.90,4.80
2009.11.05 08:14:35.267,0.818,0.8183,2.00,5.60
2009.11.05 08:14:35.557,0.818,0.8183,2.00,4.80
2009.11.05 08:14:35.966,0.818,0.8183,2.00,5.60
2009.11.05 08:14:40.255,0.818,0.8183,13.60,1.00
2009.11.05 08:14:40.605,0.81805,0.81835,9.90,4.80
2009.11.05 08:14:41.285,0.81805,0.81835,14.00,4.80
2009.11.05 08:14:41.635,0.81805,0.81835,9.20,4.80
2009.11.05 08:14:42.025,0.81805,0.8183,6.00,4.00
2009.11.05 08:14:42.305,0.81805,0.81835,2.80,4.80
2009.11.05 08:14:42.545,0.81805,0.81835,2.00,4.80
2009.11.05 08:14:42.885,0.81805,0.81835,1.20,4.80
2009.11.05 08:14:43.125,0.81805,0.81835,1.20,7.20
2009.11.05 08:14:43.295,0.81805,0.81835,1.10,7.20
2009.11.05 08:14:43.855,0.81805,0.81835,8.40,4.80
2009.11.05 08:14:44.215,0.81805,0.81835,9.20,4.80
2009.11.05 08:14:44.725,0.81805,0.81835,12.40,4.80
2009.11.05 08:14:45.194,0.81805,0.81835,13.20,4.80
2009.11.05 08:14:45.484,0.81805,0.81835,14.00,4.80
2009.11.05 08:14:47.074,0.8181,0.81835,2.40,4.80
2009.11.05 08:14:47.414,0.81805,0.81835,13.10,1.00
2009.11.05 08:14:47.754,0.81805,0.81835,9.10,4.80
2009.11.05 08:14:48.084,0.81805,0.81835,5.10,4.80
2009.11.05 08:14:48.434,0.81805,0.81835,5.20,5.60
2009.11.05 08:14:48.774,0.81805,0.81835,9.10,1.60
2009.11.05 08:14:49.133,0.81805,0.81835,5.10,1.60
2009.11.05 08:14:50.393,0.8181,0.81835,1.10,1.60
2009.11.05 08:14:51.073,0.8181,0.81835,1.20,1.00
2009.11.05 08:14:51.423,0.8181,0.81835,5.20,1.00
2009.11.05 08:14:53.342,0.8181,0.8184,4.80,6.00
2009.11.05 08:14:53.672,0.8181,0.8184,4.00,11.60
2009.11.05 08:14:54.022,0.81805,0.8184,4.80,22.40
2009.11.05 08:14:54.642,0.81805,0.8184,1.00,22.40
2009.11.05 08:14:56.212,0.818,0.81835,10.80,9.20
2009.11.05 08:14:56.452,0.818,0.81835,9.20,9.20
2009.11.05 08:14:56.801,0.818,0.81835,9.20,9.20
2009.11.05 08:14:57.551,0.818,0.8183,10.80,1.00
2009.11.05 08:14:57.771,0.818,0.81835,10.80,9.20
2009.11.05 08:14:58.801,0.81805,0.81835,1.00,9.20
2009.11.05 08:15:00.481,0.818,0.81835,10.80,9.20
2009.11.05 08:15:00.931,0.818,0.81835,10.80,9.20
2009.11.05 08:15:01.621,0.818,0.81835,14.80,4.80
2009.11.05 08:15:01.980,0.81805,0.81835,12.00,4.80
2009.11.05 08:15:02.310,0.8181,0.8184,4.80,4.40
2009.11.05 08:15:02.650,0.8181,0.8184,4.80,8.80
2009.11.05 08:15:02.940,0.8181,0.8184,8.80,5.60
2009.11.05 08:15:03.180,0.8181,0.8184,8.80,4.00
2009.11.05 08:15:03.420,0.81815,0.81845,1.00,13.20
2009.11.05 08:15:03.660,0.81815,0.81845,1.00,14.00
2009.11.05 08:15:03.890,0.81815,0.81845,1.00,13.40
2009.11.05 08:15:04.130,0.8181,0.8184,8.00,1.20
2009.11.05 08:15:04.360,0.8181,0.8184,8.00,8.40
2009.11.05 08:15:04.820,0.8181,0.8184,8.00,4.40
2009.11.05 08:15:06.530,0.8181,0.8184,8.10,4.40
2009.11.05 08:15:07.799,0.8181,0.8184,7.30,4.40
2009.11.05 08:15:08.079,0.8181,0.8184,4.90,8.40
2009.11.05 08:15:08.319,0.8181,0.8184,4.10,9.20
2009.11.05 08:15:08.549,0.8181,0.81835,1.00,6.40
2009.11.05 08:15:08.719,0.8181,0.81835,4.10,4.00
2009.11.05 08:15:08.889,0.8181,0.81835,5.60,4.00
2009.11.05 08:15:09.099,0.8181,0.8184,9.90,4.00
2009.11.05 08:15:09.269,0.81815,0.81845,4.80,10.80
2009.11.05 08:15:09.609,0.81815,0.8184,4.00,1.00
2009.11.05 08:15:09.948,0.81815,0.81845,1.00,7.60
2009.11.05 08:15:10.238,0.8182,0.8185,6.40,14.80
2009.11.05 08:15:10.588,0.8182,0.8185,6.40,10.80
2009.11.05 08:15:11.168,0.8182,0.8185,6.40,6.80
2009.11.05 08:15:11.758,0.8182,0.8185,6.50,6.80
2009.11.05 08:15:12.628,0.8182,0.8185,4.00,6.80
2009.11.05 08:15:12.918,0.81815,0.8185,13.90,11.60
2009.11.05 08:15:13.138,0.81815,0.81845,4.80,6.80
2009.11.05 08:15:13.768,0.81815,0.81845,4.80,1.20
2009.11.05 08:15:13.938,0.81815,0.8185,5.90,12.40
2009.11.05 08:15:14.108,0.81815,0.8185,5.90,8.60
2009.11.05 08:15:14.277,0.81815,0.8185,9.90,7.80
2009.11.05 08:15:14.447,0.8182,0.8185,1.60,4.60
2009.11.05 08:15:14.627,0.8182,0.8185,2.40,4.40
2009.11.05 08:15:14.807,0.8182,0.8185,4.80,4.00
2009.11.05 08:15:15.097,0.81825,0.8185,4.30,4.00
2009.11.05 08:15:15.387,0.8183,0.81855,1.00,8.80
2009.11.05 08:15:15.617,0.8183,0.81855,1.00,4.80
2009.11.05 08:15:16.267,0.8183,0.81855,1.00,4.00
2009.11.05 08:15:16.597,0.81825,0.81855,1.90,4.00
2009.11.05 08:15:16.947,0.8183,0.81855,1.00,4.00
2009.11.05 08:15:17.297,0.81825,0.81855,1.90,4.10
2009.11.05 08:15:17.586,0.81825,0.81855,5.90,4.10
2009.11.05 08:15:18.047,0.81825,0.8185,1.90,2.40
2009.11.05 08:15:20.586,0.81825,0.81855,4.30,6.50
2009.11.05 08:15:20.826,0.81825,0.81855,8.30,6.50
2009.11.05 08:15:23.115,0.81825,0.81855,4.30,6.50
2009.11.05 08:15:24.215,0.81825,0.81855,4.40,6.40
2009.11.05 08:15:25.495,0.81825,0.81855,8.40,2.40
2009.11.05 08:15:25.794,0.81825,0.8186,11.60,7.00
2009.11.05 08:15:26.144,0.8183,0.8186,1.00,7.00
2009.11.05 08:15:27.014,0.8183,0.8186,1.00,5.40
2009.11.05 08:15:30.444,0.8183,0.81865,17.90,2.50
2009.11.05 08:15:30.563,0.8183,0.81865,18.00,2.80
2009.11.05 08:15:30.953,0.81835,0.81865,6.50,2.80
2009.11.05 08:15:31.064,0.81835,0.81865,2.50,6.80
2009.11.05 08:15:32.623,0.8184,0.81865,1.00,7.80
2009.11.05 08:15:32.903,0.81835,0.8186,1.00,4.90
2009.11.05 08:15:33.193,0.81835,0.8186,1.00,8.10
2009.11.05 08:15:33.473,0.81835,0.8186,1.00,15.00
2009.11.05 08:15:33.763,0.8183,0.8186,1.00,18.20
2009.11.05 08:15:33.993,0.8183,0.8186,4.10,13.40
2009.11.05 08:15:34.222,0.8183,0.8186,3.30,14.20
2009.11.05 08:15:35.682,0.8183,0.8186,3.50,14.20
2009.11.05 08:15:36.102,0.81835,0.81855,1.00,2.40
2009.11.05 08:15:36.452,0.81835,0.81855,1.00,4.00
2009.11.05 08:15:36.792,0.81835,0.8186,1.00,14.20
2009.11.05 08:15:37.092,0.81825,0.81855,8.80,2.40
2009.11.05 08:15:37.452,0.81825,0.81855,6.50,6.40
2009.11.05 08:15:37.792,0.81825,0.81855,2.50,6.40
2009.11.05 08:15:40.281,0.81825,0.81855,3.60,6.40
2009.11.05 08:15:40.391,0.81825,0.81855,6.80,6.40
2009.11.05 08:15:40.511,0.81825,0.81855,10.80,6.40
2009.11.05 08:15:40.741,0.8183,0.81855,2.40,4.00
2009.11.05 08:15:41.201,0.8184,0.81855,2.40,4.00
2009.11.05 08:15:41.541,0.8184,0.8186,2.40,1.00
2009.11.05 08:15:41.881,0.8184,0.81865,2.40,3.20
2009.11.05 08:15:42.230,0.8184,0.81865,2.40,2.40
2009.11.05 08:15:43.310,0.81835,0.81865,14.00,2.40
2009.11.05 08:15:43.541,0.81835,0.81865,9.20,6.40
2009.11.05 08:15:43.770,0.8184,0.81865,2.40,2.40
2009.11.05 08:15:44.300,0.8184,0.81865,2.40,6.80
2009.11.05 08:15:44.640,0.81835,0.81855,1.00,2.40
2009.11.05 08:15:45.410,0.8183,0.81855,4.30,4.00
2009.11.05 08:15:45.571,0.81835,0.8186,2.40,1.60
2009.11.05 08:15:45.680,0.81835,0.81865,3.20,14.80
2009.11.05 08:15:45.800,0.8184,0.81865,2.40,14.40
2009.11.05 08:15:45.910,0.8184,0.81865,2.40,10.40
2009.11.05 08:15:46.200,0.8184,0.81865,2.40,6.40
2009.11.05 08:15:46.320,0.8184,0.81865,2.40,2.40
2009.11.05 08:15:47.699,0.8184,0.81865,2.50,2.40
2009.11.05 08:15:52.878,0.8184,0.81865,6.50,2.40
2009.11.05 08:15:54.928,0.8184,0.81865,7.30,2.40
2009.11.05 08:15:55.638,0.81845,0.8187,2.40,4.00
2009.11.05 08:15:55.748,0.81845,0.8187,2.50,4.00
2009.11.05 08:15:55.867,0.81845,0.81875,2.50,17.40
2009.11.05 08:15:56.227,0.81845,0.81875,2.50,12.60
2009.11.05 08:15:56.567,0.81845,0.8187,1.00,2.40
2009.11.05 08:15:56.967,0.8184,0.8187,7.20,7.60
2009.11.05 08:15:57.317,0.8184,0.8187,8.00,6.00
2009.11.05 08:15:57.617,0.8184,0.8187,4.00,11.60
2009.11.05 08:15:58.017,0.8184,0.8187,4.00,10.00
2009.11.05 08:15:58.257,0.8184,0.8187,8.00,10.00
2009.11.05 08:15:59.086,0.8184,0.8187,8.30,10.00
2009.11.05 08:15:59.957,0.8184,0.8187,8.30,9.60
2009.11.05 08:16:00.016,0.8184,0.8187,8.10,6.40
2009.11.05 08:16:01.216,0.81845,0.8187,5.10,4.00
2009.11.05 08:16:01.566,0.8185,0.81875,1.00,14.20
2009.11.05 08:16:01.916,0.8185,0.81875,2.50,4.00
2009.11.05 08:16:02.256,0.8185,0.8188,3.50,8.10
2009.11.05 08:16:02.586,0.81855,0.8188,1.00,1.00
2009.11.05 08:16:02.946,0.8185,0.81885,12.40,10.20
2009.11.05 08:16:03.295,0.8185,0.81885,12.40,12.60
2009.11.05 08:16:03.525,0.8185,0.8188,9.20,1.60
2009.11.05 08:16:04.096,0.81855,0.81885,4.00,7.80
2009.11.05 08:16:04.326,0.81855,0.81885,4.00,7.60
2009.11.05 08:16:04.445,0.81855,0.81885,4.00,3.60
2009.11.05 08:16:04.615,0.81855,0.81885,8.00,3.60
2009.11.05 08:16:04.725,0.8186,0.8189,2.50,12.40
2009.11.05 08:16:06.425,0.8186,0.81885,2.40,1.00
2009.11.05 08:16:06.765,0.81865,0.81885,4.00,4.00
2009.11.05 08:16:07.115,0.81865,0.81895,8.90,15.60
2009.11.05 08:16:07.465,0.81865,0.81895,4.10,12.40
2009.11.05 08:16:07.635,0.81875,0.81895,2.40,6.40
2009.11.05 08:16:07.804,0.81875,0.819,2.40,7.60
2009.11.05 08:16:07.924,0.81875,0.819,2.40,3.60
2009.11.05 08:16:08.104,0.81875,0.81895,2.40,1.60
2009.11.05 08:16:08.284,0.81865,0.8189,1.00,10.00
2009.11.05 08:16:08.454,0.8186,0.8189,2.50,14.00
2009.11.05 08:16:08.804,0.81865,0.8189,2.50,7.60
2009.11.05 08:16:09.144,0.81865,0.8189,2.50,7.60
2009.11.05 08:16:09.494,0.81865,0.8189,2.50,3.60
2009.11.05 08:16:10.804,0.81865,0.8189,5.70,3.60
2009.11.05 08:16:11.104,0.81865,0.8189,5.00,4.00
2009.11.05 08:16:11.834,0.8187,0.81895,1.00,16.40
2009.11.05 08:16:12.813,0.8187,0.81895,1.00,16.60
2009.11.05 08:16:13.163,0.8187,0.81895,1.00,15.00
2009.11.05 08:16:13.383,0.8187,0.81895,1.00,11.80
2009.11.05 08:16:13.673,0.8187,0.81895,1.00,8.60
2009.11.05 08:16:15.503,0.8187,0.81895,1.00,11.80
2009.11.05 08:16:15.792,0.81855,0.8188,13.60,8.50
2009.11.05 08:16:16.133,0.8185,0.8188,5.70,14.30
2009.11.05 08:16:16.492,0.81845,0.81875,2.50,10.80
2009.11.05 08:16:16.832,0.81845,0.8187,1.70,2.80
2009.11.05 08:16:17.182,0.81845,0.8187,4.10,1.00
2009.11.05 08:16:17.712,0.81845,0.8187,2.50,1.00
2009.11.05 08:16:20.032,0.8185,0.8188,3.30,6.40
2009.11.05 08:16:20.331,0.81855,0.81885,4.20,11.80
2009.11.05 08:16:20.851,0.8186,0.81885,2.50,1.70
2009.11.05 08:16:21.142,0.8186,0.81885,2.50,2.50
2009.11.05 08:16:21.501,0.8186,0.81885,2.50,5.40
2009.11.05 08:16:21.851,0.8186,0.81885,2.40,5.40
2009.11.05 08:16:22.831,0.81855,0.8188,4.00,9.20
2009.11.05 08:16:23.151,0.81855,0.8188,1.60,6.80
2009.11.05 08:16:23.271,0.8185,0.8188,7.30,6.80
2009.11.05 08:16:23.621,0.8185,0.8188,7.30,6.00
2009.11.05 08:16:23.860,0.8185,0.81875,4.90,2.40
2009.11.05 08:16:23.920,0.8185,0.81875,4.10,2.40
2009.11.05 08:16:24.091,0.8185,0.81875,1.00,2.40
2009.11.05 08:16:24.211,0.8185,0.8187,1.00,3.20
2009.11.05 08:16:24.441,0.81845,0.8187,1.00,8.40
2009.11.05 08:16:24.730,0.81845,0.8187,1.00,12.40
2009.11.05 08:16:25.070,0.81845,0.8187,1.00,14.00
2009.11.05 08:16:25.300,0.81835,0.81865,1.00,14.00
2009.11.05 08:16:25.620,0.81835,0.8186,1.00,1.00
2009.11.05 08:16:27.210,0.81835,0.8186,9.00,1.00
2009.11.05 08:16:27.550,0.81835,0.81865,9.80,7.60
2009.11.05 08:16:28.120,0.8184,0.81865,2.50,11.60
2009.11.05 08:16:28.520,0.8184,0.81865,2.70,11.60
2009.11.05 08:16:30.689,0.8184,0.81865,2.50,7.60
2009.11.05 08:16:30.919,0.8184,0.81865,3.30,6.80
2009.11.05 08:16:31.199,0.81845,0.8187,1.00,7.60
2009.11.05 08:16:31.429,0.8185,0.8187,2.40,4.00
2009.11.05 08:16:31.709,0.8185,0.81875,3.30,7.60
2009.11.05 08:16:32.038,0.8185,0.8187,1.00,2.40
2009.11.05 08:16:32.368,0.81845,0.81865,1.70,4.00
2009.11.05 08:16:32.728,0.81845,0.81865,4.10,4.00
2009.11.05 08:16:32.898,0.8185,0.81875,1.00,12.40
2009.11.05 08:16:33.468,0.8185,0.8187,1.00,2.40
2009.11.05 08:16:33.638,0.81845,0.8187,1.00,8.60
2009.11.05 08:16:33.978,0.81845,0.8187,1.00,14.20
2009.11.05 08:16:34.318,0.81845,0.8187,2.50,4.10
2009.11.05 08:16:34.948,0.81845,0.81875,1.00,13.60
2009.11.05 08:16:35.238,0.81845,0.81875,1.00,14.20
2009.11.05 08:16:39.277,0.81845,0.81875,1.00,13.40
2009.11.05 08:16:39.497,0.81845,0.81875,1.00,17.40
2009.11.05 08:16:39.907,0.81845,0.81865,1.00,2.80
2009.11.05 08:16:40.137,0.81835,0.81855,1.00,6.40
2009.11.05 08:16:40.367,0.81835,0.81855,1.00,6.80
2009.11.05 08:16:40.716,0.81835,0.81855,1.00,10.80
2009.11.05 08:16:41.056,0.81825,0.81855,2.50,11.00
2009.11.05 08:16:41.636,0.81825,0.81855,6.50,1.00
2009.11.05 08:16:41.987,0.81835,0.81855,2.40,1.00
2009.11.05 08:16:42.326,0.81835,0.8186,2.40,4.40
2009.11.05 08:16:42.666,0.81835,0.8186,2.40,3.60
2009.11.05 08:16:43.616,0.81835,0.8186,2.50,3.60
2009.11.05 08:16:45.995,0.81835,0.8186,2.50,3.80
2009.11.05 08:16:46.055,0.81835,0.8186,2.50,5.40
2009.11.05 08:16:46.165,0.81835,0.8186,2.50,2.50
2009.11.05 08:16:46.515,0.81835,0.8186,1.00,8.90
2009.11.05 08:16:46.895,0.81835,0.8186,1.00,12.60
2009.11.05 08:16:47.885,0.81835,0.8186,1.00,13.40
2009.11.05 08:16:48.235,0.81835,0.8186,1.00,14.10
2009.11.05 08:16:48.585,0.81825,0.81855,6.50,7.00
2009.11.05 08:16:49.634,0.81825,0.8185,6.50,1.00
2009.11.05 08:16:49.695,0.81825,0.8185,4.10,2.90
2009.11.05 08:16:49.805,0.81825,0.8185,4.10,6.80
2009.11.05 08:16:50.034,0.81825,0.8185,1.00,12.40
2009.11.05 08:16:50.154,0.81825,0.8185,1.00,8.40
2009.11.05 08:16:50.214,0.81825,0.8185,2.50,8.40
2009.11.05 08:16:50.325,0.81825,0.8185,2.50,4.40
2009.11.05 08:16:50.904,0.81825,0.8185,2.40,4.40
2009.11.05 08:16:51.254,0.81825,0.8185,3.20,1.00
2009.11.05 08:16:51.594,0.8182,0.8185,4.90,2.80
2009.11.05 08:16:51.944,0.8182,0.8185,4.80,2.80
2009.11.05 08:16:52.294,0.81825,0.8185,1.00,2.80
2009.11.05 08:16:52.644,0.81825,0.8185,3.20,1.00
2009.11.05 08:16:52.993,0.81825,0.81855,3.20,10.80
2009.11.05 08:16:53.353,0.81825,0.81855,2.50,14.30
2009.11.05 08:16:53.704,0.81825,0.81855,1.00,14.30
2009.11.05 08:16:54.743,0.81825,0.81855,1.00,19.10
2009.11.05 08:16:55.503,0.81825,0.81855,1.00,15.10
2009.11.05 08:16:56.553,0.8182,0.8185,7.30,5.90
2009.11.05 08:16:56.893,0.81825,0.8185,1.00,9.70
2009.11.05 08:16:59.202,0.81825,0.8185,1.00,10.20
2009.11.05 08:16:59.253,0.81825,0.8185,1.00,13.40
2009.11.05 08:17:00.642,0.81825,0.8185,1.00,12.90
2009.11.05 08:17:00.812,0.81825,0.8185,1.00,9.70
2009.11.05 08:17:03.981,0.81825,0.8185,1.00,10.20
2009.11.05 08:17:04.151,0.81825,0.8185,1.00,13.40
2009.11.05 08:17:06.720,0.81825,0.8185,1.00,9.70
2009.11.05 08:17:09.570,0.81825,0.8185,1.00,9.70
2009.11.05 08:17:09.690,0.81825,0.8185,3.30,5.70
2009.11.05 08:17:09.810,0.81825,0.8185,2.70,4.80
2009.11.05 08:17:09.929,0.81825,0.8185,3.50,4.00
2009.11.05 08:17:10.050,0.81825,0.81855,7.50,11.80
2009.11.05 08:17:10.210,0.81825,0.81855,7.50,7.80
2009.11.05 08:17:10.380,0.81825,0.81855,3.50,11.80
2009.11.05 08:17:11.439,0.81825,0.81855,5.10,11.00
2009.11.05 08:17:11.739,0.81825,0.81855,6.60,7.80
2009.11.05 08:17:12.069,0.8183,0.8186,2.50,13.20
2009.11.05 08:17:12.709,0.8183,0.8186,2.50,13.40
2009.11.05 08:17:14.979,0.8183,0.8185,1.00,1.60
2009.11.05 08:17:17.568,0.8183,0.8184,1.00,1.60
2009.11.05 08:17:17.917,0.81825,0.8184,1.00,1.60
2009.11.05 08:17:18.267,0.8182,0.8184,1.00,1.60
2009.11.05 08:17:18.967,0.8182,0.8184,3.30,1.60
2009.11.05 08:17:19.477,0.8182,0.8184,7.30,1.60
2009.11.05 08:17:19.987,0.8182,0.8184,7.50,1.60
2009.11.05 08:17:23.026,0.8183,0.8184,1.00,1.60
2009.11.05 08:17:23.146,0.81825,0.8184,1.00,1.60
2009.11.05 08:17:24.416,0.8182,0.8184,1.00,1.60
2009.11.05 08:17:24.536,0.8182,0.8184,1.00,1.60
2009.11.05 08:17:27.425,0.81815,0.8184,6.50,1.60
2009.11.05 08:17:27.585,0.81815,0.8184,6.50,2.40
2009.11.05 08:17:27.755,0.81815,0.81835,4.00,4.00
2009.11.05 08:17:27.915,0.81815,0.81835,2.40,1.60
2009.11.05 08:17:28.095,0.8181,0.8184,8.10,1.60
2009.11.05 08:17:28.255,0.8181,0.8184,7.20,1.60
2009.11.05 08:17:28.495,0.8181,0.8184,3.20,5.60
2009.11.05 08:17:28.725,0.8181,0.8184,7.20,5.60
2009.11.05 08:17:29.725,0.8181,0.8184,7.30,5.60
2009.11.05 08:17:30.055,0.8181,0.8184,3.30,5.60
2009.11.05 08:17:31.324,0.8181,0.8184,6.50,5.60
2009.11.05 08:17:31.564,0.81815,0.8184,3.20,5.60
2009.11.05 08:17:31.844,0.81815,0.8184,3.20,1.60
2009.11.05 08:17:32.724,0.81815,0.8184,3.30,1.60
2009.11.05 08:17:32.904,0.81825,0.8184,1.00,1.60
2009.11.05 08:17:33.864,0.81825,0.81835,1.00,1.60
2009.11.05 08:17:34.034,0.81815,0.81835,1.00,1.60
2009.11.05 08:17:36.803,0.8181,0.81835,1.20,1.60
2009.11.05 08:17:37.153,0.81805,0.81825,5.20,8.00
2009.11.05 08:17:37.503,0.81805,0.81825,1.20,4.00
2009.11.05 08:17:37.673,0.81805,0.81825,1.00,4.00
2009.11.05 08:17:40.252,0.818,0.81825,6.80,4.10
2009.11.05 08:17:43.851,0.818,0.81825,9.20,1.70
2009.11.05 08:17:43.971,0.8181,0.81825,2.40,1.60
2009.11.05 08:17:44.031,0.8181,0.81825,3.20,1.60
2009.11.05 08:17:44.142,0.8181,0.8183,3.20,4.00
2009.11.05 08:17:44.261,0.8181,0.81835,3.20,1.60
2009.11.05 08:17:44.441,0.8181,0.81835,7.20,1.60
2009.11.05 08:17:44.841,0.8181,0.81835,7.30,1.60
2009.11.05 08:17:46.271,0.8181,0.81835,4.10,1.60
2009.11.05 08:17:46.451,0.8181,0.81835,1.00,1.60
2009.11.05 08:17:46.890,0.8181,0.81835,1.70,1.60
2009.11.05 08:17:47.131,0.8181,0.8184,11.60,4.80
2009.11.05 08:17:47.351,0.81815,0.8184,3.20,2.40
2009.11.05 08:17:47.650,0.81815,0.8184,7.20,1.60
2009.11.05 08:17:48.330,0.81815,0.81835,6.40,1.60
2009.11.05 08:17:48.440,0.8181,0.81835,12.40,1.60
2009.11.05 08:17:48.560,0.8181,0.81835,12.60,1.60
2009.11.05 08:17:48.900,0.81825,0.8184,1.00,4.00
2009.11.05 08:17:49.020,0.81825,0.8184,1.00,1.60
2009.11.05 08:17:50.070,0.81815,0.8184,6.50,1.60
2009.11.05 08:17:50.810,0.81815,0.8184,2.50,1.60
2009.11.05 08:17:51.150,0.8182,0.81845,2.40,3.60
2009.11.05 08:17:51.480,0.81815,0.81845,2.50,7.20
2009.11.05 08:17:51.819,0.81815,0.81845,6.50,7.60
2009.11.05 08:17:52.159,0.81815,0.81845,2.50,11.60
2009.11.05 08:17:56.888,0.8182,0.8184,3.50,1.60
2009.11.05 08:17:57.468,0.8182,0.81845,3.50,1.60
2009.11.05 08:17:57.758,0.81825,0.8184,1.00,1.60
2009.11.05 08:17:58.118,0.81825,0.81845,1.00,1.60
2009.11.05 08:17:58.408,0.81825,0.8185,1.00,13.40
2009.11.05 08:17:59.278,0.81825,0.81845,2.50,1.60
2009.11.05 08:17:59.847,0.81825,0.81845,1.00,1.60
2009.11.05 08:18:01.897,0.81825,0.8185,6.50,1.60
2009.11.05 08:18:02.227,0.81825,0.8185,2.50,5.20
2009.11.05 08:18:02.577,0.81825,0.8185,1.00,8.40
2009.11.05 08:18:02.917,0.81825,0.8185,1.00,13.20
2009.11.05 08:18:03.087,0.8183,0.8185,1.00,5.60
2009.11.05 08:18:03.697,0.8183,0.8185,1.00,1.60
2009.11.05 08:18:03.877,0.81825,0.8185,3.30,1.60
2009.11.05 08:18:05.346,0.81825,0.8185,3.50,1.60
2009.11.05 08:18:06.276,0.81825,0.8185,1.00,8.40
2009.11.05 08:18:06.626,0.81825,0.8185,1.00,12.40
2009.11.05 08:18:06.976,0.81825,0.8185,1.00,11.60
2009.11.05 08:18:07.966,0.81825,0.8185,1.00,8.40
2009.11.05 08:18:08.246,0.81825,0.81845,1.00,2.40
2009.11.05 08:18:08.545,0.81815,0.81845,6.80,6.40
2009.11.05 08:18:08.765,0.8182,0.81845,1.00,6.40
2009.11.05 08:18:09.465,0.8182,0.81845,2.70,4.00
2009.11.05 08:18:09.645,0.8182,0.81845,6.90,4.00
2009.11.05 08:18:09.885,0.8183,0.81845,2.40,4.00
2009.11.05 08:18:10.065,0.8183,0.81845,2.50,4.00
2009.11.05 08:18:10.235,0.8183,0.81855,3.30,1.00
2009.11.05 08:18:10.515,0.81825,0.81855,13.20,4.80
2009.11.05 08:18:10.795,0.8183,0.8185,1.00,1.60
2009.11.05 08:18:11.035,0.8183,0.8185,1.00,4.00
2009.11.05 08:18:11.315,0.81825,0.81845,4.40,1.60
2009.11.05 08:18:11.645,0.81825,0.8184,1.00,4.00
2009.11.05 08:18:11.994,0.81815,0.81835,1.00,3.20
2009.11.05 08:18:12.395,0.81815,0.81835,1.00,6.80
2009.11.05 08:18:12.734,0.81815,0.81835,1.00,10.00
2009.11.05 08:18:13.444,0.81815,0.8183,1.00,2.40
2009.11.05 08:18:13.615,0.81805,0.8183,1.70,2.40
2009.11.05 08:18:13.784,0.8181,0.8183,1.60,2.40
2009.11.05 08:18:13.964,0.8181,0.81835,1.00,6.80
2009.11.05 08:18:14.314,0.8181,0.81835,1.00,2.00
2009.11.05 08:18:14.834,0.8181,0.81835,1.00,1.60
2009.11.05 08:18:15.174,0.8181,0.81835,4.10,1.60
2009.11.05 08:18:15.494,0.8181,0.81835,8.90,1.60
2009.11.05 08:18:15.884,0.81815,0.81835,1.00,1.60
2009.11.05 08:18:16.223,0.8182,0.8184,7.30,1.60
2009.11.05 08:18:16.574,0.8182,0.81845,8.40,1.60
2009.11.05 08:18:16.863,0.8182,0.81845,4.40,1.60
2009.11.05 08:18:17.094,0.81825,0.81845,1.00,1.60
2009.11.05 08:18:17.383,0.8183,0.81845,1.00,2.40
2009.11.05 08:18:17.673,0.81825,0.81845,1.00,2.40
2009.11.05 08:18:18.373,0.81825,0.8185,1.00,8.00
2009.11.05 08:18:18.713,0.8182,0.8185,8.30,4.00
2009.11.05 08:18:19.103,0.8182,0.8185,8.30,8.00
2009.11.05 08:18:19.333,0.8182,0.8185,8.30,8.80
2009.11.05 08:18:19.513,0.8182,0.8185,7.50,8.80
2009.11.05 08:18:19.733,0.8182,0.8185,5.10,9.60
2009.11.05 08:18:19.953,0.81815,0.8185,14.00,14.00
2009.11.05 08:18:20.453,0.81815,0.8184,6.80,2.40
2009.11.05 08:18:20.683,0.81815,0.81845,12.40,2.40
2009.11.05 08:18:20.982,0.81815,0.81845,16.30,2.40
2009.11.05 08:18:21.322,0.81815,0.81845,15.50,2.40
2009.11.05 08:18:21.622,0.81815,0.8184,13.20,4.00
2009.11.05 08:18:21.953,0.81815,0.81845,11.50,2.40
2009.11.05 08:18:22.642,0.81815,0.81845,9.10,9.60
2009.11.05 08:18:22.982,0.81815,0.8184,5.20,4.90
2009.11.05 08:18:24.322,0.81815,0.8184,4.40,4.90
2009.11.05 08:18:25.421,0.81815,0.81835,1.00,2.40
2009.11.05 08:18:25.591,0.8181,0.81835,2.80,2.40
2009.11.05 08:18:25.711,0.8182,0.8184,1.00,5.60
2009.11.05 08:18:25.891,0.8182,0.8184,1.00,2.40
2009.11.05 08:18:26.601,0.8181,0.8184,8.40,2.40
2009.11.05 08:18:27.061,0.8181,0.8184,7.60,2.40
2009.11.05 08:18:27.291,0.8181,0.8183,5.10,2.40
2009.11.05 08:18:27.521,0.81805,0.8183,14.00,2.40
2009.11.05 08:18:28.041,0.81815,0.81835,2.40,4.00
2009.11.05 08:18:28.621,0.81815,0.8184,2.40,2.40
2009.11.05 08:18:29.080,0.81815,0.8184,6.70,2.40
2009.11.05 08:18:29.240,0.81815,0.8184,7.00,1.60
2009.11.05 08:18:29.591,0.8182,0.81835,1.00,1.60
2009.11.05 08:18:29.771,0.8182,0.81835,1.00,4.00
2009.11.05 08:18:29.950,0.8181,0.81835,6.80,4.00
2009.11.05 08:18:30.120,0.8181,0.8183,6.00,2.40
2009.11.05 08:18:30.350,0.8181,0.8183,1.70,2.40
2009.11.05 08:18:30.590,0.8181,0.8184,1.60,12.90
2009.11.05 08:18:30.820,0.8181,0.81835,2.80,4.80
2009.11.05 08:18:31.040,0.8181,0.81835,2.80,1.60
2009.11.05 08:18:31.790,0.8181,0.81835,6.80,1.60
2009.11.05 08:18:32.120,0.8181,0.81835,2.80,1.60
2009.11.05 08:18:32.829,0.8181,0.81835,1.20,1.60
2009.11.05 08:18:33.069,0.8181,0.81835,2.80,1.60
2009.11.05 08:18:33.599,0.8181,0.81835,6.80,1.60
2009.11.05 08:18:33.829,0.8181,0.81835,2.80,1.60
2009.11.05 08:18:35.069,0.8181,0.81825,2.80,2.40
2009.11.05 08:18:35.179,0.8181,0.81825,2.70,2.40
2009.11.05 08:18:35.239,0.8181,0.81825,1.10,2.40
2009.11.05 08:18:35.289,0.81805,0.81825,10.80,2.40
2009.11.05 08:18:35.399,0.81805,0.81825,11.60,2.40
2009.11.05 08:18:35.629,0.81805,0.8183,6.90,4.00
2009.11.05 08:18:36.329,0.8181,0.81835,2.70,6.40
2009.11.05 08:18:36.549,0.8181,0.81835,2.80,1.60
2009.11.05 08:18:37.598,0.81805,0.81835,12.30,4.00
2009.11.05 08:18:37.869,0.81805,0.81835,8.30,8.80
2009.11.05 08:18:38.348,0.81805,0.81835,4.00,8.80
2009.11.05 08:18:38.628,0.818,0.81835,12.40,8.80
2009.11.05 08:18:39.028,0.81805,0.81825,1.00,2.40
2009.11.05 08:18:39.208,0.81805,0.8183,1.00,1.00
2009.11.05 08:18:39.328,0.81805,0.81835,1.00,8.80
2009.11.05 08:18:39.508,0.81805,0.81835,1.00,8.80
2009.11.05 08:18:40.358,0.8181,0.81835,1.00,13.20
2009.11.05 08:18:41.038,0.81805,0.8183,1.00,2.40
2009.11.05 08:18:41.737,0.81805,0.8183,1.00,2.40
2009.11.05 08:18:43.307,0.81805,0.8183,1.00,2.40
2009.11.05 08:18:43.487,0.81805,0.8183,1.00,2.40
2009.11.05 08:18:45.277,0.81805,0.81825,1.00,1.60
2009.11.05 08:18:45.327,0.8181,0.81825,1.00,4.00
2009.11.05 08:18:45.556,0.8181,0.8183,1.00,3.20
2009.11.05 08:18:45.996,0.8181,0.8183,3.30,1.00
2009.11.05 08:18:46.286,0.8181,0.81835,3.30,2.40
2009.11.05 08:18:46.466,0.8181,0.81835,7.30,2.40
2009.11.05 08:18:47.306,0.81815,0.81835,1.00,2.40
2009.11.05 08:18:50.265,0.81825,0.81835,3.30,1.00
2009.11.05 08:18:50.495,0.81825,0.81835,4.40,1.00
2009.11.05 08:18:50.735,0.81825,0.81835,8.40,1.00
2009.11.05 08:18:50.915,0.81825,0.81835,11.60,1.00
2009.11.05 08:18:51.135,0.81825,0.81845,1.00,1.60
2009.11.05 08:18:51.835,0.8182,0.81845,4.10,4.80
2009.11.05 08:18:52.185,0.8182,0.81845,1.00,9.60
2009.11.05 08:18:52.465,0.8182,0.81845,1.00,8.80
2009.11.05 08:18:52.984,0.8182,0.81845,1.00,9.60
2009.11.05 08:18:53.624,0.8182,0.81845,1.00,9.70
2009.11.05 08:18:56.064,0.81825,0.8185,5.10,1.60
2009.11.05 08:18:56.394,0.81825,0.8185,5.00,1.60
2009.11.05 08:18:57.674,0.81835,0.8185,1.00,1.60
2009.11.05 08:19:09.441,0.81825,0.8185,3.30,1.60
2009.11.05 08:19:09.500,0.81835,0.8185,1.00,1.60
2009.11.05 08:19:09.671,0.81835,0.8185,1.00,2.40
2009.11.05 08:19:10.481,0.81835,0.8185,1.00,1.60
2009.11.05 08:19:10.651,0.81835,0.8185,1.00,2.40
2009.11.05 08:19:11.350,0.81825,0.8185,2.50,2.40
2009.11.05 08:19:11.650,0.8183,0.8185,1.00,2.40
2009.11.05 08:19:11.930,0.8183,0.8185,1.00,1.60
2009.11.05 08:19:12.460,0.81835,0.8185,1.00,2.40
2009.11.05 08:19:13.940,0.81835,0.8185,1.00,4.80
2009.11.05 08:19:14.050,0.81825,0.8185,1.00,9.20
2009.11.05 08:19:14.269,0.81825,0.8185,1.00,10.00
2009.11.05 08:19:14.379,0.81825,0.81845,1.00,6.40
2009.11.05 08:19:15.309,0.81825,0.81845,1.00,2.40
2009.11.05 08:19:15.479,0.81825,0.81845,1.00,3.20
2009.11.05 08:19:16.059,0.81815,0.81845,14.00,3.20
2009.11.05 08:19:16.969,0.81815,0.81845,14.80,3.20
2009.11.05 08:19:17.259,0.81815,0.81845,14.00,3.20
2009.11.05 08:19:17.609,0.81815,0.8185,18.00,9.40
2009.11.05 08:19:17.949,0.81815,0.8185,18.10,9.40
2009.11.05 08:19:18.888,0.81825,0.8185,4.90,7.00
2009.11.05 08:19:19.178,0.8183,0.8185,1.00,6.40
2009.11.05 08:19:19.738,0.8183,0.8185,1.00,2.40
2009.11.05 08:19:20.078,0.8183,0.8185,1.00,4.80
2009.11.05 08:19:20.598,0.8182,0.8185,2.50,8.90
2009.11.05 08:19:20.878,0.81825,0.8185,1.00,8.80
2009.11.05 08:19:21.178,0.8183,0.8185,1.00,12.40
2009.11.05 08:19:22.117,0.8183,0.8185,1.00,6.40
2009.11.05 08:19:22.508,0.8183,0.8185,1.00,4.80
2009.11.05 08:19:22.738,0.8183,0.8185,3.30,4.00
2009.11.05 08:19:23.557,0.81835,0.8185,4.00,4.00
2009.11.05 08:19:23.728,0.81845,0.8185,2.40,4.00
2009.11.05 08:19:23.907,0.81845,0.8185,1.00,4.00
2009.11.05 08:19:24.847,0.8184,0.8185,5.20,4.00
2009.11.05 08:19:25.187,0.81845,0.8185,1.00,4.00
2009.11.05 08:19:26.287,0.8184,0.8185,3.20,4.00
2009.11.05 08:19:26.626,0.8184,0.8185,2.40,4.00
2009.11.05 08:19:27.386,0.81845,0.81855,5.70,8.00
2009.11.05 08:19:27.906,0.8185,0.8186,7.70,12.00
2009.11.05 08:19:28.136,0.8185,0.8186,10.90,12.00
2009.11.05 08:19:28.416,0.81855,0.8186,6.00,12.00
2009.11.05 08:19:28.636,0.81855,0.8186,1.00,12.00
2009.11.05 08:19:28.926,0.8185,0.81855,1.00,8.00
2009.11.05 08:19:29.036,0.81845,0.8185,2.50,4.00
2009.11.05 08:19:29.216,0.81845,0.8185,1.00,4.00
2009.11.05 08:19:29.396,0.8184,0.8185,1.00,4.00
2009.11.05 08:19:29.566,0.81845,0.8185,1.00,4.00
2009.11.05 08:19:31.935,0.8184,0.8185,1.00,4.00
2009.11.05 08:19:32.945,0.81835,0.8185,2.40,4.00
2009.11.05 08:19:33.465,0.8183,0.8185,1.00,4.00
2009.11.05 08:19:33.685,0.8183,0.8185,1.00,6.40
2009.11.05 08:19:33.905,0.81825,0.8185,1.60,6.40
2009.11.05 08:19:34.085,0.8183,0.8185,3.20,4.00
2009.11.05 08:19:34.265,0.8183,0.8185,3.30,4.00
2009.11.05 08:19:34.425,0.81825,0.8185,7.60,4.00
2009.11.05 08:19:34.774,0.81825,0.8185,10.80,4.00
2009.11.05 08:19:35.245,0.81835,0.8185,1.00,4.00
2009.11.05 08:19:35.704,0.81825,0.8185,6.80,4.00
2009.11.05 08:19:35.924,0.8183,0.8185,2.40,4.00
2009.11.05 08:19:36.154,0.8183,0.8185,3.20,4.00
2009.11.05 08:19:36.844,0.81825,0.8185,6.80,4.00
2009.11.05 08:19:37.194,0.81825,0.8185,14.00,4.00
2009.11.05 08:19:38.574,0.8183,0.81855,3.50,4.00
2009.11.05 08:19:38.754,0.81835,0.8186,1.00,10.00
2009.11.05 08:19:39.344,0.81835,0.8186,1.00,5.60
2009.11.05 08:19:39.524,0.81835,0.8186,4.10,1.60
2009.11.05 08:19:40.203,0.8185,0.8186,4.00,1.60
2009.11.05 08:19:40.383,0.81835,0.8186,8.10,1.60
2009.11.05 08:19:40.613,0.81835,0.8186,4.10,1.60
2009.11.05 08:19:40.843,0.81835,0.8186,4.10,8.80
2009.11.05 08:19:41.123,0.8183,0.8186,8.40,6.50
2009.11.05 08:19:41.343,0.8183,0.8185,1.00,1.60
2009.11.05 08:19:41.923,0.81825,0.8185,3.60,1.60
2009.11.05 08:19:42.263,0.81825,0.8185,1.20,4.80
2009.11.05 08:19:43.003,0.8183,0.8185,1.00,4.80
2009.11.05 08:19:45.272,0.8183,0.8185,1.00,4.00
2009.11.05 08:19:45.332,0.8183,0.8185,1.00,1.60
2009.11.05 08:19:46.032,0.81825,0.81845,1.00,1.60
2009.11.05 08:19:46.262,0.81825,0.8185,2.50,6.40
2009.11.05 08:19:46.432,0.81825,0.8185,2.50,2.40
2009.11.05 08:19:46.612,0.81825,0.8185,6.50,2.40
2009.11.05 08:19:47.032,0.81825,0.8185,2.50,2.40
2009.11.05 08:19:47.372,0.81825,0.81855,7.60,1.00
2009.11.05 08:19:48.521,0.81825,0.8186,7.60,14.00
2009.11.05 08:19:48.811,0.81825,0.8186,7.60,14.00
2009.11.05 08:19:48.981,0.81825,0.8186,6.50,14.00
2009.11.05 08:19:49.091,0.8183,0.81855,1.00,6.00
2009.11.05 08:19:49.371,0.8183,0.81855,4.10,6.80
2009.11.05 08:19:49.481,0.8183,0.81855,1.00,6.80
2009.11.05 08:19:49.841,0.8183,0.81855,1.00,10.00
2009.11.05 08:19:50.831,0.8183,0.81855,1.00,10.20
2009.11.05 08:19:51.341,0.8183,0.81855,1.00,7.80
2009.11.05 08:19:51.860,0.81825,0.81855,7.30,3.60
2009.11.05 08:19:52.210,0.81825,0.8186,11.60,13.20
2009.11.05 08:19:52.550,0.8183,0.8186,5.40,9.60
2009.11.05 08:19:52.900,0.8183,0.81865,12.10,4.80
2009.11.05 08:19:53.250,0.8184,0.81865,2.40,4.80
2009.11.05 08:19:53.550,0.8184,0.8187,2.40,8.60
2009.11.05 08:19:54.170,0.8184,0.8187,6.40,8.60
2009.11.05 08:19:54.390,0.8184,0.8187,6.50,8.40
2009.11.05 08:19:54.620,0.8184,0.8187,2.70,8.40
2009.11.05 08:19:54.790,0.81845,0.8187,1.00,12.40
2009.11.05 08:19:54.970,0.8184,0.8187,3.20,16.40
2009.11.05 08:19:55.140,0.8184,0.8187,7.20,12.40
2009.11.05 08:19:55.260,0.8184,0.8187,7.20,13.20
2009.11.05 08:19:55.590,0.8184,0.8187,4.80,13.20
2009.11.05 08:19:55.940,0.8184,0.8187,4.00,13.20
2009.11.05 08:19:56.279,0.81835,0.8187,7.60,13.20
2009.11.05 08:19:56.619,0.81835,0.81865,4.10,7.80
2009.11.05 08:19:57.319,0.81835,0.8186,8.80,1.60
2009.11.05 08:19:57.649,0.81835,0.8186,2.40,1.60
2009.11.05 08:19:58.279,0.81835,0.8186,2.40,2.00
2009.11.05 08:19:58.629,0.8184,0.8186,1.00,4.40
2009.11.05 08:19:58.969,0.81835,0.8186,1.00,8.40
2009.11.05 08:19:59.139,0.81835,0.8186,1.00,4.40
2009.11.05 08:20:00.118,0.8184,0.8186,1.00,4.40
2009.11.05 08:20:00.518,0.8184,0.8186,1.00,2.00
2009.11.05 08:20:00.698,0.81835,0.8186,6.50,2.00
2009.11.05 08:20:01.268,0.81835,0.8186,4.90,2.00
2009.11.05 08:20:01.628,0.81835,0.8186,8.90,2.00
2009.11.05 08:20:01.968,0.8185,0.8186,1.00,1.60
2009.11.05 08:20:02.308,0.8184,0.8187,8.10,8.80
2009.11.05 08:20:02.658,0.8184,0.8187,7.50,4.80
2009.11.05 08:20:03.118,0.8184,0.8187,7.50,8.80
2009.11.05 08:20:03.278,0.8184,0.8187,7.30,8.80
2009.11.05 08:20:03.578,0.8184,0.81865,7.30,4.00
2009.11.05 08:20:03.738,0.8184,0.81865,6.50,4.00
2009.11.05 08:20:03.848,0.8184,0.81865,2.50,4.10
2009.11.05 08:20:04.247,0.81835,0.8186,4.00,4.30
2009.11.05 08:20:04.477,0.81835,0.8186,4.00,5.10
2009.11.05 08:20:04.747,0.8183,0.81855,6.00,3.20
2009.11.05 08:20:04.967,0.8183,0.81855,2.00,7.20
2009.11.05 08:20:05.257,0.8183,0.81855,10.00,4.00
2009.11.05 08:20:05.547,0.81835,0.81855,2.40,4.00
2009.11.05 08:20:05.777,0.81835,0.8186,1.00,5.90
2009.11.05 08:20:06.057,0.81835,0.8186,1.00,9.90
2009.11.05 08:20:07.097,0.81835,0.8186,1.00,5.90
2009.11.05 08:20:07.447,0.81835,0.8186,1.00,6.00
2009.11.05 08:20:08.017,0.81835,0.8186,1.00,10.00
2009.11.05 08:20:08.427,0.81835,0.8186,4.90,6.70
2009.11.05 08:20:08.706,0.81835,0.8186,5.70,5.60
2009.11.05 08:20:08.997,0.81835,0.8186,5.70,1.60
2009.11.05 08:20:09.566,0.8184,0.8186,1.00,1.60
2009.11.05 08:20:10.666,0.8184,0.81865,2.50,7.30
2009.11.05 08:20:10.846,0.8184,0.81865,2.50,7.20
2009.11.05 08:20:10.956,0.8184,0.81865,2.50,1.00
2009.11.05 08:20:11.126,0.8184,0.81865,7.60,1.00
2009.11.05 08:20:11.286,0.81845,0.8187,12.30,2.40
2009.11.05 08:20:11.456,0.8185,0.8187,6.70,2.40
2009.11.05 08:20:11.846,0.8185,0.8187,7.50,2.40
2009.11.05 08:20:12.186,0.8185,0.8187,7.60,1.00
2009.11.05 08:20:12.525,0.8185,0.81875,7.60,1.00
2009.11.05 08:20:17.384,0.8185,0.81875,8.40,2.40
2009.11.05 08:20:17.774,0.8185,0.81875,4.40,4.80
2009.11.05 08:20:18.064,0.8185,0.81875,3.60,4.80
2009.11.05 08:20:20.834,0.81855,0.81875,1.60,1.00
2009.11.05 08:20:21.483,0.81855,0.8188,1.60,4.90
2009.11.05 08:20:21.813,0.8185,0.8188,13.20,4.90
2009.11.05 08:20:22.103,0.81855,0.81875,1.00,1.60
2009.11.05 08:20:22.383,0.81855,0.8188,1.70,4.10
2009.11.05 08:20:22.613,0.81855,0.8188,4.90,1.00
2009.11.05 08:20:22.903,0.81855,0.81885,10.10,6.40
2009.11.05 08:20:23.243,0.81855,0.81885,14.10,2.40
2009.11.05 08:20:23.973,0.8186,0.81885,3.60,2.40
2009.11.05 08:20:24.373,0.8186,0.81885,7.60,1.60
2009.11.05 08:20:24.653,0.8186,0.81885,8.40,1.60
2009.11.05 08:20:24.772,0.8186,0.81885,10.10,1.60
2009.11.05 08:20:24.873,0.81865,0.81885,3.30,1.60
2009.11.05 08:20:25.333,0.81865,0.81885,7.30,1.60
2009.11.05 08:20:25.623,0.81865,0.8189,7.30,1.60
2009.11.05 08:20:25.972,0.8187,0.81895,2.50,6.80
2009.11.05 08:20:26.262,0.8187,0.81895,4.90,4.40
2009.11.05 08:20:26.642,0.8187,0.81895,4.30,4.40
2009.11.05 08:20:27.273,0.81865,0.81895,3.20,8.40
2009.11.05 08:20:28.212,0.81865,0.81895,3.20,9.20
2009.11.05 08:20:29.172,0.8186,0.81895,14.00,9.20
