2012.04.05 05:00:00.290,0.84749,0.84768,2.25,4.43
2012.04.05 05:00:00.824,0.84749,0.84767,1.50,1.50
2012.04.05 05:00:01.265,0.84747,0.84766,1.50,5.93
2012.04.05 05:00:01.647,0.8475,0.84764,1.50,1.50
2012.04.05 05:00:02.204,0.84749,0.84763,1.50,2.85
2012.04.05 05:00:02.514,0.84746,0.84763,1.50,2.85
2012.04.05 05:00:03.252,0.84744,0.8476,1.50,2.25
2012.04.05 05:00:03.406,0.84741,0.84759,1.50,2.25
2012.04.05 05:00:03.475,0.8474,0.84755,1.50,1.50
2012.04.05 05:00:03.867,0.84736,0.84754,2.25,1.50
2012.04.05 05:00:04.426,0.84736,0.84755,2.25,2.85
2012.04.05 05:00:06.491,0.84736,0.84752,1.50,3.00
2012.04.05 05:00:06.757,0.84732,0.8475,2.25,1.50
2012.04.05 05:00:07.303,0.8473,0.8475,1.50,2.25
2012.04.05 05:00:07.914,0.84729,0.84749,2.25,1.50
2012.04.05 05:00:10.755,0.8473,0.84751,2.85,2.25
2012.04.05 05:00:11.097,0.84734,0.84752,1.50,3.00
2012.04.05 05:00:13.355,0.84734,0.84752,2.25,2.25
2012.04.05 05:00:15.672,0.84734,0.84752,2.25,1.50
2012.04.05 05:00:16.500,0.84734,0.84752,2.25,1.50
2012.04.05 05:00:17.355,0.84736,0.84754,2.25,3.00
2012.04.05 05:00:21.795,0.84737,0.84755,2.25,1.13
2012.04.05 05:00:22.053,0.84739,0.84756,1.50,1.50
2012.04.05 05:00:22.426,0.84741,0.84756,1.50,1.50
2012.04.05 05:00:22.777,0.84745,0.84761,1.50,2.25
2012.04.05 05:00:34.912,0.84745,0.84761,1.50,1.50
2012.04.05 05:00:37.727,0.84745,0.8476,1.50,1.50
2012.04.05 05:00:38.866,0.84745,0.8476,1.50,1.50
2012.04.05 05:00:41.584,0.84743,0.8476,1.50,1.50
2012.04.05 05:00:41.713,0.84746,0.8476,1.50,1.50
2012.04.05 05:00:47.554,0.84746,0.84761,1.50,3.00
2012.04.05 05:00:47.626,0.84742,0.8476,1.50,2.25
2012.04.05 05:00:53.608,0.84742,0.8476,3.75,2.25
2012.04.05 05:00:54.196,0.84745,0.84761,1.50,2.25
2012.04.05 05:00:54.606,0.84742,0.8476,3.75,2.25
2012.04.05 05:00:54.928,0.84742,0.84757,1.50,1.50
2012.04.05 05:00:55.496,0.84744,0.84761,1.50,1.50
2012.04.05 05:00:55.564,0.84744,0.84762,1.50,2.25
2012.04.05 05:01:00.575,0.84744,0.84762,2.25,2.25
2012.04.05 05:01:00.647,0.84747,0.84763,1.50,3.00
2012.04.05 05:01:03.356,0.84742,0.8476,3.00,2.25
2012.04.05 05:01:03.867,0.84742,0.8476,2.25,3.00
2012.04.05 05:01:04.725,0.84742,0.84759,2.25,1.50
2012.04.05 05:01:11.295,0.8474,0.84757,1.50,1.50
2012.04.05 05:01:11.825,0.84743,0.84759,1.50,3.00
2012.04.05 05:01:12.375,0.84742,0.8476,2.25,3.00
2012.04.05 05:01:18.196,0.84743,0.84758,1.50,1.50
2012.04.05 05:01:20.013,0.84743,0.84758,1.50,1.50
2012.04.05 05:01:27.355,0.84742,0.8476,1.50,4.88
2012.04.05 05:01:35.513,0.8474,0.84756,3.00,1.50
2012.04.05 05:01:35.831,0.84744,0.8476,3.00,1.50
2012.04.05 05:01:36.119,0.84747,0.84763,1.50,3.00
2012.04.05 05:01:36.647,0.84749,0.84766,1.50,2.25
2012.04.05 05:01:36.834,0.84748,0.84766,2.25,3.75
2012.04.05 05:01:37.504,0.84746,0.84764,1.50,2.25
2012.04.05 05:01:40.826,0.84744,0.84762,2.33,1.50
2012.04.05 05:01:41.027,0.84744,0.84759,1.58,1.50
2012.04.05 05:01:41.289,0.8474,0.84758,2.25,2.25
2012.04.05 05:01:41.534,0.84739,0.84755,3.08,1.50
2012.04.05 05:01:41.605,0.84739,0.84755,3.00,1.50
2012.04.05 05:01:42.288,0.8474,0.84758,2.25,3.00
2012.04.05 05:01:53.107,0.8474,0.84758,3.00,2.25
2012.04.05 05:01:53.176,0.84745,0.84758,1.50,2.25
2012.04.05 05:01:53.529,0.84749,0.84758,2.18,1.50
2012.04.05 05:01:53.657,0.84749,0.84764,2.18,2.25
2012.04.05 05:01:54.517,0.84749,0.84765,3.68,2.25
2012.04.05 05:01:56.560,0.84749,0.84762,2.18,1.50
2012.04.05 05:01:57.114,0.84749,0.84762,2.18,2.25
2012.04.05 05:01:57.256,0.84747,0.84764,2.25,2.25
2012.04.05 05:01:57.506,0.84743,0.8476,4.43,3.00
2012.04.05 05:01:57.694,0.84743,0.8476,3.68,3.00
2012.04.05 05:01:58.635,0.84745,0.8476,1.50,1.50
2012.04.05 05:01:59.186,0.84745,0.84761,1.50,3.00
2012.04.05 05:01:59.634,0.84746,0.84763,1.50,2.10
2012.04.05 05:01:59.709,0.84743,0.84761,5.18,2.25
2012.04.05 05:01:59.775,0.84747,0.84763,1.50,3.60
2012.04.05 05:02:01.965,0.84747,0.84763,1.50,3.75
2012.04.05 05:02:02.095,0.84744,0.84759,2.25,1.50
2012.04.05 05:02:02.345,0.84747,0.84757,1.50,1.50
2012.04.05 05:02:03.326,0.84749,0.84758,1.50,1.50
2012.04.05 05:02:03.457,0.84743,0.84761,4.43,2.25
2012.04.05 05:02:03.524,0.84743,0.84761,5.18,2.25
2012.04.05 05:02:06.937,0.84751,0.84761,1.50,1.50
2012.04.05 05:02:07.691,0.84752,0.84765,2.93,2.25
2012.04.05 05:02:07.806,0.84753,0.8477,1.35,2.25
2012.04.05 05:02:07.962,0.84757,0.84773,1.50,3.75
2012.04.05 05:02:08.040,0.84757,0.84773,1.50,3.75
2012.04.05 05:02:12.896,0.84757,0.8477,1.50,1.50
2012.04.05 05:02:12.980,0.84754,0.84769,1.50,2.25
2012.04.05 05:02:13.155,0.84754,0.84769,1.50,2.25
2012.04.05 05:02:16.091,0.84751,0.84768,1.50,2.25
2012.04.05 05:02:16.604,0.84752,0.84769,1.50,3.00
2012.04.05 05:02:17.300,0.84751,0.84767,3.00,2.25
2012.04.05 05:02:18.689,0.84755,0.84772,1.50,3.00
2012.04.05 05:02:19.727,0.84755,0.84772,2.25,3.00
2012.04.05 05:02:21.095,0.84755,0.84772,5.18,2.25
2012.04.05 05:02:21.404,0.8476,0.84776,1.50,3.00
2012.04.05 05:02:21.854,0.8476,0.84775,3.68,1.50
2012.04.05 05:02:22.525,0.8476,0.84772,3.68,1.50
2012.04.05 05:02:22.790,0.84757,0.84772,3.00,1.50
2012.04.05 05:02:23.127,0.84754,0.84768,1.35,1.50
2012.04.05 05:02:23.194,0.84754,0.84768,1.35,1.50
2012.04.05 05:02:23.859,0.84754,0.84769,1.35,1.50
2012.04.05 05:02:24.226,0.84755,0.84769,1.50,1.50
2012.04.05 05:02:24.685,0.84758,0.84775,1.50,3.00
2012.04.05 05:02:24.875,0.84757,0.8477,1.50,1.50
2012.04.05 05:02:25.544,0.84757,0.84772,1.50,1.50
2012.04.05 05:02:26.752,0.84757,0.84772,1.50,1.50
2012.04.05 05:02:27.063,0.8476,0.84772,1.50,1.50
2012.04.05 05:02:28.584,0.84756,0.84772,5.93,1.50
2012.04.05 05:02:28.720,0.84756,0.84772,3.68,2.25
2012.04.05 05:02:28.966,0.84758,0.84773,1.50,2.25
2012.04.05 05:02:32.613,0.84755,0.84773,1.50,2.25
2012.04.05 05:02:37.439,0.84753,0.84771,6.68,2.25
2012.04.05 05:02:37.953,0.84755,0.84772,1.50,2.25
2012.04.05 05:02:39.938,0.84758,0.84772,1.50,2.25
2012.04.05 05:02:40.207,0.8476,0.84774,2.18,1.50
2012.04.05 05:02:40.480,0.84759,0.84775,1.50,2.25
2012.04.05 05:02:40.677,0.84756,0.84772,1.50,2.25
2012.04.05 05:02:41.415,0.84756,0.84771,2.25,1.50
2012.04.05 05:02:43.013,0.84753,0.84771,3.75,2.25
2012.04.05 05:02:43.217,0.84755,0.84771,1.50,2.25
2012.04.05 05:02:43.946,0.84756,0.84773,2.25,1.50
2012.04.05 05:02:44.075,0.84755,0.84771,3.00,1.50
2012.04.05 05:02:44.612,0.84755,0.84771,1.50,2.25
2012.04.05 05:02:44.923,0.84756,0.84771,1.50,2.25
2012.04.05 05:02:49.603,0.84755,0.84771,5.93,1.50
2012.04.05 05:02:49.674,0.84755,0.84771,5.93,2.25
2012.04.05 05:02:49.993,0.84758,0.84773,1.50,1.50
2012.04.05 05:02:51.135,0.84755,0.84773,5.18,3.00
2012.04.05 05:02:53.677,0.84758,0.84773,1.50,1.50
2012.04.05 05:02:54.278,0.84761,0.84773,2.18,1.50
2012.04.05 05:02:56.559,0.8476,0.84778,2.25,3.00
2012.04.05 05:02:56.885,0.8476,0.84773,3.68,1.50
2012.04.05 05:02:56.957,0.8476,0.84775,3.68,1.50
2012.04.05 05:02:58.696,0.84761,0.84775,2.18,1.50
2012.04.05 05:02:59.343,0.84761,0.84778,2.18,2.25
2012.04.05 05:02:59.974,0.84761,0.84778,2.93,2.25
2012.04.05 05:03:00.577,0.84762,0.84778,3.00,1.50
2012.04.05 05:03:00.960,0.84768,0.84782,1.50,1.50
2012.04.05 05:03:01.040,0.84769,0.84782,1.50,1.50
2012.04.05 05:03:01.247,0.84771,0.84784,2.93,1.50
2012.04.05 05:03:01.374,0.84771,0.84786,2.93,1.50
2012.04.05 05:03:01.448,0.84771,0.84784,2.93,1.50
2012.04.05 05:03:01.576,0.84771,0.84786,2.93,1.50
2012.04.05 05:03:01.836,0.84772,0.84788,2.25,2.25
2012.04.05 05:03:02.718,0.84774,0.84789,1.50,1.13
2012.04.05 05:03:03.798,0.84774,0.84788,1.50,1.13
2012.04.05 05:03:04.114,0.84776,0.84789,1.50,1.13
2012.04.05 05:03:04.644,0.84776,0.8479,1.50,1.13
2012.04.05 05:03:06.829,0.84776,0.84791,1.50,2.63
2012.04.05 05:03:06.954,0.84779,0.84791,1.50,1.13
2012.04.05 05:03:07.445,0.84776,0.84791,1.50,1.88
2012.04.05 05:03:07.573,0.84776,0.84789,1.50,1.13
2012.04.05 05:03:07.858,0.84774,0.84788,1.50,1.13
2012.04.05 05:03:07.924,0.84771,0.84787,5.18,1.88
2012.04.05 05:03:09.876,0.84771,0.84788,3.00,1.13
2012.04.05 05:03:10.014,0.84774,0.8479,1.50,2.63
2012.04.05 05:03:10.334,0.84774,0.8479,3.68,2.63
2012.04.05 05:03:10.595,0.84775,0.84792,2.25,1.88
2012.04.05 05:03:11.306,0.84776,0.84793,1.50,2.63
2012.04.05 05:03:11.863,0.84777,0.84793,2.25,1.88
2012.04.05 05:03:14.398,0.84778,0.84793,1.50,2.63
2012.04.05 05:03:14.537,0.84782,0.84794,2.18,2.25
2012.04.05 05:03:14.666,0.84782,0.84797,3.08,1.13
2012.04.05 05:03:14.737,0.84785,0.848,2.40,1.88
2012.04.05 05:03:14.876,0.84786,0.84801,2.25,1.13
2012.04.05 05:03:15.205,0.84785,0.848,2.40,2.25
2012.04.05 05:03:15.898,0.84785,0.848,2.40,2.25
2012.04.05 05:03:17.395,0.84783,0.84799,3.15,1.50
2012.04.05 05:03:17.902,0.84783,0.84798,1.65,2.25
2012.04.05 05:03:18.484,0.84782,0.848,6.83,1.50
2012.04.05 05:03:19.086,0.84782,0.84797,5.33,1.50
2012.04.05 05:03:19.284,0.84783,0.84799,2.40,2.25
2012.04.05 05:03:20.295,0.84785,0.848,2.25,1.50
2012.04.05 05:03:20.805,0.84786,0.84801,2.25,1.13
2012.04.05 05:03:21.296,0.84785,0.848,2.40,1.88
2012.04.05 05:03:24.493,0.84785,0.84799,1.65,1.50
2012.04.05 05:03:27.004,0.84784,0.84801,2.40,1.88
2012.04.05 05:03:27.664,0.84784,0.84801,2.40,1.88
2012.04.05 05:03:28.103,0.84783,0.84797,1.65,1.50
2012.04.05 05:03:29.504,0.84783,0.84797,4.43,1.50
2012.04.05 05:03:29.959,0.84783,0.84794,1.50,1.50
2012.04.05 05:03:30.816,0.84783,0.84794,1.58,1.50
2012.04.05 05:03:30.887,0.84783,0.84794,1.50,1.50
2012.04.05 05:03:31.567,0.84783,0.84794,1.58,1.50
2012.04.05 05:03:32.371,0.84783,0.84794,1.58,1.50
2012.04.05 05:03:32.855,0.84783,0.84794,1.50,1.50
2012.04.05 05:03:37.255,0.84781,0.84794,2.33,1.50
2012.04.05 05:03:37.567,0.84781,0.84797,2.25,2.25
2012.04.05 05:03:38.135,0.84781,0.84797,1.58,2.25
2012.04.05 05:03:39.186,0.84782,0.84798,2.33,2.63
2012.04.05 05:03:39.833,0.84781,0.84795,1.58,1.50
2012.04.05 05:03:41.505,0.84781,0.84795,1.58,1.50
2012.04.05 05:03:42.493,0.84781,0.84795,1.58,1.50
2012.04.05 05:03:42.626,0.84781,0.84798,1.58,2.63
2012.04.05 05:03:44.032,0.84782,0.84798,1.58,2.63
2012.04.05 05:03:45.115,0.84783,0.84798,1.58,1.13
2012.04.05 05:03:45.920,0.84785,0.848,1.50,1.13
2012.04.05 05:03:46.434,0.84785,0.848,1.50,1.13
2012.04.05 05:03:46.927,0.84782,0.84799,2.25,1.13
2012.04.05 05:03:48.211,0.84782,0.84799,3.00,1.13
2012.04.05 05:03:49.303,0.84784,0.84799,1.50,1.13
2012.04.05 05:03:50.937,0.84786,0.84799,1.50,1.13
2012.04.05 05:03:51.783,0.84784,0.84799,3.00,1.50
2012.04.05 05:03:52.329,0.84785,0.84801,2.25,2.63
2012.04.05 05:03:52.864,0.84785,0.84801,2.25,2.63
2012.04.05 05:03:53.378,0.8479,0.84801,1.50,1.13
2012.04.05 05:03:54.776,0.84787,0.84801,1.50,1.88
2012.04.05 05:03:55.552,0.84786,0.84801,1.50,1.88
2012.04.05 05:03:57.006,0.84788,0.848,1.50,1.13
2012.04.05 05:03:57.595,0.84788,0.848,1.50,1.13
2012.04.05 05:03:58.184,0.84787,0.848,1.50,1.13
2012.04.05 05:03:59.076,0.84787,0.848,1.50,1.13
2012.04.05 05:03:59.395,0.84787,0.848,1.50,1.13
2012.04.05 05:04:00.064,0.84789,0.848,1.50,1.13
2012.04.05 05:04:00.405,0.84785,0.848,1.50,1.13
2012.04.05 05:04:01.223,0.84784,0.848,2.25,2.63
2012.04.05 05:04:02.106,0.84785,0.848,1.50,1.13
2012.04.05 05:04:02.615,0.84784,0.84799,1.50,1.88
2012.04.05 05:04:05.176,0.84784,0.84799,3.00,1.88
2012.04.05 05:04:05.497,0.84787,0.84802,2.25,1.13
2012.04.05 05:04:05.696,0.84791,0.84803,1.50,1.13
2012.04.05 05:04:06.577,0.84789,0.84802,1.50,1.13
2012.04.05 05:04:06.707,0.84787,0.84802,1.50,1.13
2012.04.05 05:04:06.778,0.84785,0.84801,1.50,1.13
2012.04.05 05:04:07.626,0.84789,0.84801,1.50,1.13
2012.04.05 05:04:08.217,0.84789,0.84801,1.50,1.13
2012.04.05 05:04:11.134,0.84789,0.84803,1.50,1.13
2012.04.05 05:04:13.082,0.84787,0.84803,1.50,1.13
2012.04.05 05:04:13.155,0.84784,0.84802,5.93,2.25
2012.04.05 05:04:16.643,0.84784,0.84802,5.93,2.25
2012.04.05 05:04:17.741,0.84786,0.84803,1.50,1.13
2012.04.05 05:04:18.573,0.84785,0.84801,2.25,2.25
2012.04.05 05:04:18.905,0.84787,0.84802,1.50,1.50
2012.04.05 05:04:21.315,0.84784,0.84802,5.18,2.25
2012.04.05 05:04:21.822,0.84784,0.84802,4.43,2.25
2012.04.05 05:04:25.514,0.84786,0.84799,1.50,1.13
2012.04.05 05:04:26.101,0.84785,0.84799,1.50,1.13
2012.04.05 05:04:30.486,0.84787,0.84803,1.50,4.13
2012.04.05 05:04:30.558,0.84784,0.84801,1.50,1.13
2012.04.05 05:04:31.085,0.84782,0.84797,1.50,2.25
2012.04.05 05:04:32.696,0.84783,0.84797,2.25,1.13
2012.04.05 05:04:32.769,0.84781,0.84797,3.00,2.63
2012.04.05 05:04:33.303,0.84781,0.84797,3.00,2.25
2012.04.05 05:04:33.925,0.84781,0.84797,3.00,2.63
2012.04.05 05:04:34.434,0.84781,0.84798,1.50,2.25
2012.04.05 05:04:34.975,0.8478,0.84798,2.25,2.25
2012.04.05 05:04:36.271,0.84779,0.84795,4.50,2.25
2012.04.05 05:04:36.954,0.84778,0.8479,1.50,1.50
2012.04.05 05:04:38.761,0.84777,0.8479,2.25,1.50
2012.04.05 05:04:39.998,0.84776,0.84788,2.25,1.50
2012.04.05 05:04:40.315,0.84774,0.84786,5.12,1.50
2012.04.05 05:04:40.390,0.84774,0.84786,2.93,1.50
2012.04.05 05:04:40.894,0.84772,0.84786,2.25,1.50
2012.04.05 05:04:41.234,0.84775,0.84787,1.50,1.50
2012.04.05 05:04:41.376,0.84775,0.84791,2.25,1.50
2012.04.05 05:04:41.903,0.84776,0.84792,2.25,2.25
2012.04.05 05:04:45.383,0.84775,0.8479,2.25,1.50
2012.04.05 05:04:45.513,0.84775,0.84793,3.75,2.25
2012.04.05 05:04:47.634,0.84778,0.84793,1.50,2.25
2012.04.05 05:04:48.875,0.84776,0.84792,2.25,2.25
2012.04.05 05:04:48.947,0.84776,0.84792,2.25,2.25
2012.04.05 05:04:49.517,0.84772,0.84788,4.50,1.50
2012.04.05 05:04:50.065,0.84775,0.8479,1.50,2.25
2012.04.05 05:04:50.386,0.84777,0.84792,1.50,2.25
2012.04.05 05:04:52.526,0.84777,0.84792,1.50,2.25
2012.04.05 05:04:55.712,0.84777,0.84792,1.50,2.25
2012.04.05 05:04:58.834,0.84775,0.84791,1.50,2.25
2012.04.05 05:04:59.094,0.84777,0.84793,1.50,2.63
2012.04.05 05:04:59.298,0.84774,0.8479,1.50,1.50
2012.04.05 05:05:00.726,0.84773,0.8479,2.25,1.50
2012.04.05 05:05:01.109,0.84776,0.84792,1.50,3.75
2012.04.05 05:05:01.424,0.84773,0.84791,1.50,2.63
2012.04.05 05:05:02.823,0.84773,0.84791,2.25,2.63
2012.04.05 05:05:03.100,0.84773,0.84791,4.50,2.25
2012.04.05 05:05:03.366,0.84772,0.84786,1.50,1.50
2012.04.05 05:05:03.927,0.84772,0.84787,1.50,1.50
2012.04.05 05:05:04.235,0.84774,0.84791,3.68,2.25
2012.04.05 05:05:04.782,0.84774,0.84791,3.68,2.25
2012.04.05 05:05:11.292,0.84772,0.84789,4.43,2.25
2012.04.05 05:05:11.813,0.84772,0.84786,2.25,2.25
2012.04.05 05:05:14.435,0.8477,0.84786,5.03,2.25
2012.04.05 05:05:14.635,0.8477,0.84786,1.50,2.25
2012.04.05 05:05:15.180,0.84771,0.84788,2.25,2.25
2012.04.05 05:05:16.105,0.84771,0.84788,2.25,2.25
2012.04.05 05:05:17.225,0.84771,0.84788,3.75,2.25
2012.04.05 05:05:22.753,0.84771,0.84788,5.25,2.25
2012.04.05 05:05:25.139,0.84772,0.8479,1.50,2.63
2012.04.05 05:05:25.276,0.84772,0.8479,2.25,2.63
2012.04.05 05:05:25.468,0.8477,0.84788,3.00,2.25
2012.04.05 05:05:25.910,0.84772,0.84788,1.50,2.25
2012.04.05 05:05:26.866,0.84772,0.84788,1.50,2.25
2012.04.05 05:05:28.924,0.84772,0.84788,1.50,2.25
2012.04.05 05:05:32.345,0.84769,0.84784,3.00,1.50
2012.04.05 05:05:32.904,0.8477,0.84788,5.18,2.25
2012.04.05 05:05:36.136,0.8477,0.84788,5.18,2.25
2012.04.05 05:05:37.904,0.8477,0.84788,4.43,2.25
2012.04.05 05:05:38.038,0.8477,0.84788,3.68,2.25
2012.04.05 05:05:38.503,0.84771,0.84787,2.25,2.25
2012.04.05 05:05:38.624,0.84771,0.84787,2.25,2.25
2012.04.05 05:05:39.933,0.84771,0.84787,1.50,2.25
2012.04.05 05:05:40.435,0.84771,0.84786,1.50,1.13
2012.04.05 05:05:40.974,0.84771,0.84786,2.25,1.13
2012.04.05 05:05:41.105,0.84772,0.84788,1.50,1.13
2012.04.05 05:05:41.297,0.84775,0.8479,1.50,1.13
2012.04.05 05:05:42.032,0.84774,0.8479,1.50,2.63
2012.04.05 05:05:42.355,0.84777,0.84792,1.50,2.25
2012.04.05 05:05:42.496,0.84776,0.84792,2.25,2.25
2012.04.05 05:05:43.004,0.84776,0.84792,2.25,2.25
2012.04.05 05:05:43.289,0.8478,0.84792,1.50,1.13
2012.04.05 05:05:43.538,0.84777,0.84792,1.50,1.13
2012.04.05 05:05:45.374,0.84775,0.84792,2.25,1.13
2012.04.05 05:05:47.548,0.84769,0.84785,2.25,1.50
2012.04.05 05:05:48.424,0.84768,0.84786,2.25,3.00
2012.04.05 05:05:48.934,0.84768,0.84786,3.00,3.00
2012.04.05 05:05:49.515,0.84768,0.84782,2.25,1.13
2012.04.05 05:05:50.360,0.8477,0.84786,1.50,1.50
2012.04.05 05:05:52.405,0.8477,0.84787,3.00,1.50
2012.04.05 05:05:52.475,0.84771,0.84787,1.50,1.50
2012.04.05 05:05:54.246,0.8477,0.84787,4.43,2.25
2012.04.05 05:05:54.375,0.8477,0.84785,3.68,1.50
2012.04.05 05:05:54.574,0.84768,0.84782,1.50,2.25
2012.04.05 05:05:55.089,0.8477,0.84782,1.50,2.25
2012.04.05 05:05:55.169,0.84771,0.84787,1.50,1.50
2012.04.05 05:05:55.486,0.8477,0.84787,1.50,1.50
2012.04.05 05:05:55.737,0.84771,0.84787,1.50,1.50
2012.04.05 05:05:58.926,0.84771,0.84787,1.50,1.50
2012.04.05 05:05:59.244,0.84773,0.84785,1.50,1.13
2012.04.05 05:05:59.555,0.84773,0.84785,1.50,1.13
2012.04.05 05:06:00.376,0.8477,0.84785,1.50,1.13
2012.04.05 05:06:03.737,0.84769,0.84785,1.50,1.13
2012.04.05 05:06:05.653,0.84769,0.84786,3.00,2.25
2012.04.05 05:06:05.796,0.8477,0.84786,1.50,3.00
2012.04.05 05:06:12.445,0.8477,0.84786,2.25,1.50
2012.04.05 05:06:12.972,0.84772,0.84786,1.50,1.50
2012.04.05 05:06:13.003,0.8477,0.84786,1.50,1.50
2012.04.05 05:06:14.495,0.8477,0.84785,1.50,1.13
2012.04.05 05:06:16.927,0.8477,0.84781,1.50,1.13
2012.04.05 05:06:17.188,0.84765,0.8478,2.25,3.00
2012.04.05 05:06:17.958,0.84766,0.84778,1.50,1.13
2012.04.05 05:06:18.039,0.84768,0.8478,1.50,1.13
2012.04.05 05:06:18.320,0.84762,0.84778,1.50,3.00
2012.04.05 05:06:18.390,0.84762,0.84778,1.50,3.00
2012.04.05 05:06:18.797,0.84764,0.84779,1.50,1.13
2012.04.05 05:06:19.403,0.84764,0.84776,1.50,1.13
2012.04.05 05:06:19.958,0.84765,0.84776,1.50,1.88
2012.04.05 05:06:20.229,0.8476,0.84775,2.25,1.88
2012.04.05 05:06:20.359,0.8476,0.84775,3.75,1.13
2012.04.05 05:06:20.573,0.84761,0.84777,1.50,1.13
2012.04.05 05:06:21.727,0.8476,0.84778,3.00,2.25
2012.04.05 05:06:21.855,0.84764,0.84777,1.50,1.13
2012.04.05 05:06:22.442,0.8476,0.84776,1.50,1.50
2012.04.05 05:06:22.588,0.84759,0.84775,1.50,2.25
2012.04.05 05:06:23.126,0.84757,0.84773,2.25,2.25
2012.04.05 05:06:23.671,0.84757,0.84773,2.25,2.25
2012.04.05 05:06:23.998,0.84756,0.8477,2.93,1.50
2012.04.05 05:06:24.376,0.84756,0.84767,1.50,1.50
2012.04.05 05:06:24.932,0.84756,0.8477,4.43,1.50
2012.04.05 05:06:25.385,0.84753,0.84768,3.75,1.50
2012.04.05 05:06:25.515,0.84754,0.8477,1.50,1.50
2012.04.05 05:06:25.715,0.84755,0.8477,1.50,2.25
2012.04.05 05:06:26.024,0.84753,0.84767,4.50,1.50
2012.04.05 05:06:27.050,0.84753,0.84767,2.25,1.50
2012.04.05 05:06:27.186,0.84753,0.84766,1.50,2.25
2012.04.05 05:06:27.254,0.84753,0.84766,2.25,2.25
2012.04.05 05:06:27.645,0.84755,0.84769,1.50,1.50
2012.04.05 05:06:28.445,0.84756,0.84769,1.50,1.50
2012.04.05 05:06:29.500,0.84755,0.84772,2.25,1.50
2012.04.05 05:06:30.904,0.84756,0.8477,1.50,1.50
2012.04.05 05:06:31.664,0.84757,0.84773,1.35,1.50
2012.04.05 05:06:32.224,0.84757,0.84772,1.35,1.50
2012.04.05 05:06:32.617,0.84754,0.84767,1.50,1.50
2012.04.05 05:06:32.818,0.84753,0.84767,3.00,1.50
2012.04.05 05:06:33.670,0.84753,0.84768,1.50,1.50
2012.04.05 05:06:34.067,0.84753,0.84766,1.50,1.50
2012.04.05 05:06:34.502,0.84751,0.84764,1.13,1.50
2012.04.05 05:06:34.878,0.84749,0.84759,1.50,1.50
2012.04.05 05:06:35.095,0.8475,0.84766,2.25,1.50
2012.04.05 05:06:35.598,0.84751,0.84767,1.50,2.25
2012.04.05 05:06:36.137,0.8475,0.84766,3.75,1.50
2012.04.05 05:06:36.540,0.8475,0.84764,2.25,1.50
2012.04.05 05:06:36.821,0.8475,0.84766,2.25,1.50
2012.04.05 05:06:36.955,0.8475,0.84764,2.25,1.50
2012.04.05 05:06:37.549,0.8475,0.84765,1.50,2.25
2012.04.05 05:06:37.884,0.84747,0.84761,1.50,1.50
2012.04.05 05:06:38.255,0.84747,0.84764,1.50,2.63
2012.04.05 05:06:38.515,0.84746,0.84763,3.00,1.88
2012.04.05 05:06:39.038,0.84744,0.84761,3.00,1.13
2012.04.05 05:06:42.096,0.84745,0.84761,1.50,1.13
2012.04.05 05:06:42.418,0.84743,0.84757,2.25,1.50
2012.04.05 05:06:42.627,0.84744,0.84759,1.50,1.50
2012.04.05 05:06:43.017,0.84746,0.84759,1.50,1.50
2012.04.05 05:06:43.086,0.84746,0.84762,1.50,2.25
2012.04.05 05:06:43.628,0.84746,0.84762,3.00,2.25
2012.04.05 05:06:44.308,0.84746,0.84764,3.00,3.38
2012.04.05 05:06:44.577,0.84746,0.84763,1.50,1.88
2012.04.05 05:06:45.176,0.84745,0.8476,1.50,1.88
2012.04.05 05:06:46.491,0.84744,0.84759,2.25,1.50
2012.04.05 05:06:46.805,0.84744,0.84757,2.25,1.50
2012.04.05 05:06:47.462,0.84744,0.84759,2.25,1.50
2012.04.05 05:06:49.626,0.84746,0.84761,2.25,2.25
2012.04.05 05:06:49.770,0.84748,0.8476,1.50,2.25
2012.04.05 05:06:49.967,0.84746,0.84764,5.93,2.25
2012.04.05 05:06:50.406,0.84746,0.84761,2.25,1.50
2012.04.05 05:06:51.194,0.84747,0.84761,2.25,1.50
2012.04.05 05:06:51.387,0.84748,0.84764,1.50,1.50
2012.04.05 05:06:51.588,0.84748,0.84759,1.50,1.50
2012.04.05 05:06:51.785,0.84746,0.84759,2.25,1.50
2012.04.05 05:06:52.621,0.84746,0.84764,3.00,2.63
2012.04.05 05:06:53.186,0.84746,0.8476,1.50,1.50
2012.04.05 05:06:57.069,0.84746,0.84761,2.25,1.88
2012.04.05 05:06:57.917,0.84745,0.84758,1.50,1.50
2012.04.05 05:07:00.282,0.84744,0.84758,1.50,1.50
2012.04.05 05:07:00.626,0.84743,0.84756,2.10,1.50
2012.04.05 05:07:01.297,0.84743,0.84758,2.85,1.50
2012.04.05 05:07:01.415,0.84743,0.84758,2.25,1.50
2012.04.05 05:07:01.933,0.84742,0.84757,1.50,1.50
2012.04.05 05:07:04.672,0.84742,0.84754,1.50,1.50
2012.04.05 05:07:06.334,0.84741,0.84757,3.00,1.50
2012.04.05 05:07:06.948,0.84741,0.84753,1.50,1.50
2012.04.05 05:07:07.023,0.84741,0.84755,1.50,1.50
2012.04.05 05:07:07.377,0.84741,0.8475,1.50,1.50
2012.04.05 05:07:07.916,0.84738,0.8475,1.50,1.50
2012.04.05 05:07:08.117,0.84738,0.84753,1.50,1.50
2012.04.05 05:07:10.628,0.84738,0.84751,2.25,1.50
2012.04.05 05:07:11.297,0.84738,0.84751,2.85,1.50
2012.04.05 05:07:11.569,0.84737,0.8475,2.18,1.50
2012.04.05 05:07:12.103,0.84736,0.8475,2.18,1.50
2012.04.05 05:07:12.238,0.84736,0.84747,2.18,1.50
2012.04.05 05:07:12.368,0.84736,0.8475,2.18,1.50
2012.04.05 05:07:12.711,0.84733,0.84748,1.50,1.50
2012.04.05 05:07:12.863,0.84732,0.8475,2.25,1.50
2012.04.05 05:07:13.001,0.84731,0.84746,3.75,1.50
2012.04.05 05:07:13.289,0.84733,0.84748,1.50,1.50
2012.04.05 05:07:13.366,0.84734,0.8475,1.50,1.13
2012.04.05 05:07:13.935,0.84736,0.84751,1.50,1.50
2012.04.05 05:07:14.479,0.84736,0.8475,1.50,1.50
2012.04.05 05:07:14.923,0.84736,0.84752,3.00,1.50
2012.04.05 05:07:19.062,0.84737,0.84752,1.50,1.50
2012.04.05 05:07:19.517,0.8474,0.84756,1.50,1.50
2012.04.05 05:07:20.078,0.84737,0.84753,1.50,1.50
2012.04.05 05:07:20.456,0.84737,0.84751,1.50,1.50
2012.04.05 05:07:21.379,0.84737,0.84751,1.50,1.50
2012.04.05 05:07:21.824,0.84737,0.84753,3.00,1.50
2012.04.05 05:07:21.902,0.84733,0.84748,1.50,1.50
2012.04.05 05:07:22.325,0.84734,0.84751,3.00,1.13
2012.04.05 05:07:23.086,0.84734,0.84752,3.00,2.63
2012.04.05 05:07:23.155,0.84734,0.84752,3.75,2.63
2012.04.05 05:07:24.141,0.84734,0.84752,3.75,2.25
2012.04.05 05:07:26.994,0.84734,0.84752,3.00,1.88
2012.04.05 05:07:27.566,0.84734,0.84749,1.50,1.50
2012.04.05 05:07:29.048,0.84734,0.84752,3.00,1.88
2012.04.05 05:07:29.597,0.84734,0.84751,3.00,1.50
2012.04.05 05:07:30.004,0.84734,0.8475,2.25,3.00
2012.04.05 05:07:30.075,0.84735,0.84752,1.50,2.25
2012.04.05 05:07:30.277,0.84733,0.84749,2.25,1.50
2012.04.05 05:07:30.467,0.84735,0.8475,1.50,2.25
2012.04.05 05:07:30.781,0.84737,0.84754,1.50,1.13
2012.04.05 05:07:31.303,0.84733,0.84749,3.60,1.50
2012.04.05 05:07:31.566,0.84736,0.84752,2.25,2.63
2012.04.05 05:07:31.637,0.84731,0.84747,3.75,1.50
2012.04.05 05:07:32.222,0.84731,0.84747,3.75,1.50
2012.04.05 05:07:32.694,0.84732,0.8475,2.25,2.63
2012.04.05 05:07:32.903,0.84731,0.84747,3.00,1.50
2012.04.05 05:07:36.279,0.84733,0.84746,1.50,1.50
2012.04.05 05:07:36.631,0.84732,0.84743,1.50,1.13
2012.04.05 05:07:36.786,0.84726,0.84739,1.50,1.50
2012.04.05 05:07:37.187,0.84722,0.84738,1.50,1.88
2012.04.05 05:07:37.256,0.84721,0.84736,1.13,1.50
2012.04.05 05:07:38.251,0.8472,0.84736,1.50,1.88
2012.04.05 05:07:39.169,0.8472,0.84736,3.75,1.88
2012.04.05 05:07:39.497,0.84725,0.8474,2.25,2.25
2012.04.05 05:07:39.637,0.84726,0.84742,1.50,2.25
2012.04.05 05:07:40.459,0.84721,0.84737,4.50,1.50
2012.04.05 05:07:40.603,0.84721,0.84737,4.50,1.50
2012.04.05 05:07:42.249,0.84721,0.84737,3.00,1.50
2012.04.05 05:07:42.319,0.84724,0.84739,1.50,2.85
2012.04.05 05:07:42.468,0.84719,0.84735,2.25,1.50
2012.04.05 05:07:42.995,0.8472,0.84737,1.50,3.38
2012.04.05 05:07:43.559,0.84719,0.84735,2.25,1.50
2012.04.05 05:07:44.138,0.84718,0.84734,1.50,1.50
2012.04.05 05:07:44.454,0.8472,0.84734,1.50,1.13
2012.04.05 05:07:47.624,0.84718,0.84734,1.50,2.63
2012.04.05 05:07:47.893,0.84715,0.84733,3.00,1.88
2012.04.05 05:07:49.117,0.84715,0.84733,3.00,2.63
2012.04.05 05:07:49.708,0.84715,0.8473,3.00,2.25
2012.04.05 05:07:50.077,0.84712,0.84728,1.50,1.88
2012.04.05 05:07:52.065,0.84712,0.84727,1.50,1.50
2012.04.05 05:07:53.828,0.84712,0.84727,2.25,1.50
2012.04.05 05:07:54.096,0.84712,0.8473,3.00,1.50
2012.04.05 05:07:54.236,0.84712,0.8473,2.25,3.38
2012.04.05 05:07:54.559,0.84711,0.84727,3.00,1.88
2012.04.05 05:07:54.697,0.84711,0.84727,3.00,1.88
2012.04.05 05:07:56.932,0.8471,0.84723,1.50,2.18
2012.04.05 05:07:57.475,0.8471,0.84726,1.50,1.13
2012.04.05 05:07:58.198,0.8471,0.84726,1.50,1.13
2012.04.05 05:07:58.266,0.8471,0.84727,2.25,1.88
2012.04.05 05:08:01.334,0.84715,0.84729,1.50,1.88
2012.04.05 05:08:01.583,0.84712,0.84729,2.25,1.88
2012.04.05 05:08:02.246,0.8471,0.84728,3.00,1.88
2012.04.05 05:08:03.035,0.84711,0.84728,2.25,1.50
2012.04.05 05:08:03.166,0.84712,0.84728,1.50,1.50
2012.04.05 05:08:05.455,0.84711,0.84728,2.25,1.88
2012.04.05 05:08:06.007,0.84712,0.84728,1.50,1.88
2012.04.05 05:08:06.625,0.84711,0.84725,1.50,1.88
2012.04.05 05:08:07.157,0.84709,0.84725,3.75,1.88
2012.04.05 05:08:08.039,0.8471,0.84725,1.13,1.88
2012.04.05 05:08:08.345,0.84711,0.84726,3.00,1.88
2012.04.05 05:08:09.146,0.84713,0.84728,1.50,1.13
2012.04.05 05:08:10.105,0.84715,0.84728,1.50,1.13
2012.04.05 05:08:13.525,0.84715,0.84729,1.50,1.13
2012.04.05 05:08:13.608,0.84712,0.84728,2.25,1.50
2012.04.05 05:08:13.682,0.84717,0.84728,2.95,1.50
2012.04.05 05:08:14.105,0.84717,0.84731,3.70,1.88
2012.04.05 05:08:14.247,0.84717,0.84731,3.70,1.88
2012.04.05 05:08:15.049,0.84717,0.84732,1.50,1.88
2012.04.05 05:08:16.765,0.84717,0.8473,1.50,1.88
2012.04.05 05:08:18.174,0.84717,0.84733,2.25,1.88
2012.04.05 05:08:18.495,0.84714,0.84731,2.25,3.30
2012.04.05 05:08:18.564,0.84714,0.84731,2.25,3.30
2012.04.05 05:08:19.087,0.84714,0.8473,3.00,1.13
2012.04.05 05:08:21.736,0.84714,0.8473,2.25,1.13
2012.04.05 05:08:22.501,0.84711,0.84727,3.00,1.88
2012.04.05 05:08:23.054,0.84711,0.84727,3.00,1.88
2012.04.05 05:08:23.893,0.84713,0.8473,1.50,1.13
2012.04.05 05:08:24.812,0.84712,0.84728,2.25,1.88
2012.04.05 05:08:26.708,0.84712,0.84728,2.25,1.88
2012.04.05 05:08:27.036,0.84711,0.84726,2.25,1.88
2012.04.05 05:08:29.323,0.84708,0.84726,3.75,1.88
2012.04.05 05:08:29.600,0.84707,0.84722,2.25,1.88
2012.04.05 05:08:29.795,0.84707,0.84722,2.25,1.88
2012.04.05 05:08:30.415,0.84707,0.84721,2.25,1.88
2012.04.05 05:08:34.599,0.84707,0.84721,1.50,1.88
2012.04.05 05:08:39.463,0.84707,0.84719,1.50,1.50
2012.04.05 05:08:40.084,0.84707,0.84722,1.50,1.88
2012.04.05 05:08:41.716,0.84707,0.84722,1.50,1.88
2012.04.05 05:08:42.062,0.84707,0.84722,1.50,1.88
2012.04.05 05:08:43.614,0.84707,0.84717,1.50,1.50
2012.04.05 05:08:44.544,0.84706,0.84719,1.50,1.50
2012.04.05 05:08:45.797,0.84705,0.84719,1.50,1.50
2012.04.05 05:08:45.866,0.84705,0.84717,1.50,1.50
2012.04.05 05:08:46.400,0.84705,0.84715,1.50,1.50
2012.04.05 05:08:46.794,0.84704,0.84714,1.50,1.50
2012.04.05 05:08:50.585,0.84704,0.84714,1.50,1.50
2012.04.05 05:08:50.659,0.84705,0.84716,2.25,1.50
2012.04.05 05:08:51.463,0.84706,0.84718,1.50,1.50
2012.04.05 05:08:51.538,0.84706,0.84721,3.00,1.50
2012.04.05 05:08:51.915,0.84708,0.84723,1.50,1.50
2012.04.05 05:08:52.596,0.8471,0.84725,1.50,1.13
2012.04.05 05:08:52.903,0.8471,0.84723,1.50,1.13
2012.04.05 05:08:53.276,0.84706,0.84722,2.25,2.25
2012.04.05 05:08:53.526,0.84705,0.8472,1.50,2.25
2012.04.05 05:08:53.666,0.84703,0.84719,1.50,2.25
2012.04.05 05:08:53.867,0.84706,0.84722,1.50,3.75
2012.04.05 05:08:53.936,0.84703,0.84719,2.25,2.25
2012.04.05 05:08:54.184,0.84701,0.84718,1.50,1.50
2012.04.05 05:08:54.254,0.84701,0.84715,1.50,1.50
2012.04.05 05:08:56.711,0.847,0.84714,2.25,2.55
2012.04.05 05:08:56.862,0.84697,0.84713,1.50,2.25
2012.04.05 05:08:57.054,0.84699,0.84716,2.25,1.13
2012.04.05 05:08:57.127,0.84702,0.84716,1.50,1.13
2012.04.05 05:08:57.325,0.84699,0.84714,1.50,1.88
2012.04.05 05:08:57.524,0.84697,0.84713,1.50,2.25
2012.04.05 05:08:57.595,0.84697,0.84713,1.50,2.63
2012.04.05 05:08:58.373,0.84698,0.84713,1.50,1.13
2012.04.05 05:08:58.445,0.84698,0.84714,1.50,1.88
2012.04.05 05:08:58.517,0.84695,0.84711,3.00,1.50
2012.04.05 05:08:58.647,0.84696,0.84713,2.25,2.25
2012.04.05 05:08:59.052,0.847,0.84714,1.50,1.13
2012.04.05 05:08:59.135,0.84697,0.84714,1.50,1.13
2012.04.05 05:08:59.655,0.84696,0.84713,3.00,1.50
2012.04.05 05:08:59.910,0.84698,0.84714,1.50,2.25
2012.04.05 05:09:02.707,0.847,0.84715,1.50,2.25
2012.04.05 05:09:02.774,0.84698,0.84714,1.50,2.25
2012.04.05 05:09:06.129,0.84695,0.84712,1.50,1.50
2012.04.05 05:09:06.465,0.84693,0.84709,3.00,2.25
2012.04.05 05:09:08.375,0.84692,0.84707,2.63,1.50
2012.04.05 05:09:10.745,0.84692,0.84707,2.25,1.50
2012.04.05 05:09:12.264,0.84692,0.84707,2.25,1.50
2012.04.05 05:09:12.337,0.84693,0.84709,2.25,1.50
2012.04.05 05:09:12.526,0.84692,0.84707,1.50,1.50
2012.04.05 05:09:12.901,0.84693,0.84707,1.50,1.50
2012.04.05 05:09:13.529,0.84692,0.84707,1.50,1.50
2012.04.05 05:09:13.795,0.84692,0.84704,1.50,1.50
2012.04.05 05:09:13.864,0.84692,0.84706,1.50,1.50
2012.04.05 05:09:14.114,0.84692,0.84708,3.00,1.50
2012.04.05 05:09:14.184,0.84692,0.84706,1.50,1.50
2012.04.05 05:09:15.044,0.84689,0.84706,1.50,1.50
2012.04.05 05:09:15.418,0.84689,0.84706,1.50,1.50
2012.04.05 05:09:17.265,0.8469,0.84708,2.25,2.25
2012.04.05 05:09:17.453,0.8469,0.84707,2.25,1.50
2012.04.05 05:09:17.659,0.84689,0.84705,2.25,1.50
2012.04.05 05:09:17.915,0.84687,0.84701,1.50,1.50
2012.04.05 05:09:18.487,0.84689,0.84704,2.25,1.50
2012.04.05 05:09:18.556,0.84689,0.84707,3.75,1.50
2012.04.05 05:09:18.629,0.84689,0.84705,2.25,1.50
2012.04.05 05:09:18.945,0.8469,0.84703,1.50,1.50
2012.04.05 05:09:19.274,0.84691,0.84703,1.50,1.50
2012.04.05 05:09:20.770,0.84689,0.84703,1.50,1.50
2012.04.05 05:09:20.850,0.8469,0.84708,2.25,3.75
2012.04.05 05:09:20.976,0.84689,0.84705,3.00,1.50
2012.04.05 05:09:21.543,0.84689,0.84704,1.50,1.50
2012.04.05 05:09:22.053,0.84689,0.84705,3.00,1.50
2012.04.05 05:09:22.867,0.84689,0.84705,3.00,2.25
2012.04.05 05:09:23.179,0.84685,0.847,2.25,1.50
2012.04.05 05:09:23.247,0.84685,0.847,2.25,1.50
2012.04.05 05:09:23.667,0.84688,0.84706,1.50,3.75
2012.04.05 05:09:24.219,0.84688,0.84706,2.25,3.00
2012.04.05 05:09:24.453,0.84688,0.84703,2.25,1.50
2012.04.05 05:09:25.926,0.84688,0.84695,2.25,1.50
2012.04.05 05:09:26.074,0.84685,0.84693,2.25,1.50
2012.04.05 05:09:26.149,0.84685,0.84693,1.50,2.93
2012.04.05 05:09:26.291,0.84677,0.84692,1.50,1.50
2012.04.05 05:09:26.427,0.84676,0.84692,1.50,1.50
2012.04.05 05:09:26.500,0.84678,0.84686,1.35,1.50
2012.04.05 05:09:26.567,0.84678,0.84689,1.35,1.50
2012.04.05 05:09:26.701,0.84676,0.84689,1.50,1.50
2012.04.05 05:09:26.779,0.84676,0.84692,1.50,1.50
2012.04.05 05:09:26.974,0.84676,0.84691,1.50,1.50
2012.04.05 05:09:27.304,0.84676,0.84691,1.50,1.50
2012.04.05 05:09:29.442,0.84676,0.84691,2.25,1.50
2012.04.05 05:09:30.985,0.84676,0.84691,1.50,1.50
2012.04.05 05:09:31.492,0.84679,0.84687,1.50,1.50
2012.04.05 05:09:32.219,0.84681,0.84695,2.25,1.50
2012.04.05 05:09:32.539,0.84681,0.84692,1.50,1.50
2012.04.05 05:09:32.609,0.84679,0.84695,3.00,1.50
2012.04.05 05:09:32.974,0.84677,0.84694,1.50,1.50
2012.04.05 05:09:33.945,0.84676,0.84692,2.25,1.50
2012.04.05 05:09:36.358,0.84676,0.84692,1.50,1.50
2012.04.05 05:09:36.547,0.84674,0.84688,1.50,1.50
2012.04.05 05:09:36.995,0.84674,0.8469,3.75,1.50
2012.04.05 05:09:37.144,0.84676,0.8469,1.50,1.50
2012.04.05 05:09:37.214,0.84676,0.84693,1.50,1.50
2012.04.05 05:09:37.437,0.84676,0.84693,1.50,1.50
2012.04.05 05:09:37.693,0.84676,0.84691,1.50,1.50
2012.04.05 05:09:38.426,0.84674,0.84691,2.25,1.50
2012.04.05 05:09:38.770,0.84677,0.8469,1.50,1.50
2012.04.05 05:09:38.954,0.84677,0.84693,1.50,1.50
2012.04.05 05:09:39.144,0.84677,0.84691,1.50,1.50
2012.04.05 05:09:39.664,0.84677,0.8469,1.50,1.50
2012.04.05 05:09:40.596,0.84673,0.8469,2.25,1.50
2012.04.05 05:09:40.667,0.84674,0.84692,2.25,2.25
2012.04.05 05:09:40.855,0.84673,0.84689,3.75,1.50
2012.04.05 05:09:41.616,0.84674,0.84688,1.50,1.50
2012.04.05 05:09:41.925,0.84674,0.8469,2.25,1.50
2012.04.05 05:09:42.455,0.84674,0.84689,1.50,1.50
2012.04.05 05:09:43.028,0.84674,0.84689,1.50,1.50
2012.04.05 05:09:43.374,0.84674,0.84692,3.00,1.50
2012.04.05 05:09:43.886,0.84674,0.84692,3.75,2.25
2012.04.05 05:09:46.169,0.84677,0.8469,1.50,1.50
2012.04.05 05:09:46.240,0.84675,0.84691,3.00,1.50
2012.04.05 05:09:46.364,0.84676,0.84693,2.25,1.50
2012.04.05 05:09:47.034,0.84676,0.84693,2.25,1.50
2012.04.05 05:09:48.189,0.84675,0.84691,3.75,1.50
2012.04.05 05:09:48.627,0.84677,0.84691,1.50,1.50
2012.04.05 05:09:48.695,0.84677,0.84694,1.50,1.50
2012.04.05 05:09:50.398,0.84679,0.84697,2.25,2.25
2012.04.05 05:09:50.470,0.84679,0.84694,2.25,1.50
2012.04.05 05:09:51.101,0.8468,0.84696,2.25,1.50
2012.04.05 05:09:51.611,0.84679,0.84697,3.00,1.50
2012.04.05 05:09:57.378,0.84681,0.84699,2.25,1.50
2012.04.05 05:09:57.455,0.84689,0.84699,2.20,3.00
2012.04.05 05:09:57.808,0.84689,0.84704,2.93,2.63
2012.04.05 05:09:58.055,0.84691,0.84705,1.50,1.50
2012.04.05 05:09:58.377,0.84687,0.84702,1.50,1.50
2012.04.05 05:09:58.446,0.84691,0.84705,1.50,1.50
2012.04.05 05:09:59.905,0.84691,0.84705,1.50,1.50
2012.04.05 05:10:00.227,0.84688,0.84703,1.50,1.50
2012.04.05 05:10:00.495,0.84685,0.84701,1.50,1.50
2012.04.05 05:10:03.485,0.84685,0.84701,1.50,2.25
2012.04.05 05:10:03.559,0.84685,0.84701,1.50,4.43
2012.04.05 05:10:03.828,0.84683,0.84697,1.50,1.50
2012.04.05 05:10:04.035,0.84682,0.847,3.75,2.25
2012.04.05 05:10:04.503,0.84682,0.847,3.75,2.25
2012.04.05 05:10:06.027,0.84686,0.847,1.50,1.50
2012.04.05 05:10:07.576,0.84686,0.84702,3.75,1.50
2012.04.05 05:10:07.644,0.84687,0.84704,2.25,1.50
2012.04.05 05:10:07.893,0.84687,0.84704,3.00,1.50
2012.04.05 05:10:10.047,0.84687,0.84704,3.00,1.50
2012.04.05 05:10:11.363,0.84689,0.84707,2.25,2.25
2012.04.05 05:10:12.985,0.84688,0.84705,2.25,1.50
2012.04.05 05:10:13.504,0.84688,0.84705,2.25,1.50
2012.04.05 05:10:14.124,0.84689,0.84707,3.00,1.88
2012.04.05 05:10:16.567,0.84691,0.84708,1.50,1.88
2012.04.05 05:10:17.463,0.8469,0.84706,2.25,1.50
2012.04.05 05:10:17.685,0.84689,0.84704,2.25,1.50
2012.04.05 05:10:23.463,0.84689,0.84703,1.50,1.50
2012.04.05 05:10:24.055,0.84688,0.84705,3.00,1.50
2012.04.05 05:10:24.493,0.84692,0.84707,1.50,2.18
2012.04.05 05:10:24.848,0.84697,0.84713,1.50,1.50
2012.04.05 05:10:25.602,0.84695,0.84712,2.25,1.50
2012.04.05 05:10:28.506,0.84695,0.84713,3.00,3.00
2012.04.05 05:10:28.816,0.84695,0.84708,1.50,1.50
2012.04.05 05:10:30.261,0.84695,0.84709,1.50,1.50
2012.04.05 05:10:35.733,0.84695,0.84709,1.50,1.50
2012.04.05 05:10:37.957,0.84695,0.84711,1.50,1.50
2012.04.05 05:10:38.587,0.84698,0.84713,1.50,3.00
2012.04.05 05:10:39.113,0.84699,0.84715,2.25,4.43
2012.04.05 05:10:39.433,0.84698,0.8471,1.50,1.50
2012.04.05 05:10:39.994,0.84699,0.8471,1.50,1.50
2012.04.05 05:10:42.264,0.84699,0.84711,1.50,1.50
2012.04.05 05:10:42.419,0.84699,0.84713,1.50,1.50
2012.04.05 05:10:42.616,0.84699,0.84715,1.50,3.68
2012.04.05 05:10:48.675,0.84701,0.84713,1.50,1.50
2012.04.05 05:10:48.983,0.84701,0.84711,1.50,1.50
2012.04.05 05:10:49.115,0.84701,0.84713,1.50,1.50
2012.04.05 05:10:50.446,0.84699,0.84713,1.50,1.50
2012.04.05 05:10:52.408,0.84699,0.84715,2.25,4.05
2012.04.05 05:10:52.476,0.84699,0.84711,1.50,1.50
2012.04.05 05:10:52.809,0.84693,0.84707,2.25,1.50
2012.04.05 05:10:52.879,0.84693,0.8471,2.25,1.50
2012.04.05 05:10:53.406,0.84696,0.84714,1.50,3.00
2012.04.05 05:10:53.808,0.84696,0.84714,2.25,3.00
2012.04.05 05:10:54.275,0.84694,0.84712,3.00,1.50
2012.04.05 05:10:55.106,0.84697,0.84713,1.50,1.50
2012.04.05 05:10:55.482,0.84699,0.84714,1.50,2.25
2012.04.05 05:10:57.507,0.84697,0.84713,1.50,1.50
2012.04.05 05:10:58.233,0.84695,0.84711,2.25,1.50
2012.04.05 05:10:59.494,0.84694,0.84709,1.50,1.50
2012.04.05 05:11:00.338,0.84693,0.84708,1.50,1.50
2012.04.05 05:11:01.437,0.84692,0.84708,1.50,1.50
2012.04.05 05:11:02.037,0.84692,0.84709,3.00,1.50
2012.04.05 05:11:05.026,0.84693,0.84706,1.50,1.50
2012.04.05 05:11:05.564,0.84693,0.84707,1.50,3.68
2012.04.05 05:11:05.754,0.84692,0.84707,1.50,3.68
2012.04.05 05:11:07.424,0.84692,0.84705,1.50,1.50
2012.04.05 05:11:07.554,0.84691,0.84707,3.00,4.43
2012.04.05 05:11:11.167,0.84691,0.84707,3.00,8.12
2012.04.05 05:11:11.238,0.84691,0.84705,3.00,1.50
2012.04.05 05:11:11.312,0.84687,0.84702,1.50,2.25
2012.04.05 05:11:12.949,0.84688,0.84702,2.25,2.18
2012.04.05 05:11:14.677,0.84686,0.847,1.50,1.50
2012.04.05 05:11:15.096,0.84684,0.84696,1.50,1.50
2012.04.05 05:11:15.936,0.8468,0.84696,1.13,3.00
2012.04.05 05:11:16.021,0.84676,0.8469,1.50,1.50
2012.04.05 05:11:16.095,0.84676,0.84692,3.00,1.50
2012.04.05 05:11:16.638,0.84677,0.84693,1.50,1.50
2012.04.05 05:11:17.188,0.84677,0.84693,1.50,1.50
2012.04.05 05:11:18.285,0.84677,0.84693,1.50,1.50
2012.04.05 05:11:18.476,0.84676,0.84693,1.50,2.25
2012.04.05 05:11:18.806,0.84676,0.84689,1.50,1.50
2012.04.05 05:11:18.935,0.84676,0.8469,1.50,2.25
2012.04.05 05:11:19.347,0.84674,0.84688,2.48,1.50
2012.04.05 05:11:20.262,0.84674,0.84688,2.48,1.50
2012.04.05 05:11:22.866,0.84673,0.84688,2.25,2.25
2012.04.05 05:11:24.360,0.84674,0.8469,2.25,2.25
2012.04.05 05:11:24.828,0.84674,0.8469,2.25,2.25
2012.04.05 05:11:25.342,0.84674,0.8469,2.25,2.25
2012.04.05 05:11:29.666,0.84674,0.8469,2.25,1.50
2012.04.05 05:11:29.976,0.84674,0.84688,2.25,1.50
2012.04.05 05:11:30.589,0.8467,0.84686,1.50,2.93
2012.04.05 05:11:30.904,0.8467,0.84684,1.50,1.50
2012.04.05 05:11:32.058,0.84672,0.84684,1.50,1.50
2012.04.05 05:11:32.131,0.84672,0.84686,2.25,2.18
2012.04.05 05:11:32.281,0.84671,0.84683,2.93,1.50
2012.04.05 05:11:35.477,0.84669,0.84684,1.50,1.50
2012.04.05 05:11:35.605,0.8467,0.84686,2.25,1.50
2012.04.05 05:11:35.794,0.84669,0.84684,3.00,1.50
2012.04.05 05:11:38.104,0.8467,0.84686,2.25,1.50
2012.04.05 05:11:38.174,0.84669,0.84684,2.25,1.50
2012.04.05 05:11:38.733,0.8467,0.84686,2.25,1.50
2012.04.05 05:11:40.654,0.8467,0.84686,2.25,1.50
2012.04.05 05:11:41.123,0.8467,0.84686,2.25,1.50
2012.04.05 05:11:42.453,0.8467,0.84686,2.25,2.25
2012.04.05 05:11:42.590,0.84669,0.84683,1.50,1.50
2012.04.05 05:11:43.115,0.84673,0.84684,1.50,1.50
2012.04.05 05:11:43.889,0.84673,0.84684,1.50,1.50
2012.04.05 05:11:44.677,0.84673,0.84684,1.50,1.50
2012.04.05 05:11:44.962,0.84671,0.84684,2.25,1.50
2012.04.05 05:11:45.040,0.84671,0.84687,1.50,1.50
2012.04.05 05:11:45.189,0.84668,0.84683,3.60,1.50
2012.04.05 05:11:45.544,0.84667,0.84679,1.50,1.50
2012.04.05 05:11:45.988,0.84667,0.84685,3.00,3.00
2012.04.05 05:11:46.062,0.84667,0.84683,2.25,1.50
2012.04.05 05:11:46.618,0.84667,0.84683,2.25,1.50
2012.04.05 05:11:47.096,0.84667,0.84683,1.50,1.50
2012.04.05 05:11:47.544,0.84667,0.84681,1.50,1.50
2012.04.05 05:11:47.619,0.84667,0.84681,1.50,2.25
2012.04.05 05:11:47.747,0.84667,0.84681,1.50,4.43
2012.04.05 05:11:48.020,0.8466,0.84677,2.25,2.93
2012.04.05 05:11:48.088,0.8466,0.84677,2.25,1.50
2012.04.05 05:11:48.371,0.84658,0.84673,1.50,1.50
2012.04.05 05:11:48.872,0.84657,0.8467,1.50,1.50
2012.04.05 05:11:49.068,0.84655,0.84672,1.50,1.50
2012.04.05 05:11:49.195,0.84655,0.8467,1.50,1.50
2012.04.05 05:11:49.645,0.84655,0.84672,1.50,1.50
2012.04.05 05:11:50.100,0.84655,0.84669,1.50,1.50
2012.04.05 05:11:50.417,0.84655,0.8467,1.50,1.50
2012.04.05 05:11:50.546,0.84655,0.84672,3.00,1.50
2012.04.05 05:11:50.869,0.84656,0.84672,1.50,5.18
2012.04.05 05:11:51.386,0.84652,0.84667,1.50,1.50
2012.04.05 05:11:51.534,0.84651,0.84667,1.50,2.25
2012.04.05 05:11:52.055,0.8465,0.84668,2.25,3.00
2012.04.05 05:11:52.861,0.84649,0.84666,1.50,1.50
2012.04.05 05:11:54.339,0.84649,0.84666,1.50,1.50
2012.04.05 05:11:54.677,0.8465,0.84668,2.25,2.25
2012.04.05 05:11:54.864,0.84649,0.84665,3.00,1.50
2012.04.05 05:11:55.437,0.84649,0.84665,3.00,3.00
2012.04.05 05:11:55.836,0.84648,0.84664,1.50,3.00
2012.04.05 05:11:55.980,0.84644,0.8466,2.25,1.50
2012.04.05 05:11:56.178,0.84647,0.84663,2.25,2.25
2012.04.05 05:11:56.814,0.84644,0.84662,2.25,1.50
2012.04.05 05:11:56.960,0.84644,0.84661,2.25,1.34
2012.04.05 05:11:57.299,0.84641,0.84651,1.50,1.50
2012.04.05 05:11:57.486,0.84642,0.84653,1.50,1.50
2012.04.05 05:11:57.688,0.84642,0.84657,1.50,1.50
2012.04.05 05:11:57.756,0.84642,0.84659,3.00,1.50
2012.04.05 05:11:58.494,0.84642,0.8466,3.00,4.43
2012.04.05 05:11:59.496,0.84642,0.84657,1.50,1.50
2012.04.05 05:12:00.161,0.84642,0.8466,3.00,4.43
2012.04.05 05:12:01.181,0.84643,0.8466,1.50,1.50
2012.04.05 05:12:01.496,0.84643,0.84657,1.50,1.50
2012.04.05 05:12:06.564,0.84643,0.8466,1.50,2.25
2012.04.05 05:12:08.827,0.84642,0.8466,3.00,4.43
2012.04.05 05:12:09.035,0.84642,0.8466,3.00,3.68
2012.04.05 05:12:10.104,0.84645,0.8466,1.50,2.18
2012.04.05 05:12:10.417,0.84647,0.84661,1.50,3.68
2012.04.05 05:12:10.795,0.8465,0.84662,1.50,4.43
2012.04.05 05:12:11.354,0.8465,0.84662,1.50,2.93
2012.04.05 05:12:12.415,0.8465,0.84661,1.50,1.50
2012.04.05 05:12:12.558,0.84647,0.84662,1.50,4.43
2012.04.05 05:12:12.704,0.84647,0.8466,1.50,1.50
2012.04.05 05:12:12.784,0.84645,0.8466,1.50,1.50
2012.04.05 05:12:13.106,0.84643,0.84659,2.25,1.50
2012.04.05 05:12:14.688,0.84646,0.84659,1.50,1.50
2012.04.05 05:12:15.196,0.84643,0.8466,2.25,1.50
2012.04.05 05:12:16.439,0.84643,0.8466,2.25,2.25
2012.04.05 05:12:16.506,0.84646,0.8466,1.50,2.25
2012.04.05 05:12:16.575,0.84644,0.8466,2.25,3.75
2012.04.05 05:12:16.708,0.84644,0.8466,2.25,3.75
2012.04.05 05:12:16.779,0.84644,0.8466,2.25,3.75
2012.04.05 05:12:16.851,0.84643,0.84656,1.50,1.50
2012.04.05 05:12:16.987,0.84643,0.84659,1.50,2.25
2012.04.05 05:12:17.517,0.84644,0.8466,2.25,2.25
2012.04.05 05:12:17.589,0.84644,0.8466,2.25,3.00
2012.04.05 05:12:18.385,0.84644,0.8466,2.25,3.00
2012.04.05 05:12:18.529,0.84644,0.8466,2.25,3.00
2012.04.05 05:12:18.678,0.84643,0.84659,1.50,2.25
2012.04.05 05:12:18.747,0.84641,0.84659,2.63,2.25
2012.04.05 05:12:18.896,0.84643,0.8466,2.25,2.25
2012.04.05 05:12:19.041,0.8464,0.84656,3.00,1.50
2012.04.05 05:12:19.566,0.8464,0.84654,1.50,1.50
2012.04.05 05:12:19.698,0.84645,0.84659,1.50,1.50
2012.04.05 05:12:20.690,0.84645,0.8466,1.50,3.00
2012.04.05 05:12:21.721,0.84645,0.84659,1.50,1.50
2012.04.05 05:12:23.954,0.84645,0.84658,1.50,1.50
2012.04.05 05:12:24.104,0.8464,0.84657,2.25,5.18
2012.04.05 05:12:24.516,0.84644,0.84657,1.50,1.50
2012.04.05 05:12:24.859,0.84646,0.84659,1.50,1.50
2012.04.05 05:12:26.655,0.84642,0.84659,1.50,1.50
2012.04.05 05:12:27.194,0.84639,0.84656,2.63,2.25
2012.04.05 05:12:27.332,0.84639,0.84656,2.63,2.25
2012.04.05 05:12:28.049,0.84639,0.84656,2.63,2.25
2012.04.05 05:12:29.465,0.84639,0.84656,2.63,3.00
2012.04.05 05:12:29.660,0.84639,0.84655,1.50,1.50
2012.04.05 05:12:30.421,0.84634,0.84655,3.00,3.00
2012.04.05 05:12:31.620,0.84637,0.84655,3.00,3.00
2012.04.05 05:12:33.498,0.84638,0.84655,2.25,2.25
2012.04.05 05:12:33.829,0.84644,0.84657,1.50,1.50
2012.04.05 05:12:34.387,0.84644,0.84659,1.50,2.25
2012.04.05 05:12:37.331,0.84639,0.84656,2.25,1.50
2012.04.05 05:12:37.796,0.84639,0.84653,1.88,1.50
2012.04.05 05:12:38.126,0.84639,0.84656,3.38,2.25
2012.04.05 05:12:39.213,0.84639,0.84654,1.88,1.50
2012.04.05 05:12:40.466,0.84639,0.84654,1.88,1.50
2012.04.05 05:12:40.809,0.84642,0.8466,3.00,3.00
2012.04.05 05:12:41.147,0.84643,0.84659,2.25,1.50
2012.04.05 05:12:41.278,0.84644,0.84661,2.25,1.50
2012.04.05 05:12:41.548,0.84643,0.84658,1.88,1.50
2012.04.05 05:12:42.045,0.84643,0.84661,4.13,1.50
2012.04.05 05:12:42.130,0.84643,0.84659,2.63,1.50
2012.04.05 05:12:42.255,0.84643,0.84661,3.75,1.50
2012.04.05 05:12:42.596,0.84643,0.84659,2.25,1.50
2012.04.05 05:12:42.786,0.84643,0.84661,3.75,1.50
2012.04.05 05:12:44.027,0.84645,0.84661,2.25,1.50
2012.04.05 05:12:44.226,0.84647,0.84662,1.50,1.50
2012.04.05 05:12:44.297,0.84648,0.84664,2.25,1.50
2012.04.05 05:12:44.498,0.84651,0.84667,2.25,2.25
2012.04.05 05:12:44.626,0.84652,0.84669,1.50,1.50
2012.04.05 05:12:44.956,0.84654,0.84671,1.50,1.50
2012.04.05 05:12:45.336,0.84656,0.84672,1.50,2.25
2012.04.05 05:12:45.897,0.84657,0.84675,1.50,2.25
2012.04.05 05:12:46.419,0.84657,0.84675,2.25,2.25
2012.04.05 05:12:46.494,0.84656,0.84672,2.63,1.50
2012.04.05 05:12:46.968,0.84658,0.84674,2.25,1.50
2012.04.05 05:12:47.167,0.84658,0.84672,1.50,2.18
2012.04.05 05:12:47.366,0.84654,0.84671,1.50,2.25
2012.04.05 05:12:47.867,0.84653,0.84671,3.75,2.25
2012.04.05 05:12:48.292,0.8465,0.84667,1.50,1.50
2012.04.05 05:12:48.814,0.8465,0.84666,2.25,1.50
2012.04.05 05:12:51.395,0.84649,0.84664,1.50,1.50
2012.04.05 05:12:51.934,0.84649,0.84667,3.00,1.50
2012.04.05 05:12:54.236,0.84649,0.84667,3.00,2.25
2012.04.05 05:12:55.558,0.84649,0.84665,1.50,1.50
2012.04.05 05:12:55.886,0.84648,0.84662,1.50,1.50
2012.04.05 05:12:56.426,0.84648,0.84662,1.50,1.50
2012.04.05 05:13:06.045,0.84648,0.84662,2.25,1.50
2012.04.05 05:13:06.559,0.84648,0.84663,2.25,1.50
2012.04.05 05:13:10.074,0.84649,0.84665,1.50,2.93
2012.04.05 05:13:10.414,0.84649,0.84662,1.50,1.50
2012.04.05 05:13:10.945,0.84647,0.84664,2.25,2.25
2012.04.05 05:13:11.015,0.84648,0.84664,1.50,2.25
2012.04.05 05:13:13.999,0.84648,0.84664,1.50,3.75
2012.04.05 05:13:14.208,0.84643,0.84661,4.50,1.50
2012.04.05 05:13:14.407,0.84643,0.84659,2.25,2.25
2012.04.05 05:13:14.554,0.84643,0.84657,2.25,1.50
2012.04.05 05:13:15.978,0.84641,0.84657,2.25,2.25
2012.04.05 05:13:16.297,0.84642,0.84654,1.50,1.50
2012.04.05 05:13:17.685,0.84641,0.84654,1.50,1.50
2012.04.05 05:13:17.827,0.84638,0.84654,2.25,1.50
2012.04.05 05:13:18.076,0.84636,0.84651,3.38,1.50
2012.04.05 05:13:19.077,0.84636,0.84654,2.63,3.00
2012.04.05 05:13:19.290,0.84636,0.84652,2.63,1.50
2012.04.05 05:13:19.798,0.84632,0.8465,2.25,1.50
2012.04.05 05:13:22.478,0.84631,0.84648,2.25,1.50
2012.04.05 05:13:22.784,0.84631,0.84644,2.25,1.50
2012.04.05 05:13:23.394,0.84631,0.84645,2.25,1.50
2012.04.05 05:13:24.027,0.84631,0.84647,2.25,1.50
2012.04.05 05:13:27.390,0.84632,0.84648,2.25,1.50
2012.04.05 05:13:27.527,0.84633,0.84651,2.25,1.50
2012.04.05 05:13:27.658,0.84633,0.84651,2.25,1.50
2012.04.05 05:13:28.032,0.84638,0.84656,2.25,2.25
2012.04.05 05:13:28.427,0.84644,0.84659,1.50,1.50
2012.04.05 05:13:28.501,0.84644,0.8466,1.50,3.68
2012.04.05 05:13:28.577,0.84646,0.8466,1.50,2.18
2012.04.05 05:13:29.076,0.84651,0.84664,2.25,1.50
2012.04.05 05:13:29.174,0.84651,0.84666,1.50,2.25
2012.04.05 05:13:29.320,0.84653,0.84669,1.50,3.00
2012.04.05 05:13:29.669,0.84654,0.84671,1.50,3.68
2012.04.05 05:13:30.363,0.84652,0.8467,2.25,2.25
2012.04.05 05:13:31.437,0.84652,0.84669,2.25,1.50
2012.04.05 05:13:31.625,0.84652,0.84666,2.25,2.18
2012.04.05 05:13:31.697,0.84652,0.84666,1.50,2.18
2012.04.05 05:13:32.006,0.8465,0.84666,3.00,2.18
2012.04.05 05:13:32.568,0.84651,0.84667,1.50,3.68
2012.04.05 05:13:32.916,0.84651,0.84665,1.50,1.50
2012.04.05 05:13:33.117,0.84653,0.8467,2.25,1.50
2012.04.05 05:13:33.185,0.84655,0.8467,1.50,1.50
2012.04.05 05:13:33.695,0.84655,0.84671,1.50,1.50
2012.04.05 05:13:34.257,0.84655,0.84672,2.25,2.48
2012.04.05 05:13:35.430,0.84655,0.84672,2.25,3.30
2012.04.05 05:13:35.734,0.84655,0.84671,2.25,2.18
2012.04.05 05:13:36.272,0.84655,0.84672,2.25,1.13
2012.04.05 05:13:36.608,0.8466,0.84668,1.50,2.18
2012.04.05 05:13:36.745,0.84653,0.84668,2.25,2.18
2012.04.05 05:13:36.814,0.84653,0.84668,1.50,2.18
2012.04.05 05:13:37.457,0.84651,0.84667,2.25,1.50
2012.04.05 05:13:38.416,0.84651,0.84667,2.25,2.25
2012.04.05 05:13:39.050,0.8465,0.84664,1.50,1.50
2012.04.05 05:13:39.307,0.84649,0.84664,1.50,3.75
2012.04.05 05:13:39.669,0.84648,0.84665,2.25,2.25
2012.04.05 05:13:40.009,0.84653,0.84667,1.50,1.50
2012.04.05 05:13:40.339,0.84648,0.8466,1.50,2.18
2012.04.05 05:13:40.839,0.84648,0.84661,3.00,1.50
2012.04.05 05:13:40.967,0.84652,0.84669,1.50,2.93
2012.04.05 05:13:41.111,0.8465,0.84664,1.50,1.50
2012.04.05 05:13:41.431,0.84652,0.84668,2.25,1.50
2012.04.05 05:13:43.593,0.84653,0.84667,1.50,1.50
2012.04.05 05:13:43.672,0.84654,0.8467,2.25,1.50
2012.04.05 05:13:43.872,0.84653,0.84667,1.50,1.50
2012.04.05 05:13:44.087,0.84654,0.84669,2.25,2.18
2012.04.05 05:13:44.279,0.84654,0.84671,1.50,1.50
2012.04.05 05:13:44.804,0.84653,0.84669,2.25,1.50
2012.04.05 05:13:44.988,0.84654,0.84671,2.25,2.25
2012.04.05 05:13:46.345,0.84654,0.84671,2.25,3.00
2012.04.05 05:13:47.766,0.84657,0.84671,1.50,1.50
2012.04.05 05:13:48.026,0.84654,0.84671,2.25,3.00
2012.04.05 05:13:50.845,0.84652,0.8467,3.75,1.50
2012.04.05 05:13:50.979,0.84652,0.84668,3.75,1.50
2012.04.05 05:13:51.326,0.84649,0.84664,1.50,2.18
2012.04.05 05:13:51.768,0.84647,0.84664,2.25,2.93
2012.04.05 05:13:52.324,0.84646,0.84662,3.00,1.50
2012.04.05 05:13:52.487,0.84645,0.84661,2.48,1.50
2012.04.05 05:13:52.827,0.84649,0.84663,1.50,2.18
2012.04.05 05:13:55.298,0.84646,0.84663,2.25,2.93
2012.04.05 05:13:55.550,0.84644,0.84661,2.25,3.68
2012.04.05 05:13:55.758,0.84643,0.84658,1.50,1.50
2012.04.05 05:13:57.535,0.84643,0.8466,2.25,3.68
2012.04.05 05:13:57.681,0.84646,0.8466,1.50,2.93
2012.04.05 05:13:58.511,0.84647,0.84662,1.50,2.25
2012.04.05 05:13:58.657,0.84647,0.84662,1.50,2.93
2012.04.05 05:14:01.598,0.84647,0.84664,1.50,3.00
2012.04.05 05:14:01.668,0.84644,0.8466,1.50,1.50
2012.04.05 05:14:01.928,0.84647,0.84662,1.50,1.50
2012.04.05 05:14:02.476,0.84646,0.84662,3.00,1.50
2012.04.05 05:14:02.998,0.84648,0.84666,2.25,4.50
2012.04.05 05:14:03.985,0.84648,0.84663,2.25,1.50
2012.04.05 05:14:04.572,0.84648,0.84666,2.25,4.50
2012.04.05 05:14:06.348,0.84648,0.84666,2.25,2.25
2012.04.05 05:14:06.489,0.84648,0.84666,3.00,2.25
2012.04.05 05:14:06.559,0.84648,0.84663,3.75,1.50
2012.04.05 05:14:06.628,0.84649,0.84666,2.25,2.25
2012.04.05 05:14:06.820,0.84652,0.84667,1.50,3.00
2012.04.05 05:14:13.443,0.84653,0.84668,1.50,1.50
2012.04.05 05:14:16.397,0.84653,0.84669,1.50,2.25
2012.04.05 05:14:16.672,0.84655,0.8467,1.50,1.50
2012.04.05 05:14:16.998,0.84658,0.84672,1.50,1.50
2012.04.05 05:14:17.068,0.84656,0.84672,1.50,1.50
2012.04.05 05:14:17.890,0.84655,0.8467,2.25,1.50
2012.04.05 05:14:18.926,0.84655,0.8467,2.25,1.50
2012.04.05 05:14:21.309,0.84656,0.84672,2.25,2.25
2012.04.05 05:14:21.538,0.84658,0.84672,2.95,1.50
2012.04.05 05:14:21.609,0.84658,0.84675,2.95,2.25
2012.04.05 05:14:21.683,0.84659,0.84675,1.50,1.50
2012.04.05 05:14:22.304,0.8466,0.84676,2.25,1.50
2012.04.05 05:14:22.403,0.84663,0.84679,2.25,1.50
2012.04.05 05:14:22.484,0.84668,0.84683,1.50,3.00
2012.04.05 05:14:22.985,0.84668,0.84682,1.50,2.18
2012.04.05 05:14:23.742,0.84665,0.84681,2.25,1.50
2012.04.05 05:14:23.951,0.84662,0.8468,2.25,1.50
2012.04.05 05:14:24.837,0.84662,0.84678,1.50,1.50
2012.04.05 05:14:27.356,0.84662,0.8468,4.50,1.50
2012.04.05 05:14:27.958,0.84662,0.8468,2.25,5.18
2012.04.05 05:14:28.851,0.84665,0.84681,1.50,2.25
2012.04.05 05:14:29.185,0.84667,0.84681,1.50,1.50
2012.04.05 05:14:30.416,0.84667,0.84682,1.50,1.50
2012.04.05 05:14:34.298,0.84663,0.8468,3.00,1.50
2012.04.05 05:14:34.815,0.84665,0.84681,2.25,2.25
2012.04.05 05:14:35.148,0.84662,0.84678,3.75,1.50
2012.04.05 05:14:35.476,0.84662,0.84674,2.25,1.50
2012.04.05 05:14:35.545,0.84662,0.84677,2.25,1.50
2012.04.05 05:14:36.098,0.84662,0.84676,1.50,1.50
2012.04.05 05:14:36.166,0.84662,0.84674,1.50,1.50
2012.04.05 05:14:36.740,0.84662,0.84677,2.25,1.50
2012.04.05 05:14:36.805,0.84662,0.84677,2.25,1.50
2012.04.05 05:14:38.387,0.84662,0.84677,1.50,2.25
2012.04.05 05:14:39.455,0.84662,0.84677,2.25,1.50
2012.04.05 05:14:40.396,0.84662,0.84675,2.25,1.50
2012.04.05 05:14:42.436,0.84662,0.84674,1.50,1.50
2012.04.05 05:14:43.630,0.84662,0.84675,1.50,1.50
2012.04.05 05:14:44.454,0.84662,0.84677,1.50,1.50
2012.04.05 05:14:44.898,0.84662,0.84677,2.25,1.50
2012.04.05 05:14:45.025,0.84663,0.84681,2.25,2.25
2012.04.05 05:14:45.160,0.84664,0.84681,1.50,2.25
2012.04.05 05:14:45.705,0.84666,0.84682,3.60,3.00
2012.04.05 05:14:46.143,0.84666,0.84679,1.50,1.50
2012.04.05 05:14:46.231,0.84663,0.84679,1.50,1.50
2012.04.05 05:14:46.782,0.84664,0.84682,1.50,5.18
2012.04.05 05:14:48.355,0.84664,0.84682,1.50,4.43
2012.04.05 05:14:49.818,0.84663,0.84679,1.50,2.25
2012.04.05 05:14:50.265,0.8466,0.84678,3.75,3.00
2012.04.05 05:14:50.475,0.8466,0.84674,2.25,1.50
2012.04.05 05:14:51.767,0.8466,0.84674,1.50,1.50
2012.04.05 05:14:52.318,0.84656,0.84672,1.50,1.50
2012.04.05 05:14:52.509,0.84655,0.84671,1.50,2.18
2012.04.05 05:14:52.706,0.84654,0.84671,1.50,2.93
2012.04.05 05:14:52.778,0.84652,0.84666,1.50,1.50
2012.04.05 05:14:52.921,0.84652,0.84668,3.00,1.50
2012.04.05 05:14:59.682,0.84652,0.84667,2.25,1.50
2012.04.05 05:14:59.922,0.84655,0.84671,1.50,2.25
2012.04.05 05:15:00.178,0.84653,0.84667,1.50,1.50
2012.04.05 05:15:00.251,0.84653,0.84669,2.25,1.50
2012.04.05 05:15:00.317,0.84653,0.84666,2.25,1.50
2012.04.05 05:15:00.566,0.84654,0.84669,1.50,1.50
2012.04.05 05:15:01.427,0.84654,0.84669,1.50,1.50
2012.04.05 05:15:06.968,0.84654,0.84669,2.25,1.50
2012.04.05 05:15:07.344,0.84652,0.84669,1.50,1.50
2012.04.05 05:15:07.477,0.84652,0.84666,1.50,1.50
2012.04.05 05:15:07.795,0.84649,0.84665,1.13,1.50
2012.04.05 05:15:07.886,0.84649,0.84664,1.13,1.50
2012.04.05 05:15:08.137,0.84646,0.84662,2.25,1.50
2012.04.05 05:15:08.341,0.84642,0.84658,2.25,1.50
2012.04.05 05:15:08.491,0.8464,0.84656,3.00,1.50
2012.04.05 05:15:08.567,0.8464,0.84656,3.00,1.50
2012.04.05 05:15:09.167,0.84642,0.84658,2.25,1.50
2012.04.05 05:15:09.706,0.84639,0.84657,5.25,1.50
2012.04.05 05:15:10.241,0.84639,0.84657,4.50,1.50
2012.04.05 05:15:10.706,0.84639,0.84654,2.25,1.50
2012.04.05 05:15:11.246,0.84642,0.84654,1.50,1.50
2012.04.05 05:15:11.318,0.84642,0.84657,1.50,1.50
2012.04.05 05:15:11.389,0.84641,0.84657,2.95,2.25
2012.04.05 05:15:12.175,0.84647,0.84661,2.20,2.25
2012.04.05 05:15:12.254,0.84647,0.8466,2.20,2.25
2012.04.05 05:15:12.449,0.84648,0.84662,1.50,2.25
2012.04.05 05:15:12.657,0.84646,0.84662,1.50,3.68
2012.04.05 05:15:12.845,0.84643,0.84658,2.25,1.50
2012.04.05 05:15:13.418,0.84643,0.84661,2.25,1.50
2012.04.05 05:15:13.617,0.84643,0.84658,2.25,1.50
2012.04.05 05:15:14.166,0.84643,0.84658,2.25,1.50
2012.04.05 05:15:15.046,0.84643,0.84658,1.50,7.97
2012.04.05 05:15:15.885,0.84643,0.84657,1.50,3.00
2012.04.05 05:15:16.041,0.84635,0.84649,2.25,2.18
2012.04.05 05:15:16.230,0.84642,0.84649,1.50,2.18
2012.04.05 05:15:16.418,0.84638,0.84649,1.50,2.18
2012.04.05 05:15:17.275,0.84638,0.84648,1.50,2.18
2012.04.05 05:15:17.542,0.84643,0.84649,1.50,2.18
2012.04.05 05:15:17.677,0.84643,0.84654,1.50,2.10
2012.04.05 05:15:19.323,0.84648,0.84655,1.50,2.93
2012.04.05 05:15:20.178,0.84648,0.84658,1.50,1.50
2012.04.05 05:15:20.532,0.84653,0.84662,1.50,1.50
2012.04.05 05:15:20.666,0.84653,0.84663,1.50,1.50
2012.04.05 05:15:20.737,0.84653,0.84663,1.50,1.50
2012.04.05 05:15:21.056,0.84655,0.84664,1.50,2.95
2012.04.05 05:15:21.126,0.84652,0.84664,1.50,2.95
2012.04.05 05:15:21.694,0.84651,0.84664,1.50,2.95
2012.04.05 05:15:22.127,0.84647,0.84663,1.50,2.25
2012.04.05 05:15:22.197,0.84652,0.84665,1.50,3.68
2012.04.05 05:15:22.479,0.84645,0.8466,1.50,1.50
2012.04.05 05:15:22.616,0.8465,0.84663,1.50,1.50
2012.04.05 05:15:23.321,0.84653,0.84666,1.50,1.50
2012.04.05 05:15:23.610,0.84647,0.84661,1.50,2.95
2012.04.05 05:15:23.876,0.84647,0.84658,1.50,2.18
2012.04.05 05:15:23.946,0.84642,0.84658,2.25,2.93
2012.04.05 05:15:24.388,0.84642,0.84657,2.25,1.50
2012.04.05 05:15:24.900,0.84641,0.84653,1.50,2.93
2012.04.05 05:15:25.026,0.84638,0.84653,1.50,2.93
2012.04.05 05:15:26.905,0.84638,0.84655,1.50,1.50
2012.04.05 05:15:27.577,0.84641,0.84655,1.50,1.50
2012.04.05 05:15:28.188,0.8464,0.84655,1.50,3.00
2012.04.05 05:15:28.725,0.84641,0.84653,1.50,2.93
2012.04.05 05:15:29.619,0.84638,0.84653,2.25,2.93
2012.04.05 05:15:30.808,0.84638,0.84653,2.25,2.93
2012.04.05 05:15:30.878,0.84638,0.84653,2.25,2.93
2012.04.05 05:15:31.077,0.84638,0.84653,2.25,2.93
2012.04.05 05:15:31.859,0.84638,0.84651,2.25,1.50
2012.04.05 05:15:32.186,0.84636,0.84647,1.50,2.18
2012.04.05 05:15:32.317,0.84633,0.84647,2.25,2.18
2012.04.05 05:15:32.596,0.84633,0.84647,2.25,2.18
2012.04.05 05:15:32.928,0.84635,0.84651,1.50,2.25
2012.04.05 05:15:32.999,0.84639,0.84652,1.50,1.50
2012.04.05 05:15:33.307,0.84642,0.84655,1.50,3.68
2012.04.05 05:15:33.445,0.84642,0.84655,1.50,2.93
2012.04.05 05:15:33.780,0.84642,0.84655,1.50,2.93
2012.04.05 05:15:33.980,0.84638,0.84653,1.50,2.18
2012.04.05 05:15:34.106,0.84638,0.84656,1.50,3.60
2012.04.05 05:15:34.176,0.84642,0.84656,1.50,2.10
2012.04.05 05:15:34.683,0.84645,0.84656,1.50,1.35
2012.04.05 05:15:36.946,0.84643,0.84658,1.50,1.88
2012.04.05 05:15:37.300,0.84639,0.84655,1.50,3.00
2012.04.05 05:15:37.429,0.84639,0.84652,1.50,2.18
2012.04.05 05:15:40.587,0.84639,0.84652,1.50,3.68
2012.04.05 05:15:41.083,0.84639,0.84647,1.50,2.18
2012.04.05 05:15:41.160,0.84629,0.84645,3.00,1.50
2012.04.05 05:15:41.806,0.84629,0.84647,4.50,1.50
2012.04.05 05:15:42.737,0.84629,0.84647,3.00,3.00
2012.04.05 05:15:42.807,0.84629,0.84643,3.00,2.18
2012.04.05 05:15:44.837,0.84629,0.84643,3.75,2.18
2012.04.05 05:15:45.351,0.8463,0.84648,2.25,1.50
2012.04.05 05:15:45.885,0.8463,0.84648,3.00,1.50
2012.04.05 05:15:47.227,0.8463,0.84648,2.25,2.25
2012.04.05 05:15:47.294,0.8463,0.84644,2.25,2.18
2012.04.05 05:15:47.485,0.8463,0.84644,2.25,2.18
2012.04.05 05:15:49.426,0.8463,0.84647,2.25,2.93
2012.04.05 05:15:49.636,0.84634,0.84647,1.50,2.93
2012.04.05 05:15:50.500,0.84633,0.84649,2.25,1.50
2012.04.05 05:15:51.276,0.84634,0.84649,1.50,1.50
2012.04.05 05:15:51.834,0.84635,0.84649,1.50,1.50
2012.04.05 05:15:52.408,0.84634,0.84649,2.25,3.00
2012.04.05 05:15:52.757,0.84631,0.84643,1.50,1.50
2012.04.05 05:15:52.889,0.84631,0.84647,1.50,2.25
2012.04.05 05:15:53.266,0.84632,0.84647,1.50,2.25
2012.04.05 05:15:53.810,0.84635,0.8465,1.50,1.50
2012.04.05 05:15:53.880,0.84637,0.84653,1.50,3.00
2012.04.05 05:15:54.194,0.84639,0.84653,1.50,1.50
2012.04.05 05:15:54.265,0.84639,0.84654,1.50,1.50
2012.04.05 05:15:56.447,0.84639,0.84653,1.50,1.50
2012.04.05 05:15:56.663,0.84633,0.84651,2.25,3.68
2012.04.05 05:15:57.195,0.84633,0.84651,2.25,4.43
2012.04.05 05:15:59.086,0.84633,0.8465,3.00,1.50
2012.04.05 05:15:59.606,0.84633,0.84651,3.75,2.25
2012.04.05 05:15:59.678,0.84636,0.84651,1.50,2.25
2012.04.05 05:16:00.916,0.84634,0.8465,2.25,1.50
2012.04.05 05:16:01.105,0.84633,0.84648,2.25,1.50
2012.04.05 05:16:04.516,0.84634,0.8465,2.25,1.50
2012.04.05 05:16:04.735,0.84633,0.84648,2.25,1.50
2012.04.05 05:16:06.046,0.84635,0.84651,1.50,3.00
2012.04.05 05:16:06.576,0.84633,0.8465,2.25,2.25
2012.04.05 05:16:11.669,0.84634,0.84651,3.00,1.50
2012.04.05 05:16:13.227,0.84634,0.8465,1.50,2.25
2012.04.05 05:16:13.563,0.84632,0.84646,1.50,1.50
2012.04.05 05:16:13.639,0.84632,0.84648,3.00,1.50
2012.04.05 05:16:13.770,0.84635,0.84651,1.50,3.70
2012.04.05 05:16:14.106,0.84637,0.84652,1.50,2.93
2012.04.05 05:16:15.828,0.84637,0.84651,1.50,1.50
2012.04.05 05:16:15.959,0.84633,0.84647,2.25,2.18
2012.04.05 05:16:16.097,0.84633,0.84649,3.00,1.50
2012.04.05 05:16:16.166,0.84637,0.84652,1.50,2.25
2012.04.05 05:16:16.739,0.84638,0.84653,1.50,4.65
2012.04.05 05:16:17.226,0.8464,0.84653,1.50,2.93
2012.04.05 05:16:17.297,0.8464,0.84656,1.50,5.18
2012.04.05 05:16:17.855,0.84639,0.84659,1.50,3.75
2012.04.05 05:16:18.197,0.84639,0.84659,1.50,4.50
2012.04.05 05:16:19.786,0.8464,0.84659,1.50,3.00
2012.04.05 05:16:24.785,0.84641,0.84659,1.50,1.50
2012.04.05 05:16:24.914,0.84641,0.84659,1.50,1.50
2012.04.05 05:16:25.646,0.84643,0.8466,1.50,1.50
2012.04.05 05:16:25.967,0.84645,0.84663,1.50,6.30
2012.04.05 05:16:26.382,0.84643,0.84663,1.50,5.55
2012.04.05 05:16:26.464,0.84646,0.84662,1.50,1.50
2012.04.05 05:16:26.785,0.84644,0.84662,1.50,1.88
2012.04.05 05:16:27.405,0.84643,0.84661,1.50,2.25
2012.04.05 05:16:27.966,0.84644,0.84662,2.25,2.25
2012.04.05 05:16:28.415,0.84647,0.84661,1.88,2.25
2012.04.05 05:16:28.669,0.84647,0.84661,1.13,2.25
2012.04.05 05:16:30.607,0.84648,0.84666,1.50,2.25
2012.04.05 05:16:33.795,0.84647,0.84664,1.13,2.25
2012.04.05 05:16:37.845,0.84649,0.84665,1.50,2.25
2012.04.05 05:16:38.584,0.84649,0.84665,2.25,2.25
2012.04.05 05:16:38.776,0.84649,0.84665,4.50,2.25
2012.04.05 05:16:39.275,0.84653,0.84669,1.50,3.00
2012.04.05 05:16:39.870,0.84653,0.84668,1.50,2.25
2012.04.05 05:16:40.199,0.8465,0.84667,1.50,2.25
2012.04.05 05:16:40.752,0.84648,0.84666,3.75,1.50
2012.04.05 05:16:41.406,0.8465,0.84667,1.50,2.25
2012.04.05 05:16:42.535,0.84648,0.84666,3.75,2.25
2012.04.05 05:16:44.596,0.84648,0.84663,2.25,1.50
2012.04.05 05:16:45.364,0.84649,0.84665,2.25,2.25
2012.04.05 05:16:47.300,0.8466,0.84668,1.50,1.50
2012.04.05 05:16:47.376,0.8466,0.84672,1.50,1.50
2012.04.05 05:16:47.543,0.84661,0.84672,1.50,1.50
2012.04.05 05:16:47.694,0.84663,0.84679,1.50,1.50
2012.04.05 05:16:48.016,0.84664,0.84681,1.50,3.75
2012.04.05 05:16:48.771,0.84665,0.8468,1.50,2.18
2012.04.05 05:16:49.038,0.84663,0.8468,2.25,1.50
2012.04.05 05:16:52.078,0.84665,0.84679,2.25,2.18
2012.04.05 05:16:52.400,0.8467,0.84686,1.50,5.18
2012.04.05 05:16:52.473,0.8467,0.84686,1.50,3.00
2012.04.05 05:16:53.074,0.84669,0.84687,2.25,2.25
2012.04.05 05:16:53.151,0.84673,0.84688,1.50,1.50
2012.04.05 05:16:56.293,0.84671,0.84689,1.50,3.00
2012.04.05 05:16:56.487,0.84671,0.84689,3.75,3.00
2012.04.05 05:16:56.615,0.84674,0.84689,1.50,3.00
2012.04.05 05:16:56.950,0.8468,0.84696,1.50,1.50
2012.04.05 05:16:57.089,0.8468,0.84696,1.50,1.50
2012.04.05 05:16:57.217,0.8468,0.84696,1.50,1.50
2012.04.05 05:16:57.290,0.84682,0.847,3.00,2.25
2012.04.05 05:16:57.781,0.84692,0.84704,2.25,2.18
2012.04.05 05:16:57.921,0.84695,0.8471,1.50,1.50
2012.04.05 05:16:58.001,0.84699,0.84712,1.50,1.50
2012.04.05 05:16:58.080,0.84699,0.84713,1.50,2.95
2012.04.05 05:16:58.208,0.84702,0.84713,1.50,2.95
2012.04.05 05:16:58.722,0.847,0.84714,1.50,1.50
2012.04.05 05:16:58.872,0.84702,0.84714,1.50,1.50
2012.04.05 05:16:59.527,0.847,0.84714,1.50,1.50
2012.04.05 05:16:59.670,0.84698,0.84714,1.50,1.50
2012.04.05 05:17:00.315,0.84698,0.84715,1.50,3.00
2012.04.05 05:17:00.647,0.84698,0.84711,1.50,1.50
2012.04.05 05:17:00.848,0.84693,0.84709,1.50,4.43
2012.04.05 05:17:00.916,0.84693,0.84706,1.50,2.18
2012.04.05 05:17:01.176,0.84691,0.84706,1.65,2.93
2012.04.05 05:17:01.792,0.84691,0.84705,1.65,2.93
2012.04.05 05:17:02.566,0.84687,0.84702,1.65,1.50
2012.04.05 05:17:02.900,0.84683,0.84698,2.36,1.50
2012.04.05 05:17:02.970,0.84683,0.84698,2.25,1.50
2012.04.05 05:17:03.040,0.84681,0.84696,3.00,1.50
2012.04.05 05:17:03.110,0.84682,0.84698,2.25,1.50
2012.04.05 05:17:03.380,0.8468,0.84696,2.25,1.50
2012.04.05 05:17:03.718,0.84679,0.84694,1.13,1.50
2012.04.05 05:17:03.936,0.84682,0.84698,1.50,5.18
2012.04.05 05:17:04.093,0.84679,0.84695,1.13,1.50
2012.04.05 05:17:04.167,0.84678,0.84695,1.88,1.50
2012.04.05 05:17:04.889,0.84681,0.84695,1.50,2.18
2012.04.05 05:17:05.101,0.84678,0.84695,1.50,2.18
2012.04.05 05:17:06.128,0.84678,0.84695,1.50,2.93
2012.04.05 05:17:06.196,0.84681,0.84692,1.50,2.18
2012.04.05 05:17:06.698,0.84681,0.84694,1.50,2.93
2012.04.05 05:17:07.247,0.84678,0.84695,2.25,3.68
2012.04.05 05:17:07.321,0.8468,0.84697,1.50,1.50
2012.04.05 05:17:07.835,0.84685,0.84697,1.50,1.50
2012.04.05 05:17:07.921,0.84691,0.84705,1.50,2.93
2012.04.05 05:17:07.990,0.84693,0.84704,1.50,1.50
2012.04.05 05:17:08.059,0.84688,0.84704,3.00,3.00
2012.04.05 05:17:08.470,0.84688,0.84701,1.50,2.93
2012.04.05 05:17:08.541,0.84683,0.84699,1.50,2.25
2012.04.05 05:17:08.677,0.84681,0.84698,1.50,2.25
2012.04.05 05:17:09.196,0.8468,0.84697,2.25,2.25
2012.04.05 05:17:09.341,0.84682,0.84697,1.50,1.50
2012.04.05 05:17:09.686,0.84686,0.84699,1.50,2.25
2012.04.05 05:17:10.004,0.84686,0.84697,1.50,1.50
2012.04.05 05:17:10.968,0.84682,0.84697,1.50,1.50
2012.04.05 05:17:11.108,0.84682,0.84697,1.50,1.50
2012.04.05 05:17:11.377,0.84678,0.84696,3.00,2.25
2012.04.05 05:17:11.572,0.84684,0.84697,1.50,1.50
2012.04.05 05:17:11.838,0.8468,0.84696,1.50,2.25
2012.04.05 05:17:13.016,0.84678,0.84691,1.50,1.50
2012.04.05 05:17:13.095,0.84678,0.84691,1.50,2.25
2012.04.05 05:17:13.169,0.84671,0.84688,2.25,2.18
2012.04.05 05:17:13.378,0.84676,0.84692,1.50,4.43
2012.04.05 05:17:13.907,0.84675,0.84691,1.50,2.25
2012.04.05 05:17:15.358,0.84675,0.84687,1.50,2.18
2012.04.05 05:17:15.429,0.8467,0.84687,2.25,2.18
2012.04.05 05:17:15.500,0.84673,0.84687,1.50,2.18
2012.04.05 05:17:15.697,0.84675,0.84691,1.50,2.25
2012.04.05 05:17:15.773,0.84679,0.84692,1.50,1.50
2012.04.05 05:17:15.909,0.84676,0.84692,1.50,3.00
2012.04.05 05:17:16.037,0.84681,0.84695,1.50,1.13
2012.04.05 05:17:16.108,0.8468,0.84695,1.50,1.13
2012.04.05 05:17:16.297,0.84681,0.84696,1.50,2.63
2012.04.05 05:17:16.368,0.84681,0.84698,3.00,1.50
2012.04.05 05:17:16.902,0.84683,0.84701,1.50,2.25
2012.04.05 05:17:17.675,0.84683,0.84695,1.50,1.50
2012.04.05 05:17:17.947,0.84679,0.84695,1.50,3.68
2012.04.05 05:17:18.078,0.84679,0.84695,1.50,4.43
2012.04.05 05:17:18.388,0.84679,0.84695,1.50,2.25
2012.04.05 05:17:18.529,0.84679,0.84697,3.75,2.25
2012.04.05 05:17:18.717,0.8468,0.84698,2.25,2.25
2012.04.05 05:17:18.845,0.84683,0.84699,1.50,2.25
2012.04.05 05:17:19.036,0.84683,0.84699,1.50,1.50
2012.04.05 05:17:19.474,0.84683,0.84699,1.50,2.25
2012.04.05 05:17:20.408,0.84685,0.847,1.50,1.50
2012.04.05 05:17:20.762,0.84681,0.84695,1.50,1.50
2012.04.05 05:17:22.137,0.84679,0.84695,1.50,4.50
2012.04.05 05:17:22.208,0.84675,0.84693,2.25,2.25
2012.04.05 05:17:22.334,0.84677,0.84695,1.50,4.50
2012.04.05 05:17:22.693,0.84675,0.8469,1.50,2.93
2012.04.05 05:17:22.767,0.84677,0.8469,1.50,2.93
2012.04.05 05:17:24.865,0.84677,0.84695,1.50,5.18
2012.04.05 05:17:26.928,0.84677,0.84692,2.25,1.50
2012.04.05 05:17:27.259,0.84682,0.84696,2.25,1.50
2012.04.05 05:17:27.515,0.84685,0.84701,1.50,3.00
2012.04.05 05:17:28.664,0.84685,0.84699,1.50,1.50
2012.04.05 05:17:28.808,0.84681,0.84697,3.00,1.50
2012.04.05 05:17:29.520,0.84681,0.84692,1.50,1.50
2012.04.05 05:17:29.602,0.84681,0.84697,1.50,2.25
2012.04.05 05:17:29.677,0.84685,0.84701,1.50,3.00
2012.04.05 05:17:29.996,0.84688,0.84701,1.50,1.50
2012.04.05 05:17:30.067,0.84686,0.84701,1.50,1.50
2012.04.05 05:17:31.634,0.84684,0.84701,1.50,1.50
2012.04.05 05:17:32.022,0.84681,0.84696,2.25,1.50
2012.04.05 05:17:32.098,0.84681,0.84696,2.25,1.50
2012.04.05 05:17:32.561,0.84684,0.84699,1.50,1.50
2012.04.05 05:17:32.637,0.84681,0.84699,2.25,3.00
2012.04.05 05:17:33.195,0.84681,0.84699,2.25,3.00
2012.04.05 05:17:34.041,0.8468,0.84695,1.50,5.12
2012.04.05 05:17:34.549,0.8468,0.84694,1.50,1.50
2012.04.05 05:17:38.204,0.8468,0.84692,1.50,2.95
2012.04.05 05:17:38.734,0.84679,0.84691,1.50,1.50
2012.04.05 05:17:39.366,0.84675,0.84691,1.50,1.50
2012.04.05 05:17:39.974,0.84675,0.8469,1.50,2.25
2012.04.05 05:17:43.039,0.84676,0.84691,1.50,1.50
2012.04.05 05:17:49.475,0.84676,0.84689,1.50,1.50
2012.04.05 05:17:51.066,0.84676,0.84686,1.50,1.50
2012.04.05 05:17:51.139,0.84671,0.84685,2.25,2.93
2012.04.05 05:17:51.567,0.84675,0.84686,1.50,1.50
2012.04.05 05:17:52.209,0.84675,0.84688,1.50,1.50
2012.04.05 05:17:54.044,0.84675,0.84688,1.50,1.50
2012.04.05 05:17:55.948,0.84675,0.8469,1.50,1.50
2012.04.05 05:17:56.715,0.84671,0.84684,1.50,2.18
2012.04.05 05:17:57.218,0.84671,0.84684,2.25,2.18
2012.04.05 05:17:57.569,0.84676,0.84689,1.50,1.50
2012.04.05 05:17:57.641,0.84676,0.84689,1.50,1.50
2012.04.05 05:17:57.957,0.84674,0.84689,1.50,1.50
2012.04.05 05:17:58.454,0.84676,0.84691,1.50,2.25
2012.04.05 05:17:59.008,0.84677,0.84692,1.50,3.68
2012.04.05 05:17:59.971,0.84676,0.84692,1.50,3.68
2012.04.05 05:18:00.300,0.84673,0.84689,2.25,2.18
2012.04.05 05:18:00.819,0.84673,0.84693,2.25,3.68
2012.04.05 05:18:01.377,0.84673,0.84688,2.25,2.18
2012.04.05 05:18:01.976,0.84672,0.84688,1.50,2.93
2012.04.05 05:18:10.988,0.84671,0.84687,1.50,2.18
2012.04.05 05:18:11.544,0.84669,0.84687,1.50,2.93
2012.04.05 05:18:11.829,0.8467,0.84689,1.50,2.93
2012.04.05 05:18:14.541,0.84669,0.84689,1.50,2.93
2012.04.05 05:18:14.818,0.84667,0.84685,2.25,2.93
2012.04.05 05:18:15.217,0.84667,0.84685,2.25,2.93
2012.04.05 05:18:16.181,0.84665,0.84685,1.50,4.43
2012.04.05 05:18:16.704,0.84665,0.84685,1.50,4.43
2012.04.05 05:18:20.153,0.84665,0.84682,1.50,3.68
2012.04.05 05:18:20.228,0.84665,0.84678,1.50,2.18
2012.04.05 05:18:21.155,0.84661,0.84678,1.50,2.93
2012.04.05 05:18:25.189,0.84662,0.84678,2.25,2.93
2012.04.05 05:18:25.615,0.84664,0.84681,2.25,2.93
2012.04.05 05:18:26.377,0.84664,0.84681,2.25,2.18
2012.04.05 05:18:32.629,0.84665,0.84684,2.25,1.50
2012.04.05 05:18:34.015,0.84665,0.84684,2.25,1.50
2012.04.05 05:18:34.566,0.84665,0.84685,1.50,2.25
2012.04.05 05:18:36.629,0.84665,0.84684,2.25,1.50
2012.04.05 05:18:37.404,0.84665,0.84684,2.25,1.50
2012.04.05 05:18:38.873,0.84665,0.84684,2.25,1.50
2012.04.05 05:18:40.367,0.84665,0.84685,2.25,1.50
2012.04.05 05:18:43.146,0.84665,0.84685,2.25,1.50
2012.04.05 05:18:43.477,0.84665,0.84686,4.43,1.50
2012.04.05 05:18:44.536,0.84665,0.84685,2.93,2.25
2012.04.05 05:18:45.319,0.84664,0.84685,1.50,4.45
2012.04.05 05:18:45.909,0.84664,0.84684,1.50,1.50
2012.04.05 05:18:46.338,0.84664,0.84684,1.50,1.50
2012.04.05 05:18:48.705,0.84664,0.84684,1.50,1.50
2012.04.05 05:18:50.687,0.84664,0.84683,2.25,1.50
2012.04.05 05:18:52.018,0.84665,0.84682,1.50,1.50
2012.04.05 05:18:52.299,0.84668,0.84686,3.75,3.68
2012.04.05 05:18:52.449,0.84669,0.84691,1.50,2.25
2012.04.05 05:18:53.160,0.84671,0.84691,1.50,2.25
2012.04.05 05:18:53.659,0.8467,0.84691,1.50,1.50
2012.04.05 05:19:03.741,0.84673,0.84692,1.50,2.25
2012.04.05 05:19:06.865,0.84673,0.84694,1.50,4.43
2012.04.05 05:19:07.059,0.84673,0.84694,1.50,2.25
2012.04.05 05:19:07.633,0.84673,0.84691,1.50,1.50
2012.04.05 05:19:07.988,0.84672,0.8469,1.50,4.43
2012.04.05 05:19:08.126,0.84673,0.84692,2.25,1.50
2012.04.05 05:19:08.669,0.84673,0.8469,1.50,1.50
2012.04.05 05:19:11.183,0.84673,0.8469,1.50,3.00
2012.04.05 05:19:11.729,0.84674,0.8469,1.50,1.50
2012.04.05 05:19:12.105,0.84671,0.84689,1.50,2.93
2012.04.05 05:19:12.176,0.84671,0.84689,1.50,2.93
2012.04.05 05:19:14.107,0.8467,0.84689,1.50,2.93
2012.04.05 05:19:14.816,0.84667,0.84688,3.00,1.50
2012.04.05 05:19:14.959,0.84667,0.84683,2.25,2.95
2012.04.05 05:19:15.101,0.84665,0.84681,1.50,3.68
2012.04.05 05:19:15.501,0.84666,0.84681,1.50,2.93
2012.04.05 05:19:16.088,0.84666,0.84686,1.50,2.25
2012.04.05 05:19:16.640,0.84667,0.84686,2.25,2.63
2012.04.05 05:19:17.967,0.8467,0.84686,1.50,2.63
2012.04.05 05:19:20.284,0.84668,0.84684,2.25,3.00
2012.04.05 05:19:20.557,0.8467,0.84684,1.50,1.50
2012.04.05 05:19:20.688,0.84668,0.84684,2.25,1.50
2012.04.05 05:19:21.099,0.84667,0.84683,2.25,2.25
2012.04.05 05:19:21.369,0.84667,0.84683,2.25,2.25
2012.04.05 05:19:22.007,0.8467,0.84686,1.50,4.13
2012.04.05 05:19:22.318,0.8467,0.84686,1.50,4.13
2012.04.05 05:19:23.974,0.8467,0.84686,1.50,4.13
2012.04.05 05:19:24.389,0.84667,0.84685,2.25,2.25
2012.04.05 05:19:25.906,0.84666,0.84682,3.75,1.50
2012.04.05 05:19:26.512,0.84666,0.84682,3.00,1.50
2012.04.05 05:19:27.985,0.84666,0.84682,3.00,2.25
2012.04.05 05:19:28.297,0.84665,0.8468,2.25,2.25
2012.04.05 05:19:28.923,0.84664,0.84681,2.25,1.50
2012.04.05 05:19:29.235,0.84668,0.84683,1.50,2.25
2012.04.05 05:19:29.758,0.84668,0.84683,1.50,1.50
2012.04.05 05:19:31.067,0.84665,0.84683,3.00,3.00
2012.04.05 05:19:31.688,0.84667,0.84683,1.50,2.25
2012.04.05 05:19:32.649,0.84667,0.84683,1.50,1.50
2012.04.05 05:19:33.002,0.84667,0.8468,1.50,1.50
2012.04.05 05:19:33.608,0.84667,0.84683,1.50,1.50
2012.04.05 05:19:34.419,0.84667,0.84682,2.25,1.50
2012.04.05 05:19:35.819,0.84668,0.84683,2.25,1.50
2012.04.05 05:19:37.389,0.84668,0.84683,2.25,1.50
2012.04.05 05:19:37.919,0.84666,0.84682,1.50,1.50
2012.04.05 05:19:38.452,0.84665,0.84682,1.50,1.50
2012.04.05 05:19:38.660,0.84664,0.84677,1.50,1.50
2012.04.05 05:19:38.797,0.84665,0.84679,1.50,1.50
2012.04.05 05:19:38.871,0.84667,0.84682,1.50,2.25
2012.04.05 05:19:39.425,0.84667,0.84682,2.25,1.50
2012.04.05 05:19:40.662,0.84666,0.84682,2.25,1.50
2012.04.05 05:19:41.235,0.84666,0.84681,1.50,1.50
2012.04.05 05:19:41.495,0.84666,0.84683,3.00,2.25
2012.04.05 05:19:41.767,0.84666,0.84681,1.50,1.50
2012.04.05 05:19:42.154,0.84663,0.8468,1.50,1.50
2012.04.05 05:19:42.959,0.84665,0.8468,3.00,1.50
2012.04.05 05:19:43.099,0.84671,0.84684,1.50,2.93
2012.04.05 05:19:43.288,0.84671,0.84687,1.50,4.13
2012.04.05 05:19:43.559,0.84675,0.84688,1.50,1.50
2012.04.05 05:19:44.328,0.84675,0.84691,1.50,3.00
2012.04.05 05:19:44.737,0.84675,0.84691,1.50,2.25
2012.04.05 05:19:50.354,0.84672,0.8469,2.25,3.00
2012.04.05 05:19:51.056,0.84674,0.8469,1.50,1.50
2012.04.05 05:19:51.367,0.84671,0.84687,2.25,1.50
2012.04.05 05:19:51.675,0.84668,0.84686,1.50,2.25
2012.04.05 05:19:51.747,0.84667,0.84683,2.25,1.50
2012.04.05 05:19:54.025,0.84667,0.84683,2.25,1.50
2012.04.05 05:19:55.569,0.84669,0.84683,1.50,1.50
2012.04.05 05:19:55.648,0.8467,0.84686,3.75,1.50
2012.04.05 05:19:56.178,0.84666,0.8468,1.50,1.50
2012.04.05 05:19:56.445,0.84666,0.8468,1.50,1.50
2012.04.05 05:19:56.995,0.84666,0.8468,1.50,1.50
2012.04.05 05:19:57.385,0.84666,0.8468,1.50,1.50
2012.04.05 05:19:57.515,0.84666,0.8468,1.50,1.50
2012.04.05 05:19:57.906,0.84666,0.84683,1.50,1.50
2012.04.05 05:19:58.906,0.84666,0.8468,1.50,1.50
2012.04.05 05:19:59.958,0.84667,0.8468,1.50,1.50
2012.04.05 05:20:00.092,0.84668,0.84685,2.25,2.25
2012.04.05 05:20:01.116,0.84667,0.84683,2.25,1.50
2012.04.05 05:20:01.557,0.84666,0.84681,1.50,1.50
2012.04.05 05:20:01.864,0.84666,0.84678,1.50,1.50
2012.04.05 05:20:02.472,0.84666,0.84679,1.50,1.50
2012.04.05 05:20:03.595,0.84665,0.84679,4.43,1.50
2012.04.05 05:20:03.665,0.84665,0.84682,4.43,1.50
2012.04.05 05:20:04.297,0.84667,0.84685,2.25,3.75
2012.04.05 05:20:04.366,0.84667,0.84685,1.50,3.75
2012.04.05 05:20:10.944,0.84667,0.84684,1.50,1.88
2012.04.05 05:20:11.325,0.84665,0.84683,2.25,2.25
2012.04.05 05:20:15.565,0.84664,0.8468,4.50,1.50
2012.04.05 05:20:15.704,0.84665,0.84683,2.25,1.50
2012.04.05 05:20:15.777,0.84668,0.84685,1.50,3.00
2012.04.05 05:20:16.432,0.84667,0.84683,1.50,1.50
2012.04.05 05:20:18.139,0.84667,0.84683,2.25,2.85
2012.04.05 05:20:18.210,0.84663,0.8468,1.50,1.50
2012.04.05 05:20:18.338,0.84662,0.8468,3.00,2.25
2012.04.05 05:20:18.678,0.84665,0.84681,1.50,4.50
2012.04.05 05:20:18.866,0.84661,0.84679,2.25,2.25
2012.04.05 05:20:18.937,0.84661,0.84679,3.00,1.50
2012.04.05 05:20:19.446,0.84663,0.84681,1.50,3.75
2012.04.05 05:20:20.062,0.84661,0.84679,2.25,1.50
2012.04.05 05:20:20.585,0.84661,0.84679,2.25,2.25
2012.04.05 05:20:20.655,0.84664,0.84679,1.50,2.25
2012.04.05 05:20:21.099,0.84662,0.84678,1.50,2.25
2012.04.05 05:20:23.247,0.84662,0.84678,1.50,3.00
2012.04.05 05:20:23.388,0.84659,0.84676,2.25,1.50
2012.04.05 05:20:23.647,0.84656,0.84671,1.50,1.50
2012.04.05 05:20:23.776,0.84655,0.84671,1.50,1.50
2012.04.05 05:20:25.387,0.84656,0.84672,2.25,1.50
2012.04.05 05:20:26.252,0.84658,0.84673,1.50,1.50
2012.04.05 05:20:26.756,0.84657,0.84672,2.25,1.50
2012.04.05 05:20:27.271,0.84656,0.84673,2.25,3.00
2012.04.05 05:20:27.613,0.84655,0.84671,1.50,1.50
2012.04.05 05:20:28.048,0.84654,0.8467,2.25,1.50
2012.04.05 05:20:28.440,0.84654,0.84672,2.25,1.50
2012.04.05 05:20:28.978,0.84654,0.84672,1.50,2.25
2012.04.05 05:20:29.179,0.84657,0.84673,1.50,1.50
2012.04.05 05:20:29.506,0.8466,0.84676,2.25,3.75
2012.04.05 05:20:33.236,0.8466,0.84675,1.50,2.25
2012.04.05 05:20:33.309,0.84657,0.84674,1.50,1.50
2012.04.05 05:20:33.377,0.84657,0.8467,1.50,1.50
2012.04.05 05:20:33.589,0.84653,0.84669,2.25,2.25
2012.04.05 05:20:34.304,0.84654,0.84671,1.50,1.50
2012.04.05 05:20:34.805,0.84654,0.84671,2.25,1.50
2012.04.05 05:20:35.039,0.84656,0.84671,1.50,1.50
2012.04.05 05:20:35.515,0.84652,0.8467,2.25,2.25
2012.04.05 05:20:36.999,0.84652,0.8467,2.25,2.25
2012.04.05 05:20:42.206,0.84652,0.84669,2.25,2.25
2012.04.05 05:20:42.407,0.8465,0.84666,2.25,1.50
2012.04.05 05:20:42.477,0.84652,0.84666,1.50,1.50
2012.04.05 05:20:42.986,0.84651,0.84666,1.50,3.38
2012.04.05 05:20:43.823,0.8465,0.84666,1.50,1.88
2012.04.05 05:20:44.482,0.84651,0.84666,1.50,1.88
2012.04.05 05:20:53.986,0.84653,0.84667,1.50,1.50
2012.04.05 05:20:56.608,0.84651,0.84666,3.68,1.50
2012.04.05 05:20:56.677,0.84651,0.84666,3.68,1.50
2012.04.05 05:20:56.869,0.84654,0.8467,1.50,2.25
2012.04.05 05:20:57.794,0.84654,0.8467,1.50,3.75
2012.04.05 05:20:58.581,0.84657,0.8467,1.50,1.50
2012.04.05 05:20:58.785,0.84657,0.84673,1.50,2.25
2012.04.05 05:20:58.856,0.84659,0.84674,1.50,1.50
2012.04.05 05:21:00.815,0.84661,0.84674,1.50,1.50
2012.04.05 05:21:01.846,0.84661,0.84674,1.50,2.25
2012.04.05 05:21:03.155,0.84661,0.84674,1.50,1.50
2012.04.05 05:21:03.972,0.84657,0.84672,1.50,2.25
2012.04.05 05:21:05.412,0.84657,0.84675,2.25,2.25
2012.04.05 05:21:07.502,0.84657,0.84675,3.00,2.25
2012.04.05 05:21:08.604,0.84658,0.84675,1.50,2.25
2012.04.05 05:21:09.124,0.84656,0.8467,1.50,1.50
2012.04.05 05:21:09.456,0.84652,0.84669,1.50,3.68
2012.04.05 05:21:10.137,0.84651,0.84666,2.25,2.25
2012.04.05 05:21:12.280,0.84654,0.84667,1.50,1.50
2012.04.05 05:21:12.794,0.84652,0.84668,1.50,4.13
2012.04.05 05:21:13.392,0.84651,0.84666,1.50,2.25
2012.04.05 05:21:17.028,0.84651,0.84665,1.50,1.50
2012.04.05 05:21:17.555,0.84651,0.84664,1.50,1.13
2012.04.05 05:21:18.915,0.8465,0.84664,1.50,1.13
2012.04.05 05:21:21.179,0.84646,0.84663,1.50,3.00
2012.04.05 05:21:21.518,0.84642,0.84659,2.25,1.50
2012.04.05 05:21:21.784,0.8464,0.84658,2.25,3.00
2012.04.05 05:21:22.110,0.84642,0.84658,1.50,1.13
2012.04.05 05:21:22.701,0.84643,0.84659,1.50,2.25
2012.04.05 05:21:23.249,0.84643,0.84659,1.50,2.25
2012.04.05 05:21:24.245,0.84641,0.84659,1.50,4.13
2012.04.05 05:21:24.784,0.84642,0.84658,1.50,3.00
2012.04.05 05:21:25.987,0.84644,0.84658,1.50,1.88
2012.04.05 05:21:26.296,0.84641,0.84656,1.50,2.93
2012.04.05 05:21:27.227,0.84641,0.84659,2.25,2.25
2012.04.05 05:21:27.361,0.84645,0.84661,1.50,2.25
2012.04.05 05:21:27.548,0.84641,0.84659,2.25,2.25
2012.04.05 05:21:27.632,0.84645,0.84661,1.50,5.18
2012.04.05 05:21:28.004,0.84641,0.84657,2.25,2.25
2012.04.05 05:21:28.732,0.84642,0.84659,2.25,2.25
2012.04.05 05:21:29.247,0.84641,0.84656,1.50,2.25
2012.04.05 05:21:34.406,0.84643,0.84659,1.50,1.13
2012.04.05 05:21:36.313,0.84642,0.84658,1.50,2.25
2012.04.05 05:21:36.624,0.84644,0.8466,1.50,3.00
2012.04.05 05:21:37.189,0.84642,0.84659,1.50,2.25
2012.04.05 05:21:37.705,0.84642,0.84659,1.50,2.25
2012.04.05 05:21:38.715,0.84643,0.84659,1.50,2.25
2012.04.05 05:21:38.848,0.84643,0.84659,2.25,2.25
2012.04.05 05:21:39.154,0.84648,0.84664,1.50,2.93
2012.04.05 05:21:39.467,0.8465,0.84664,1.50,2.93
2012.04.05 05:21:39.540,0.84647,0.84663,1.50,2.25
2012.04.05 05:21:39.786,0.84647,0.84663,1.50,2.25
2012.04.05 05:21:40.276,0.84647,0.84665,3.75,3.00
2012.04.05 05:21:40.346,0.84647,0.84665,4.50,3.00
2012.04.05 05:21:41.045,0.84647,0.84664,1.50,3.00
2012.04.05 05:21:41.119,0.84647,0.84664,1.50,3.00
2012.04.05 05:21:41.389,0.84643,0.84659,5.10,1.50
2012.04.05 05:21:41.537,0.84643,0.84659,3.00,2.25
2012.04.05 05:21:44.733,0.84641,0.84657,2.25,3.00
2012.04.05 05:21:45.066,0.84643,0.84656,1.50,1.50
2012.04.05 05:21:47.908,0.84643,0.84658,1.50,3.00
2012.04.05 05:22:04.327,0.84641,0.84657,1.50,2.25
2012.04.05 05:22:04.656,0.84646,0.84662,1.50,4.80
2012.04.05 05:22:04.797,0.84643,0.84661,1.50,2.25
2012.04.05 05:22:06.731,0.84645,0.8466,1.50,3.68
2012.04.05 05:22:07.062,0.84648,0.8466,1.50,3.68
2012.04.05 05:22:08.630,0.84646,0.8466,1.50,3.68
2012.04.05 05:22:08.814,0.84643,0.8466,1.50,3.68
2012.04.05 05:22:09.157,0.84646,0.8466,1.50,3.68
2012.04.05 05:22:11.384,0.84643,0.84659,1.50,1.50
2012.04.05 05:22:13.378,0.84645,0.8466,1.50,2.93
2012.04.05 05:22:13.719,0.84648,0.8466,1.50,4.43
2012.04.05 05:22:13.912,0.84646,0.84657,1.50,2.93
2012.04.05 05:22:14.428,0.84643,0.8466,1.50,3.68
2012.04.05 05:22:16.648,0.84645,0.8466,1.50,2.93
2012.04.05 05:22:17.344,0.84644,0.8466,1.50,4.43
2012.04.05 05:22:19.924,0.84646,0.8466,1.50,2.93
2012.04.05 05:22:23.608,0.84646,0.84662,1.50,3.00
2012.04.05 05:22:25.705,0.84646,0.84662,1.50,3.00
2012.04.05 05:22:26.894,0.84648,0.84662,1.50,1.50
2012.04.05 05:22:27.166,0.84645,0.84662,1.50,1.50
2012.04.05 05:22:27.709,0.84645,0.84663,2.85,4.43
2012.04.05 05:22:27.835,0.84648,0.84663,1.50,2.93
2012.04.05 05:22:28.027,0.84649,0.84664,1.50,2.93
2012.04.05 05:22:29.907,0.84647,0.84664,1.50,1.50
2012.04.05 05:22:31.246,0.8465,0.84664,1.50,1.50
2012.04.05 05:22:42.882,0.84648,0.84663,1.50,1.50
2012.04.05 05:22:43.395,0.84648,0.84662,1.50,1.88
2012.04.05 05:22:43.706,0.84648,0.84662,1.50,1.88
2012.04.05 05:22:50.925,0.84648,0.84665,1.50,2.25
2012.04.05 05:22:51.059,0.84651,0.84666,1.50,1.50
2012.04.05 05:22:52.129,0.8465,0.84666,1.50,2.25
2012.04.05 05:22:52.197,0.8465,0.84666,1.50,2.25
2012.04.05 05:22:52.327,0.84652,0.84668,1.50,2.25
2012.04.05 05:22:52.675,0.84656,0.8467,1.50,2.25
2012.04.05 05:22:52.760,0.84654,0.84669,1.50,2.25
2012.04.05 05:22:53.442,0.84654,0.84665,1.50,1.50
2012.04.05 05:22:53.660,0.84648,0.84663,1.50,2.25
2012.04.05 05:22:53.860,0.84648,0.84663,1.50,3.38
2012.04.05 05:22:56.304,0.84649,0.84663,1.50,1.13
2012.04.05 05:22:56.654,0.84653,0.84665,1.50,2.93
2012.04.05 05:22:57.037,0.84653,0.84669,1.50,2.93
2012.04.05 05:23:02.436,0.84653,0.8467,1.50,5.93
2012.04.05 05:23:02.877,0.84655,0.8467,1.50,5.18
2012.04.05 05:23:03.416,0.84654,0.8467,1.50,7.43
2012.04.05 05:23:04.205,0.84656,0.8467,1.50,5.18
2012.04.05 05:23:04.717,0.84654,0.8467,1.50,3.75
2012.04.05 05:23:04.859,0.84652,0.84665,2.25,1.50
2012.04.05 05:23:05.385,0.84653,0.8467,1.50,4.43
2012.04.05 05:23:07.846,0.84652,0.84665,1.50,1.50
2012.04.05 05:23:08.576,0.84652,0.84665,3.75,1.50
2012.04.05 05:23:08.653,0.84654,0.84672,1.50,2.25
2012.04.05 05:23:09.209,0.84653,0.8467,1.50,2.25
2012.04.05 05:23:11.988,0.84653,0.8467,3.00,2.25
2012.04.05 05:23:12.717,0.84654,0.84672,3.00,2.25
2012.04.05 05:23:12.811,0.84654,0.84671,2.25,1.50
2012.04.05 05:23:13.281,0.84652,0.84668,2.25,2.25
2012.04.05 05:23:13.477,0.84652,0.84668,1.50,2.25
2012.04.05 05:23:13.545,0.8465,0.84667,1.50,2.25
2012.04.05 05:23:13.708,0.84651,0.84667,2.95,2.25
2012.04.05 05:23:13.957,0.84652,0.84667,1.35,2.25
2012.04.05 05:23:15.501,0.8465,0.84666,1.50,3.00
2012.04.05 05:23:15.845,0.8465,0.84664,1.50,2.93
2012.04.05 05:23:16.308,0.84647,0.84664,1.50,2.93
2012.04.05 05:23:16.819,0.84645,0.84661,1.35,2.25
2012.04.05 05:23:17.480,0.84648,0.84663,1.50,2.25
2012.04.05 05:23:17.549,0.84642,0.84659,1.50,2.25
2012.04.05 05:23:17.616,0.84647,0.84661,1.50,2.93
2012.04.05 05:23:23.327,0.84647,0.84659,1.50,2.25
2012.04.05 05:23:23.397,0.84645,0.84659,1.50,2.25
2012.04.05 05:23:24.572,0.84643,0.84656,1.50,2.93
2012.04.05 05:23:28.132,0.84647,0.8466,1.50,2.10
2012.04.05 05:23:28.722,0.84647,0.8466,1.50,1.35
2012.04.05 05:23:35.851,0.84647,0.84661,1.50,2.93
2012.04.05 05:23:35.920,0.8465,0.84661,1.50,2.93
2012.04.05 05:23:36.107,0.84647,0.84662,1.50,2.93
2012.04.05 05:23:36.721,0.84649,0.84663,1.50,3.68
2012.04.05 05:23:38.441,0.84649,0.84663,1.50,3.68
2012.04.05 05:23:38.819,0.84651,0.84666,1.50,1.88
2012.04.05 05:23:39.151,0.84653,0.84666,1.50,1.88
2012.04.05 05:23:39.519,0.84653,0.84666,1.50,1.50
2012.04.05 05:23:40.210,0.84656,0.84668,1.50,1.50
2012.04.05 05:23:46.335,0.84657,0.84671,1.50,5.18
2012.04.05 05:23:47.825,0.84657,0.84671,1.50,3.68
2012.04.05 05:23:47.901,0.84662,0.84671,1.50,1.50
2012.04.05 05:23:48.035,0.84662,0.84671,1.50,1.50
2012.04.05 05:23:48.481,0.84662,0.84674,1.50,2.25
2012.04.05 05:23:55.179,0.84662,0.84674,1.65,1.50
2012.04.05 05:23:55.247,0.84662,0.84675,1.65,1.50
2012.04.05 05:23:55.866,0.84662,0.84676,1.50,2.25
2012.04.05 05:23:56.428,0.84661,0.84675,1.50,1.50
2012.04.05 05:23:56.988,0.84664,0.84676,1.50,2.25
2012.04.05 05:23:57.116,0.84662,0.84676,1.50,2.85
2012.04.05 05:23:57.640,0.84662,0.84675,1.50,1.50
2012.04.05 05:24:03.800,0.84662,0.84675,1.50,1.50
2012.04.05 05:24:04.301,0.84662,0.84678,1.50,3.38
2012.04.05 05:24:04.367,0.84666,0.84678,1.50,1.88
2012.04.05 05:24:07.717,0.84664,0.84677,1.50,1.88
2012.04.05 05:24:08.248,0.84665,0.84675,1.50,1.50
2012.04.05 05:24:08.392,0.84663,0.84675,1.50,1.50
2012.04.05 05:24:08.652,0.84661,0.84675,1.50,1.50
2012.04.05 05:24:09.274,0.84661,0.84675,1.50,1.50
2012.04.05 05:24:09.665,0.84661,0.84674,1.50,2.25
2012.04.05 05:24:10.670,0.84661,0.84674,1.50,2.25
2012.04.05 05:24:11.292,0.84661,0.84675,1.50,1.50
2012.04.05 05:24:11.857,0.84662,0.84675,1.50,1.50
2012.04.05 05:24:13.266,0.84663,0.84675,1.50,1.50
2012.04.05 05:24:15.518,0.84665,0.84678,1.50,3.00
2012.04.05 05:24:15.585,0.84665,0.84678,1.50,3.00
2012.04.05 05:24:16.836,0.84661,0.84675,1.50,1.50
2012.04.05 05:24:17.028,0.84661,0.84674,1.50,3.68
2012.04.05 05:24:17.568,0.84661,0.84673,1.50,1.50
2012.04.05 05:24:18.366,0.84661,0.84674,1.50,2.18
2012.04.05 05:24:18.897,0.84662,0.84675,1.50,1.50
2012.04.05 05:24:20.186,0.84662,0.84675,1.50,1.50
2012.04.05 05:24:24.798,0.84659,0.84677,2.25,4.43
2012.04.05 05:24:24.866,0.84659,0.84677,3.00,2.25
2012.04.05 05:24:25.150,0.84665,0.8468,1.50,3.75
2012.04.05 05:24:25.223,0.84663,0.84679,1.50,2.25
2012.04.05 05:24:25.974,0.84662,0.84677,1.50,2.25
2012.04.05 05:24:26.887,0.84664,0.84678,1.50,1.50
2012.04.05 05:24:27.196,0.84662,0.84678,2.25,3.00
2012.04.05 05:24:29.340,0.84664,0.84678,1.50,1.50
2012.04.05 05:24:30.056,0.84664,0.84679,1.50,3.75
2012.04.05 05:24:30.496,0.84664,0.84677,1.50,2.18
2012.04.05 05:24:31.027,0.84663,0.84677,1.50,2.93
2012.04.05 05:24:32.181,0.84663,0.84677,1.50,2.93
2012.04.05 05:24:32.440,0.8466,0.84674,1.50,2.18
2012.04.05 05:24:32.957,0.8466,0.84677,1.50,3.68
2012.04.05 05:24:33.520,0.8466,0.84677,2.25,2.25
2012.04.05 05:24:33.726,0.84663,0.84677,1.50,2.25
2012.04.05 05:24:34.638,0.84663,0.84677,1.50,3.00
2012.04.05 05:24:34.710,0.84661,0.84677,2.25,4.50
2012.04.05 05:24:34.966,0.84659,0.84674,1.50,5.18
2012.04.05 05:24:35.476,0.8466,0.84675,1.50,1.50
2012.04.05 05:24:35.666,0.8466,0.84676,1.50,4.35
2012.04.05 05:24:36.141,0.84666,0.84678,1.50,2.25
2012.04.05 05:24:36.345,0.84662,0.84678,1.50,4.43
2012.04.05 05:24:36.604,0.84664,0.84679,1.50,1.50
2012.04.05 05:24:37.338,0.84664,0.84678,1.50,2.25
2012.04.05 05:24:37.633,0.8466,0.84676,2.25,1.50
2012.04.05 05:24:38.819,0.84663,0.84676,1.50,1.50
2012.04.05 05:24:39.018,0.84659,0.84675,2.25,2.18
2012.04.05 05:24:39.549,0.84661,0.84675,1.50,2.93
2012.04.05 05:24:39.803,0.84658,0.84676,3.00,2.25
2012.04.05 05:24:39.877,0.84659,0.84676,1.50,2.25
2012.04.05 05:24:40.386,0.84659,0.84676,1.50,1.50
2012.04.05 05:24:41.827,0.84658,0.84676,1.50,2.25
2012.04.05 05:24:41.956,0.8466,0.84675,1.50,2.93
2012.04.05 05:24:42.306,0.84658,0.84675,2.25,2.93
2012.04.05 05:24:44.576,0.84658,0.84676,3.00,2.25
2012.04.05 05:24:44.767,0.84658,0.84676,2.25,2.25
2012.04.05 05:24:45.587,0.84658,0.84676,2.25,2.25
2012.04.05 05:24:45.912,0.84662,0.84675,1.50,1.50
2012.04.05 05:24:46.226,0.84659,0.84671,1.50,2.93
2012.04.05 05:24:46.787,0.84659,0.84671,1.50,2.93
2012.04.05 05:24:50.965,0.84659,0.84671,1.50,2.93
2012.04.05 05:24:51.839,0.84659,0.84671,1.50,2.93
2012.04.05 05:24:52.510,0.84659,0.84668,1.50,1.50
2012.04.05 05:24:52.735,0.84656,0.84667,1.50,1.50
2012.04.05 05:24:52.806,0.84652,0.84666,2.25,3.68
2012.04.05 05:24:52.907,0.84646,0.84664,2.25,2.25
2012.04.05 05:24:53.387,0.84645,0.84662,2.25,2.25
2012.04.05 05:24:53.892,0.84645,0.84662,1.50,2.25
2012.04.05 05:24:54.043,0.84643,0.84658,1.50,2.25
2012.04.05 05:24:54.263,0.8464,0.84658,3.00,2.25
2012.04.05 05:24:54.423,0.8464,0.84653,1.50,1.50
2012.04.05 05:24:54.769,0.84638,0.84651,4.35,1.50
2012.04.05 05:24:55.124,0.84638,0.84654,4.35,2.25
2012.04.05 05:24:55.199,0.84638,0.84656,4.35,2.25
2012.04.05 05:24:55.621,0.84641,0.84657,1.50,3.00
2012.04.05 05:24:55.719,0.84641,0.84657,1.50,2.25
2012.04.05 05:24:55.920,0.84641,0.84657,1.50,2.25
2012.04.05 05:24:56.576,0.84642,0.84658,1.50,1.50
2012.04.05 05:25:00.079,0.84642,0.84657,1.50,1.50
2012.04.05 05:25:00.421,0.84642,0.84657,1.50,3.68
2012.04.05 05:25:00.549,0.8464,0.84657,1.50,3.68
2012.04.05 05:25:00.619,0.8464,0.84657,1.50,2.93
2012.04.05 05:25:01.126,0.8464,0.84658,2.25,2.25
2012.04.05 05:25:02.546,0.84642,0.8466,1.50,2.25
2012.04.05 05:25:02.676,0.84642,0.8466,1.50,2.25
2012.04.05 05:25:03.679,0.84642,0.84658,2.25,2.25
2012.04.05 05:25:04.078,0.84644,0.84662,1.50,3.75
2012.04.05 05:25:05.005,0.84645,0.84662,1.50,2.25
2012.04.05 05:25:06.024,0.84643,0.84661,2.63,3.00
2012.04.05 05:25:06.569,0.84647,0.84661,1.50,1.50
2012.04.05 05:25:06.885,0.84643,0.84661,3.00,2.25
2012.04.05 05:25:07.468,0.84643,0.84661,3.00,2.25
2012.04.05 05:25:07.991,0.84643,0.84656,1.50,1.50
2012.04.05 05:25:15.167,0.84642,0.84656,2.93,1.50
2012.04.05 05:25:17.340,0.84642,0.84656,1.13,1.50
2012.04.05 05:25:18.307,0.84643,0.84658,1.13,2.25
2012.04.05 05:25:18.508,0.84642,0.84657,3.68,2.25
2012.04.05 05:25:18.713,0.8464,0.84653,1.50,1.50
2012.04.05 05:25:18.794,0.84637,0.84652,2.63,1.50
2012.04.05 05:25:19.250,0.84637,0.84649,2.63,1.50
2012.04.05 05:25:19.361,0.84633,0.84649,1.50,1.50
2012.04.05 05:25:19.570,0.84635,0.84651,1.50,2.25
2012.04.05 05:25:20.089,0.84634,0.84649,1.50,1.50
2012.04.05 05:25:21.026,0.84634,0.84649,2.25,1.50
2012.04.05 05:25:21.501,0.84633,0.84648,3.68,1.50
2012.04.05 05:25:22.024,0.84633,0.84648,1.50,4.80
2012.04.05 05:25:22.379,0.84632,0.84646,1.50,1.13
2012.04.05 05:25:22.789,0.84634,0.8465,1.50,1.50
2012.04.05 05:25:23.117,0.84636,0.8465,1.50,1.50
2012.04.05 05:25:23.308,0.84632,0.8465,1.50,3.00
2012.04.05 05:25:24.004,0.84631,0.84648,1.50,2.25
2012.04.05 05:25:24.318,0.84629,0.84645,3.98,1.50
2012.04.05 05:25:24.876,0.8463,0.84648,1.50,2.25
2012.04.05 05:25:25.065,0.8463,0.84648,1.50,2.25
2012.04.05 05:25:28.726,0.8463,0.84648,1.50,2.25
2012.04.05 05:25:29.286,0.84631,0.84647,1.50,2.25
2012.04.05 05:25:29.809,0.84631,0.84647,1.50,2.25
2012.04.05 05:25:30.320,0.84632,0.8465,1.50,3.75
2012.04.05 05:25:30.937,0.84632,0.8465,2.25,3.00
2012.04.05 05:25:31.247,0.84635,0.8465,1.50,3.75
2012.04.05 05:25:31.318,0.84633,0.84649,1.50,2.25
2012.04.05 05:25:32.708,0.84635,0.8465,1.50,3.00
2012.04.05 05:25:33.238,0.84635,0.8465,1.50,3.00
2012.04.05 05:25:33.428,0.84632,0.84648,3.75,2.25
2012.04.05 05:25:33.622,0.84635,0.84652,1.50,1.50
2012.04.05 05:25:34.116,0.84639,0.84654,1.50,2.25
2012.04.05 05:25:39.029,0.84638,0.84654,1.50,3.00
2012.04.05 05:25:39.284,0.84643,0.84657,1.50,1.50
2012.04.05 05:25:41.151,0.84643,0.84657,1.50,1.50
2012.04.05 05:25:46.261,0.84643,0.84655,1.50,2.25
2012.04.05 05:25:46.328,0.8464,0.84655,1.50,2.25
2012.04.05 05:25:46.578,0.8464,0.84655,1.50,2.63
2012.04.05 05:25:48.678,0.84639,0.84652,2.25,1.50
2012.04.05 05:25:48.951,0.84636,0.84649,1.50,1.50
2012.04.05 05:25:49.019,0.84639,0.8465,1.50,2.93
2012.04.05 05:25:49.275,0.84638,0.84654,1.50,3.00
2012.04.05 05:25:49.527,0.84638,0.84654,1.50,3.00
2012.04.05 05:25:49.656,0.84638,0.84654,1.50,3.00
2012.04.05 05:25:52.590,0.84638,0.84651,1.50,1.50
2012.04.05 05:25:52.669,0.84631,0.84649,2.25,4.43
2012.04.05 05:25:53.186,0.84633,0.84649,2.25,2.93
2012.04.05 05:25:54.905,0.84633,0.84649,1.50,3.68
2012.04.05 05:25:59.542,0.8463,0.84645,1.50,2.25
2012.04.05 05:25:59.673,0.84629,0.84643,1.50,2.25
2012.04.05 05:26:00.080,0.84627,0.84644,3.00,2.25
2012.04.05 05:26:00.278,0.8463,0.84645,1.50,2.93
2012.04.05 05:26:00.805,0.8463,0.84645,1.50,4.43
2012.04.05 05:26:06.998,0.84629,0.84644,1.50,2.25
2012.04.05 05:26:07.199,0.84625,0.84641,2.25,2.25
2012.04.05 05:26:07.333,0.84625,0.84639,1.50,2.93
2012.04.05 05:26:07.929,0.84624,0.84639,1.50,2.93
2012.04.05 05:26:11.407,0.84624,0.84637,1.50,1.13
2012.04.05 05:26:11.680,0.84619,0.84637,2.25,6.30
2012.04.05 05:26:11.748,0.84619,0.84634,1.50,1.13
2012.04.05 05:26:11.888,0.84615,0.84634,2.85,1.13
2012.04.05 05:26:11.956,0.84617,0.84634,2.85,1.13
2012.04.05 05:26:12.220,0.84615,0.8463,1.50,3.68
2012.04.05 05:26:12.677,0.84619,0.8463,1.50,1.88
2012.04.05 05:26:13.196,0.84615,0.84629,1.50,1.13
2012.04.05 05:26:13.628,0.84612,0.84629,3.00,2.63
2012.04.05 05:26:13.773,0.84612,0.84628,1.50,1.13
2012.04.05 05:26:14.111,0.8461,0.84626,2.25,1.88
2012.04.05 05:26:14.239,0.84609,0.84625,1.50,2.63
2012.04.05 05:26:15.529,0.84609,0.84625,1.50,1.13
2012.04.05 05:26:16.189,0.84609,0.84624,1.50,1.13
2012.04.05 05:26:16.700,0.8461,0.84624,1.50,1.13
2012.04.05 05:26:17.316,0.84609,0.84624,1.50,1.13
2012.04.05 05:26:17.648,0.84607,0.84622,1.50,3.30
2012.04.05 05:26:17.848,0.84607,0.84622,1.50,3.30
2012.04.05 05:26:18.098,0.84604,0.84621,2.25,1.13
2012.04.05 05:26:18.656,0.84605,0.84621,1.50,2.63
2012.04.05 05:26:19.478,0.84606,0.8462,1.50,1.13
2012.04.05 05:26:21.156,0.84606,0.8462,3.75,1.13
2012.04.05 05:26:21.303,0.84608,0.84622,1.50,2.93
2012.04.05 05:26:21.861,0.84607,0.84621,1.50,2.93
2012.04.05 05:26:21.997,0.84604,0.8462,4.35,2.25
2012.04.05 05:26:23.338,0.84604,0.8462,3.75,1.50
2012.04.05 05:26:24.056,0.84606,0.84622,1.50,3.30
2012.04.05 05:26:24.367,0.84604,0.84622,3.00,4.80
2012.04.05 05:26:27.867,0.84604,0.8462,3.00,1.13
2012.04.05 05:26:28.004,0.84607,0.84622,1.50,4.43
2012.04.05 05:26:28.084,0.84607,0.84622,2.25,4.43
2012.04.05 05:26:28.302,0.84609,0.84624,2.25,1.50
2012.04.05 05:26:28.647,0.84613,0.84627,1.50,1.13
2012.04.05 05:26:29.005,0.8461,0.84626,2.25,1.13
2012.04.05 05:26:29.318,0.84613,0.84626,1.50,1.13
2012.04.05 05:26:29.767,0.8461,0.84626,2.25,2.63
2012.04.05 05:26:30.289,0.84611,0.84627,2.25,1.13
2012.04.05 05:26:30.813,0.84613,0.84628,1.50,3.00
2012.04.05 05:26:31.364,0.84613,0.84627,1.50,1.13
2012.04.05 05:26:33.542,0.84609,0.84625,1.50,2.63
2012.04.05 05:26:33.860,0.84604,0.84622,3.75,2.63
2012.04.05 05:26:34.128,0.84604,0.8462,1.50,1.50
2012.04.05 05:26:34.271,0.84604,0.8462,1.50,1.50
2012.04.05 05:26:34.398,0.84604,0.8462,2.25,1.50
2012.04.05 05:26:35.076,0.84606,0.84622,4.50,2.25
2012.04.05 05:26:35.315,0.84608,0.84622,1.50,2.25
2012.04.05 05:26:35.833,0.84609,0.84625,2.25,2.25
2012.04.05 05:26:37.849,0.84609,0.84625,2.25,2.25
2012.04.05 05:26:38.053,0.84607,0.84625,4.43,2.25
2012.04.05 05:26:38.729,0.84609,0.84621,1.50,1.13
2012.04.05 05:26:39.036,0.84609,0.84621,1.50,1.13
2012.04.05 05:26:39.894,0.84609,0.84621,1.50,1.13
2012.04.05 05:26:40.261,0.84602,0.84613,1.50,1.50
2012.04.05 05:26:40.470,0.84598,0.84613,2.25,1.45
2012.04.05 05:26:40.604,0.84598,0.84613,1.50,1.45
2012.04.05 05:26:41.172,0.84601,0.84614,1.50,1.88
2012.04.05 05:26:41.423,0.846,0.84615,1.50,1.50
2012.04.05 05:26:41.826,0.84599,0.84616,2.25,2.25
2012.04.05 05:26:42.290,0.84602,0.84618,1.50,3.00
2012.04.05 05:26:42.608,0.84599,0.84616,1.50,1.50
2012.04.05 05:26:43.478,0.84602,0.84616,1.50,1.50
2012.04.05 05:26:44.026,0.84603,0.84617,1.50,1.50
2012.04.05 05:26:44.338,0.84599,0.84616,1.50,2.25
2012.04.05 05:26:44.586,0.84599,0.84616,2.25,2.25
2012.04.05 05:26:45.046,0.84601,0.84617,2.25,2.25
2012.04.05 05:26:45.587,0.84601,0.84617,2.25,2.25
2012.04.05 05:26:46.102,0.84602,0.8462,2.25,2.25
2012.04.05 05:26:46.628,0.84602,0.8462,2.25,2.25
2012.04.05 05:26:49.733,0.84602,0.84619,1.50,1.50
2012.04.05 05:26:49.807,0.84606,0.84619,1.50,1.50
2012.04.05 05:26:50.191,0.84604,0.84619,1.50,1.88
2012.04.05 05:26:50.352,0.84601,0.84619,1.50,3.38
2012.04.05 05:26:52.086,0.84603,0.84619,1.50,1.88
2012.04.05 05:26:56.708,0.84601,0.84619,1.50,3.38
2012.04.05 05:26:57.027,0.84604,0.84619,1.50,1.88
2012.04.05 05:26:57.166,0.84604,0.84619,1.50,1.50
2012.04.05 05:26:57.708,0.8461,0.84619,1.50,2.25
2012.04.05 05:26:57.779,0.84604,0.84619,1.50,2.25
2012.04.05 05:26:58.029,0.84604,0.84617,1.50,2.25
2012.04.05 05:26:58.239,0.84598,0.84615,2.25,4.43
2012.04.05 05:26:58.774,0.84598,0.84614,1.50,1.50
2012.04.05 05:27:00.949,0.84599,0.84614,1.50,1.88
2012.04.05 05:27:01.545,0.84598,0.84614,1.50,1.50
2012.04.05 05:27:06.558,0.84598,0.84613,1.50,2.63
2012.04.05 05:27:06.627,0.84596,0.84614,2.25,2.63
2012.04.05 05:27:06.695,0.84595,0.84613,3.00,1.13
2012.04.05 05:27:07.635,0.84593,0.84613,2.25,1.13
2012.04.05 05:27:08.987,0.84595,0.84612,3.00,1.50
2012.04.05 05:27:09.554,0.84595,0.84612,3.00,1.50
2012.04.05 05:27:11.658,0.84595,0.84612,3.00,2.25
2012.04.05 05:27:11.925,0.84595,0.84614,3.00,1.50
2012.04.05 05:27:12.660,0.84595,0.84616,4.50,6.30
2012.04.05 05:27:12.725,0.84595,0.84615,4.50,1.50
2012.04.05 05:27:12.795,0.84595,0.84616,4.50,4.13
2012.04.05 05:27:12.988,0.84595,0.84614,3.00,1.50
2012.04.05 05:27:13.400,0.84595,0.84614,3.00,1.50
2012.04.05 05:27:13.706,0.84595,0.84612,2.25,1.50
2012.04.05 05:27:14.297,0.84593,0.84612,1.50,1.50
2012.04.05 05:27:14.627,0.84593,0.8461,1.50,1.50
2012.04.05 05:27:15.070,0.84591,0.84604,1.50,1.50
2012.04.05 05:27:16.658,0.8459,0.84605,2.25,1.50
2012.04.05 05:27:18.835,0.84589,0.84605,3.00,3.00
2012.04.05 05:27:18.983,0.84588,0.84604,2.93,2.95
2012.04.05 05:27:19.319,0.84582,0.84598,1.50,1.50
2012.04.05 05:27:19.390,0.84582,0.84598,1.50,1.50
2012.04.05 05:27:19.527,0.84578,0.84596,1.50,3.75
2012.04.05 05:27:19.671,0.84577,0.84595,2.10,1.13
2012.04.05 05:27:20.219,0.84577,0.84594,2.10,1.13
2012.04.05 05:27:20.840,0.84577,0.84595,1.50,1.88
2012.04.05 05:27:21.342,0.84579,0.84596,1.50,3.00
2012.04.05 05:27:21.550,0.84582,0.84596,1.50,1.50
2012.04.05 05:27:22.097,0.84582,0.84594,1.50,1.13
2012.04.05 05:27:22.814,0.84584,0.84596,1.50,2.25
2012.04.05 05:27:23.139,0.84589,0.84596,1.50,2.25
2012.04.05 05:27:23.269,0.84589,0.84604,1.50,1.50
2012.04.05 05:27:23.805,0.84589,0.84604,1.50,1.50
2012.04.05 05:27:25.907,0.84589,0.84605,3.75,1.13
2012.04.05 05:27:26.497,0.84591,0.84605,1.50,1.13
2012.04.05 05:27:27.024,0.84595,0.84605,1.50,1.13
2012.04.05 05:27:30.029,0.84595,0.84605,3.75,1.13
2012.04.05 05:27:30.281,0.84599,0.84614,1.50,1.88
2012.04.05 05:27:30.701,0.84601,0.84614,1.50,1.88
2012.04.05 05:27:30.894,0.84602,0.84616,1.50,1.88
2012.04.05 05:27:32.527,0.84602,0.84613,1.50,1.50
2012.04.05 05:27:32.670,0.84602,0.84616,1.50,2.25
2012.04.05 05:27:32.743,0.84598,0.84616,1.50,3.00
2012.04.05 05:27:32.819,0.84598,0.84616,1.50,3.75
2012.04.05 05:27:33.080,0.84597,0.84616,2.25,3.38
2012.04.05 05:27:33.327,0.846,0.84616,1.50,4.13
2012.04.05 05:27:33.398,0.846,0.84616,1.50,4.13
2012.04.05 05:27:33.795,0.846,0.84616,1.50,4.13
2012.04.05 05:27:35.211,0.846,0.84616,3.00,2.25
2012.04.05 05:27:35.666,0.84602,0.84619,1.50,5.18
2012.04.05 05:27:35.877,0.84603,0.84618,2.25,1.50
2012.04.05 05:27:36.206,0.84603,0.84619,1.50,2.25
2012.04.05 05:27:37.607,0.84603,0.84618,1.50,1.50
2012.04.05 05:27:38.137,0.84603,0.84617,1.50,1.50
2012.04.05 05:27:39.006,0.84601,0.84617,1.50,3.00
2012.04.05 05:27:39.288,0.84599,0.84615,2.25,1.50
2012.04.05 05:27:39.606,0.84599,0.84615,2.25,2.25
2012.04.05 05:27:40.189,0.846,0.84617,1.50,3.75
2012.04.05 05:27:40.664,0.84601,0.84618,2.25,1.13
2012.04.05 05:27:41.396,0.846,0.84621,1.50,1.50
2012.04.05 05:27:41.895,0.846,0.84617,1.50,1.50
2012.04.05 05:27:42.038,0.84599,0.84616,2.20,2.25
2012.04.05 05:27:42.177,0.84598,0.84616,2.25,2.25
2012.04.05 05:27:42.247,0.84596,0.84616,2.25,2.25
2012.04.05 05:27:43.367,0.84596,0.84609,2.25,1.50
