2007.04.05 14:00:00.257,0.97135,0.97165,6.40,7.90
2007.04.05 14:00:00.625,0.97135,0.97165,2.40,7.90
2007.04.05 14:00:01.619,0.97135,0.9715,2.40,2.40
2007.04.05 14:00:02.152,0.97135,0.97165,2.40,19.10
2007.04.05 14:00:02.893,0.97135,0.9714,2.40,0.80
2007.04.05 14:00:03.108,0.9714,0.9716,0.80,0.80
2007.04.05 14:00:07.188,0.9714,0.97165,0.80,4.00
2007.04.05 14:00:07.428,0.9714,0.9716,0.80,0.80
2007.04.05 14:00:09.896,0.97135,0.9717,25.60,3.20
2007.04.05 14:00:10.425,0.9714,0.9716,0.80,0.80
2007.04.05 14:00:10.970,0.9714,0.9717,0.80,3.20
2007.04.05 14:00:11.236,0.9715,0.9717,2.40,3.20
2007.04.05 14:00:12.445,0.9715,0.9717,2.40,0.80
2007.04.05 14:00:13.025,0.9715,0.9717,4.80,0.80
2007.04.05 14:00:14.477,0.97155,0.9717,4.00,0.80
2007.04.05 14:00:16.113,0.9714,0.97175,7.20,10.30
2007.04.05 14:00:17.752,0.9714,0.9717,7.20,0.80
2007.04.05 14:00:18.664,0.9715,0.97175,4.00,19.10
2007.04.05 14:00:19.192,0.97135,0.9716,7.90,0.80
2007.04.05 14:00:19.671,0.9715,0.97175,4.00,19.10
2007.04.05 14:00:20.677,0.9715,0.9717,4.00,0.80
2007.04.05 14:00:21.734,0.9714,0.9717,3.20,3.20
2007.04.05 14:00:22.722,0.9714,0.9717,7.20,0.80
2007.04.05 14:00:23.795,0.9714,0.9717,4.80,3.20
2007.04.05 14:00:24.409,0.9714,0.9716,4.80,0.80
2007.04.05 14:00:24.844,0.9714,0.9716,0.80,0.80
2007.04.05 14:00:25.751,0.97135,0.9716,4.00,0.80
2007.04.05 14:00:26.289,0.9714,0.9716,0.80,0.80
2007.04.05 14:00:26.635,0.9714,0.97175,3.20,10.30
2007.04.05 14:00:26.928,0.97135,0.9716,4.00,0.80
2007.04.05 14:00:27.327,0.9713,0.97155,3.20,19.10
2007.04.05 14:00:27.663,0.9713,0.9716,3.20,0.80
2007.04.05 14:00:28.048,0.97145,0.9716,2.40,0.80
2007.04.05 14:00:28.265,0.9714,0.9716,5.60,0.80
2007.04.05 14:00:28.469,0.9714,0.9715,4.80,0.80
2007.04.05 14:00:28.889,0.9714,0.9715,2.40,0.80
2007.04.05 14:00:29.340,0.9714,0.97165,2.40,19.10
2007.04.05 14:00:31.494,0.9713,0.97165,7.20,19.10
2007.04.05 14:00:31.503,0.9713,0.97155,7.20,19.10
2007.04.05 14:00:31.747,0.9713,0.9715,7.20,0.80
2007.04.05 14:00:34.326,0.9712,0.9715,11.20,0.80
2007.04.05 14:00:35.108,0.9713,0.97155,2.70,19.10
2007.04.05 14:00:38.204,0.9712,0.9715,7.20,0.80
2007.04.05 14:00:39.652,0.9713,0.9716,3.00,8.80
2007.04.05 14:00:41.731,0.9713,0.9715,2.90,0.80
2007.04.05 14:00:43.810,0.97125,0.9716,21.50,8.80
2007.04.05 14:00:44.025,0.97125,0.9716,23.10,8.80
2007.04.05 14:00:45.586,0.9713,0.97155,2.60,19.10
2007.04.05 14:00:46.130,0.97125,0.97155,12.00,19.10
2007.04.05 14:00:46.388,0.97125,0.9716,31.90,11.20
2007.04.05 14:00:46.621,0.97125,0.9715,31.90,0.80
2007.04.05 14:00:47.151,0.97135,0.9715,1.80,0.80
2007.04.05 14:00:48.085,0.97125,0.9715,12.80,0.80
2007.04.05 14:00:53.531,0.9712,0.9715,15.20,0.80
2007.04.05 14:00:55.181,0.97125,0.97155,1.00,15.90
2007.04.05 14:00:55.644,0.97125,0.97155,2.00,27.10
2007.04.05 14:00:57.502,0.9712,0.9715,15.20,0.80
2007.04.05 14:00:59.056,0.9713,0.97155,0.80,8.00
2007.04.05 14:01:01.415,0.9713,0.9716,11.20,11.20
2007.04.05 14:01:06.072,0.9713,0.97155,10.40,19.10
2007.04.05 14:01:10.510,0.9713,0.9716,3.20,11.20
2007.04.05 14:01:11.495,0.9713,0.9716,11.20,11.20
2007.04.05 14:01:12.499,0.9713,0.97155,10.40,19.10
2007.04.05 14:01:15.332,0.9713,0.9716,11.20,11.20
2007.04.05 14:01:18.005,0.9713,0.97155,10.40,19.10
2007.04.05 14:01:18.738,0.9713,0.97155,2.40,19.10
2007.04.05 14:01:19.048,0.9713,0.9715,2.40,0.80
2007.04.05 14:01:19.308,0.9713,0.9715,2.40,8.80
2007.04.05 14:01:19.585,0.9713,0.9715,0.80,11.20
2007.04.05 14:01:19.962,0.9714,0.9715,0.80,10.40
2007.04.05 14:01:20.273,0.9713,0.9715,3.20,8.00
2007.04.05 14:01:21.001,0.9713,0.97155,3.20,8.00
2007.04.05 14:01:21.581,0.9713,0.9716,13.60,8.80
2007.04.05 14:01:23.344,0.97135,0.9715,19.10,0.80
2007.04.05 14:01:23.680,0.97135,0.97165,19.10,12.00
2007.04.05 14:01:24.629,0.97135,0.97165,10.30,8.00
2007.04.05 14:01:25.114,0.9715,0.97165,0.80,8.00
2007.04.05 14:01:25.483,0.9715,0.9717,0.80,3.20
2007.04.05 14:01:27.601,0.9715,0.97175,0.80,8.00
2007.04.05 14:01:27.919,0.9715,0.9717,0.80,0.80
2007.04.05 14:01:28.459,0.9715,0.9717,0.80,2.40
2007.04.05 14:01:28.711,0.9715,0.97175,0.80,8.00
2007.04.05 14:01:29.994,0.97155,0.97175,19.10,8.00
2007.04.05 14:01:30.461,0.9715,0.97175,22.30,8.00
2007.04.05 14:01:30.914,0.97155,0.9718,21.50,0.80
2007.04.05 14:01:36.373,0.9716,0.9718,0.80,0.80
2007.04.05 14:01:36.945,0.97155,0.97185,21.50,8.00
2007.04.05 14:01:38.944,0.97155,0.9718,2.40,0.80
2007.04.05 14:01:39.189,0.9715,0.9717,5.60,0.80
2007.04.05 14:01:39.846,0.9715,0.9718,3.20,11.20
2007.04.05 14:01:40.378,0.9715,0.9717,3.20,0.80
2007.04.05 14:01:41.113,0.9715,0.9717,0.80,0.80
2007.04.05 14:01:46.424,0.9715,0.97175,3.20,8.00
2007.04.05 14:01:46.640,0.9715,0.97175,4.80,8.00
2007.04.05 14:01:46.954,0.9715,0.9717,4.80,0.80
2007.04.05 14:01:47.205,0.9715,0.9717,0.80,0.80
2007.04.05 14:01:47.473,0.9716,0.97175,0.80,8.00
2007.04.05 14:01:48.053,0.9716,0.9718,0.80,11.20
2007.04.05 14:01:48.587,0.97155,0.9717,19.10,0.80
2007.04.05 14:01:50.456,0.9716,0.9718,0.80,3.20
2007.04.05 14:01:50.822,0.9716,0.9718,0.80,0.80
2007.04.05 14:01:52.073,0.9717,0.97185,0.80,8.00
2007.04.05 14:01:52.281,0.97165,0.97185,19.10,8.00
2007.04.05 14:01:53.890,0.9718,0.972,0.80,4.90
2007.04.05 14:01:54.169,0.9717,0.9719,4.80,0.80
2007.04.05 14:01:54.575,0.9717,0.972,4.80,11.20
2007.04.05 14:01:55.086,0.9718,0.972,0.80,3.20
2007.04.05 14:01:56.035,0.9718,0.972,0.80,2.40
2007.04.05 14:01:56.365,0.9718,0.97205,0.80,8.00
2007.04.05 14:01:57.016,0.97175,0.97205,12.00,8.00
2007.04.05 14:01:57.303,0.97175,0.97205,23.10,8.00
2007.04.05 14:01:57.589,0.9719,0.97205,0.80,8.00
2007.04.05 14:01:57.983,0.97175,0.97205,4.00,15.90
2007.04.05 14:01:58.501,0.97175,0.9719,4.00,0.80
2007.04.05 14:01:59.258,0.9717,0.9719,4.80,0.80
2007.04.05 14:02:00.466,0.9718,0.972,0.80,11.20
2007.04.05 14:02:01.039,0.9718,0.972,0.80,8.80
2007.04.05 14:02:03.011,0.9718,0.972,4.80,0.80
2007.04.05 14:02:03.804,0.9718,0.972,4.00,0.80
2007.04.05 14:02:04.010,0.9718,0.97205,4.80,27.10
2007.04.05 14:02:04.536,0.9718,0.97205,4.80,8.00
2007.04.05 14:02:04.830,0.9718,0.97205,7.20,8.00
2007.04.05 14:02:06.363,0.9718,0.972,3.20,8.00
2007.04.05 14:02:06.694,0.9718,0.972,7.20,8.00
2007.04.05 14:02:06.900,0.9718,0.9721,7.20,8.80
2007.04.05 14:02:07.424,0.9719,0.9721,0.80,8.00
2007.04.05 14:02:09.771,0.9719,0.9721,0.80,3.20
2007.04.05 14:02:10.986,0.97185,0.972,4.00,0.80
2007.04.05 14:02:12.316,0.9718,0.972,4.80,0.80
2007.04.05 14:02:12.629,0.9718,0.972,0.80,0.80
2007.04.05 14:02:12.938,0.9718,0.97205,0.80,8.00
2007.04.05 14:02:13.935,0.9718,0.972,0.80,0.80
2007.04.05 14:02:14.158,0.9718,0.972,0.80,3.20
2007.04.05 14:02:24.432,0.97175,0.9719,2.40,0.80
2007.04.05 14:02:24.903,0.97175,0.972,2.40,3.20
2007.04.05 14:02:25.438,0.97175,0.9719,2.40,0.80
2007.04.05 14:02:25.686,0.9717,0.9719,8.80,0.80
2007.04.05 14:02:25.989,0.97165,0.9719,2.40,0.80
2007.04.05 14:02:26.255,0.9718,0.9719,0.80,2.40
2007.04.05 14:02:26.824,0.9718,0.97195,0.80,8.00
2007.04.05 14:02:28.822,0.97175,0.97205,21.50,8.00
2007.04.05 14:02:29.038,0.97175,0.97205,2.40,15.90
2007.04.05 14:02:29.284,0.97175,0.9719,2.40,0.80
2007.04.05 14:02:30.045,0.97175,0.972,2.40,3.20
2007.04.05 14:02:30.508,0.97175,0.9719,2.40,0.80
2007.04.05 14:02:30.796,0.97175,0.97205,2.40,15.90
2007.04.05 14:02:31.288,0.97165,0.9719,2.40,3.20
2007.04.05 14:02:31.529,0.9717,0.9719,0.80,3.20
2007.04.05 14:02:31.746,0.9717,0.9719,0.80,0.80
2007.04.05 14:02:32.967,0.9717,0.97195,0.80,8.00
2007.04.05 14:02:33.995,0.9717,0.97195,0.80,15.90
2007.04.05 14:02:34.044,0.9717,0.972,0.80,23.10
2007.04.05 14:02:34.422,0.9717,0.972,3.20,19.10
2007.04.05 14:02:35.474,0.9717,0.97195,3.20,8.70
2007.04.05 14:02:35.839,0.9717,0.97185,2.40,8.70
2007.04.05 14:02:37.831,0.97165,0.97185,2.40,8.70
2007.04.05 14:02:38.902,0.9716,0.9718,3.20,0.80
2007.04.05 14:02:40.829,0.97155,0.97175,2.40,0.80
2007.04.05 14:02:41.968,0.9715,0.9718,5.60,27.90
2007.04.05 14:02:43.204,0.9715,0.9718,5.60,0.90
2007.04.05 14:02:44.500,0.9716,0.9718,0.80,0.90
2007.04.05 14:02:45.194,0.9716,0.9718,0.80,0.80
2007.04.05 14:02:45.925,0.97155,0.97175,2.40,0.60
2007.04.05 14:02:47.567,0.9715,0.9718,5.60,16.70
2007.04.05 14:02:47.906,0.9715,0.97175,7.30,8.70
2007.04.05 14:02:48.272,0.9715,0.9718,3.20,16.70
2007.04.05 14:02:48.537,0.9715,0.9718,3.20,16.70
2007.04.05 14:02:49.121,0.9715,0.97175,5.60,0.80
2007.04.05 14:02:49.484,0.9716,0.9718,0.80,0.50
2007.04.05 14:02:50.142,0.9716,0.97185,0.80,20.70
2007.04.05 14:02:52.041,0.9716,0.97185,3.20,20.70
2007.04.05 14:02:52.628,0.9716,0.9718,2.40,0.80
2007.04.05 14:02:52.959,0.9716,0.9717,2.40,0.80
2007.04.05 14:02:53.170,0.97155,0.97175,2.40,8.70
2007.04.05 14:02:53.982,0.9715,0.97175,4.90,16.70
2007.04.05 14:02:56.892,0.9716,0.9718,0.80,8.80
2007.04.05 14:02:57.164,0.97145,0.9718,31.10,8.80
2007.04.05 14:02:57.573,0.9716,0.97185,3.20,19.10
2007.04.05 14:02:59.034,0.9716,0.97175,3.20,0.80
2007.04.05 14:03:01.180,0.9716,0.97185,3.20,0.60
2007.04.05 14:03:02.045,0.9717,0.97185,0.80,0.50
2007.04.05 14:03:02.291,0.97155,0.97185,4.00,0.50
2007.04.05 14:03:03.420,0.9717,0.9719,3.20,11.10
2007.04.05 14:03:03.663,0.9717,0.97185,3.20,0.60
2007.04.05 14:03:04.064,0.9717,0.972,3.20,19.10
2007.04.05 14:03:04.653,0.9717,0.972,7.20,16.70
2007.04.05 14:03:05.593,0.9717,0.97185,7.20,7.90
2007.04.05 14:03:05.905,0.9717,0.97185,4.00,7.90
2007.04.05 14:03:06.722,0.97165,0.97185,4.00,7.90
2007.04.05 14:03:07.008,0.9716,0.97185,4.80,7.90
2007.04.05 14:03:08.632,0.9716,0.9718,6.50,0.80
2007.04.05 14:03:09.095,0.9716,0.9718,0.80,0.80
2007.04.05 14:03:10.235,0.9716,0.9718,0.80,3.20
2007.04.05 14:03:10.487,0.9716,0.9718,0.80,2.40
2007.04.05 14:03:10.729,0.9716,0.97185,0.80,15.90
2007.04.05 14:03:11.012,0.9716,0.9718,0.80,0.80
2007.04.05 14:03:11.882,0.9716,0.9718,0.80,2.40
2007.04.05 14:03:12.120,0.9716,0.97185,0.80,27.10
2007.04.05 14:03:12.983,0.97155,0.97175,2.40,19.10
2007.04.05 14:03:13.387,0.97155,0.9718,2.40,0.80
2007.04.05 14:03:16.238,0.9715,0.9718,3.20,12.90
2007.04.05 14:03:16.456,0.9715,0.9717,3.20,0.80
2007.04.05 14:03:18.702,0.9715,0.9718,5.60,8.80
2007.04.05 14:03:19.051,0.97155,0.9718,2.40,0.80
2007.04.05 14:03:21.856,0.9716,0.9718,3.20,0.80
2007.04.05 14:03:24.857,0.9716,0.9718,2.40,0.80
2007.04.05 14:03:25.072,0.97155,0.9718,2.40,0.80
2007.04.05 14:03:30.419,0.97155,0.97175,2.40,19.10
2007.04.05 14:03:30.660,0.9715,0.97175,2.40,19.10
2007.04.05 14:03:30.981,0.97145,0.97175,10.40,19.10
2007.04.05 14:03:31.242,0.97145,0.97175,10.40,27.10
2007.04.05 14:03:32.435,0.97145,0.9717,2.40,0.80
2007.04.05 14:03:32.724,0.9714,0.9717,5.60,8.80
2007.04.05 14:03:35.732,0.9714,0.9717,1.00,8.80
2007.04.05 14:03:38.030,0.97135,0.9717,21.50,8.00
2007.04.05 14:03:38.517,0.97145,0.9717,19.90,8.00
2007.04.05 14:03:38.769,0.9715,0.9717,1.60,8.00
2007.04.05 14:03:39.021,0.9715,0.9718,0.60,8.80
2007.04.05 14:03:40.391,0.97145,0.9717,30.30,3.20
2007.04.05 14:03:41.421,0.97145,0.9717,10.40,3.20
2007.04.05 14:03:41.719,0.97145,0.9717,1.30,3.20
2007.04.05 14:03:42.162,0.9715,0.9717,0.80,3.20
2007.04.05 14:03:44.929,0.97145,0.9716,1.30,0.80
2007.04.05 14:03:46.126,0.97135,0.9716,30.30,0.80
2007.04.05 14:03:48.509,0.9715,0.97165,0.80,8.00
2007.04.05 14:03:49.062,0.9715,0.97165,1.30,8.00
2007.04.05 14:03:50.140,0.97145,0.9718,13.50,2.50
2007.04.05 14:03:50.395,0.9715,0.9718,3.20,10.50
2007.04.05 14:03:52.513,0.97145,0.9717,32.70,0.80
2007.04.05 14:04:06.976,0.9715,0.9718,5.60,10.50
2007.04.05 14:04:06.993,0.9715,0.9718,5.60,0.50
2007.04.05 14:04:07.533,0.97155,0.97185,2.40,18.40
2007.04.05 14:04:09.447,0.9715,0.9718,4.80,27.90
2007.04.05 14:04:09.964,0.9715,0.97175,4.80,0.60
2007.04.05 14:04:10.251,0.97145,0.97175,2.40,0.80
2007.04.05 14:04:11.005,0.9714,0.9717,5.60,0.50
2007.04.05 14:04:11.381,0.9715,0.9717,0.80,0.60
2007.04.05 14:04:11.623,0.9715,0.97175,0.80,14.50
2007.04.05 14:04:11.912,0.97145,0.97175,21.50,9.70
2007.04.05 14:04:12.131,0.9712,0.9715,0.80,7.20
2007.04.05 14:04:12.719,0.9712,0.9715,0.80,15.20
2007.04.05 14:04:21.734,0.9712,0.9714,0.80,0.80
2007.04.05 14:04:22.100,0.9711,0.9712,2.40,2.40
2007.04.05 14:04:23.035,0.9711,0.97125,2.40,11.10
2007.04.05 14:04:23.245,0.9711,0.97135,2.40,12.70
2007.04.05 14:04:23.901,0.9712,0.97135,2.40,8.70
2007.04.05 14:04:24.493,0.9712,0.97125,2.40,0.80
2007.04.05 14:04:24.698,0.9712,0.97125,4.00,0.80
2007.04.05 14:04:24.936,0.971,0.97125,4.00,0.60
2007.04.05 14:04:25.630,0.971,0.97125,4.00,8.70
2007.04.05 14:04:26.402,0.971,0.97125,4.00,11.10
2007.04.05 14:04:27.120,0.97095,0.97125,4.00,19.10
2007.04.05 14:04:27.608,0.97095,0.97125,4.00,29.50
2007.04.05 14:04:27.995,0.97095,0.97125,4.00,19.10
2007.04.05 14:04:28.234,0.97095,0.97125,4.00,16.70
2007.04.05 14:04:28.445,0.971,0.97125,0.80,10.40
2007.04.05 14:04:28.891,0.971,0.97125,4.80,10.40
2007.04.05 14:04:29.143,0.971,0.97135,4.80,25.50
2007.04.05 14:04:31.910,0.97105,0.9714,4.00,36.70
2007.04.05 14:04:33.982,0.97105,0.97135,4.00,16.70
2007.04.05 14:04:35.479,0.97105,0.9713,4.00,3.20
2007.04.05 14:04:36.844,0.97105,0.9713,4.00,11.20
2007.04.05 14:04:36.929,0.97095,0.9712,23.10,11.20
2007.04.05 14:04:37.207,0.971,0.9712,0.80,8.80
2007.04.05 14:04:37.458,0.971,0.9711,4.00,3.20
2007.04.05 14:04:37.756,0.9709,0.9711,6.50,3.20
2007.04.05 14:04:38.475,0.97085,0.9711,12.00,3.20
2007.04.05 14:04:39.151,0.97085,0.97115,12.00,27.10
2007.04.05 14:04:39.977,0.97085,0.9711,12.00,0.80
2007.04.05 14:04:40.232,0.9708,0.97105,4.80,8.00
2007.04.05 14:04:40.845,0.9709,0.97105,0.80,8.00
2007.04.05 14:04:41.218,0.9709,0.9711,3.20,0.80
2007.04.05 14:04:41.765,0.9709,0.97115,2.40,8.00
2007.04.05 14:04:43.096,0.9709,0.9711,2.40,8.00
2007.04.05 14:04:43.414,0.9709,0.9711,3.20,8.00
2007.04.05 14:04:43.782,0.9709,0.9711,5.60,8.00
2007.04.05 14:04:44.219,0.971,0.9712,0.80,8.00
2007.04.05 14:04:44.625,0.971,0.9712,0.80,10.50
2007.04.05 14:04:45.246,0.971,0.9712,0.80,14.50
2007.04.05 14:04:45.520,0.971,0.97115,0.80,8.00
2007.04.05 14:04:46.247,0.971,0.9712,0.80,0.80
2007.04.05 14:04:47.417,0.97095,0.97125,2.40,15.90
2007.04.05 14:04:47.847,0.971,0.9712,0.80,3.20
2007.04.05 14:04:48.134,0.971,0.9712,3.20,3.20
2007.04.05 14:04:48.347,0.971,0.9712,0.80,0.80
2007.04.05 14:04:49.128,0.971,0.9712,3.20,0.80
2007.04.05 14:04:51.990,0.971,0.9712,0.80,0.80
2007.04.05 14:04:54.933,0.971,0.97125,0.80,16.70
2007.04.05 14:04:55.112,0.971,0.97125,0.80,0.70
2007.04.05 14:04:55.771,0.971,0.9713,3.20,10.40
2007.04.05 14:04:56.044,0.971,0.97135,3.20,33.50
2007.04.05 14:04:57.549,0.9711,0.97135,0.80,14.40
2007.04.05 14:05:00.718,0.9711,0.97135,3.20,0.80
2007.04.05 14:05:00.948,0.9711,0.97135,7.20,0.50
2007.04.05 14:05:01.968,0.9712,0.9714,0.80,10.50
2007.04.05 14:05:02.276,0.9712,0.9714,0.80,0.90
2007.04.05 14:05:06.660,0.9712,0.9714,0.80,0.50
2007.04.05 14:05:08.663,0.9713,0.9714,2.40,0.50
2007.04.05 14:05:08.867,0.97125,0.9714,19.10,0.70
2007.04.05 14:05:09.073,0.97115,0.9714,4.00,0.80
2007.04.05 14:05:09.337,0.9712,0.97145,0.80,16.70
2007.04.05 14:05:09.713,0.97125,0.97145,4.00,8.70
2007.04.05 14:05:11.403,0.9713,0.9715,0.80,0.50
2007.04.05 14:05:11.694,0.9713,0.9715,0.80,0.90
2007.04.05 14:05:27.603,0.9713,0.9715,0.80,4.90
2007.04.05 14:05:28.529,0.9713,0.9715,0.80,2.40
2007.04.05 14:05:29.288,0.9713,0.9715,3.20,2.40
2007.04.05 14:05:30.268,0.9713,0.9715,4.80,2.40
2007.04.05 14:05:35.662,0.9713,0.9714,4.00,0.80
2007.04.05 14:05:37.340,0.9712,0.9714,0.80,0.80
2007.04.05 14:05:39.161,0.97115,0.97135,4.00,19.10
2007.04.05 14:05:39.372,0.9712,0.97135,4.00,19.10
2007.04.05 14:05:39.936,0.97115,0.9714,4.00,3.20
2007.04.05 14:05:41.715,0.9712,0.9714,4.00,3.20
2007.04.05 14:05:43.324,0.97115,0.9714,4.00,3.20
2007.04.05 14:05:44.299,0.9712,0.9714,4.80,0.80
2007.04.05 14:05:44.557,0.9712,0.9714,12.80,0.80
2007.04.05 14:05:45.586,0.9712,0.9714,11.20,0.80
2007.04.05 14:05:49.950,0.9712,0.9714,8.00,3.20
2007.04.05 14:05:50.188,0.97115,0.9714,2.40,3.20
2007.04.05 14:05:51.491,0.97125,0.9714,2.40,3.20
2007.04.05 14:05:51.705,0.97125,0.97155,2.40,19.90
2007.04.05 14:05:52.011,0.97125,0.9715,2.40,0.80
2007.04.05 14:05:52.613,0.9713,0.9715,0.80,0.80
2007.04.05 14:05:52.816,0.9713,0.9715,3.20,0.80
2007.04.05 14:05:53.459,0.97125,0.9715,2.40,0.80
2007.04.05 14:05:53.760,0.97125,0.9715,2.40,11.20
2007.04.05 14:05:53.776,0.97125,0.9715,0.60,11.20
2007.04.05 14:05:54.398,0.97125,0.9714,1.20,0.80
2007.04.05 14:05:54.690,0.97115,0.9714,12.90,0.80
2007.04.05 14:05:55.034,0.97115,0.9715,32.00,10.40
2007.04.05 14:05:56.353,0.9713,0.9715,0.80,2.40
2007.04.05 14:05:57.976,0.97125,0.9715,10.40,3.20
2007.04.05 14:05:58.828,0.9712,0.9715,11.20,3.20
2007.04.05 14:06:00.390,0.97125,0.9715,3.20,3.20
2007.04.05 14:06:00.822,0.97125,0.9715,3.20,0.80
2007.04.05 14:06:02.833,0.97125,0.9715,10.40,0.80
2007.04.05 14:06:03.129,0.97115,0.9715,34.30,8.80
2007.04.05 14:06:04.950,0.97125,0.9715,19.90,8.00
2007.04.05 14:06:05.470,0.9712,0.9715,1.30,8.00
2007.04.05 14:06:06.134,0.9712,0.9715,0.70,8.80
2007.04.05 14:06:06.358,0.97115,0.9714,12.80,0.80
2007.04.05 14:06:06.584,0.97115,0.9714,12.80,3.20
2007.04.05 14:06:07.937,0.9712,0.9714,6.50,2.40
2007.04.05 14:06:08.152,0.9713,0.9715,0.80,8.80
2007.04.05 14:06:08.457,0.9712,0.9715,4.90,11.20
2007.04.05 14:06:08.753,0.9713,0.97145,0.80,8.00
2007.04.05 14:06:08.984,0.97125,0.9715,4.80,0.80
2007.04.05 14:06:11.421,0.9712,0.9715,15.20,0.80
2007.04.05 14:06:11.675,0.9713,0.9715,0.80,0.80
2007.04.05 14:06:13.715,0.97125,0.9715,1.40,0.80
2007.04.05 14:06:14.055,0.97115,0.9715,34.30,8.80
2007.04.05 14:06:14.878,0.97115,0.97145,34.30,8.00
2007.04.05 14:06:15.125,0.97115,0.97145,34.30,8.00
2007.04.05 14:06:15.739,0.9712,0.9715,7.20,8.80
2007.04.05 14:06:17.009,0.9712,0.9715,15.20,0.80
2007.04.05 14:06:17.485,0.9712,0.97155,37.60,8.00
2007.04.05 14:06:18.535,0.9713,0.97155,0.80,8.00
2007.04.05 14:06:18.857,0.9713,0.9715,1.20,0.80
2007.04.05 14:06:19.433,0.9713,0.97155,1.50,8.00
2007.04.05 14:06:20.772,0.97125,0.97155,31.90,8.00
2007.04.05 14:06:21.367,0.97125,0.97155,2.70,8.00
2007.04.05 14:06:22.049,0.97125,0.97155,31.90,8.00
2007.04.05 14:06:23.490,0.9713,0.97155,2.10,8.00
2007.04.05 14:06:23.830,0.97125,0.97155,12.00,27.10
2007.04.05 14:06:25.838,0.9712,0.9714,15.20,0.80
2007.04.05 14:06:26.041,0.9712,0.9714,12.80,3.20
2007.04.05 14:06:26.415,0.9712,0.9715,15.20,8.00
2007.04.05 14:06:26.985,0.9712,0.9715,3.50,8.00
2007.04.05 14:06:27.833,0.97125,0.9715,19.90,8.00
2007.04.05 14:06:28.960,0.97125,0.97155,23.90,8.00
2007.04.05 14:06:32.023,0.97125,0.9715,12.80,0.80
2007.04.05 14:06:35.130,0.97125,0.97155,23.90,8.00
2007.04.05 14:06:35.371,0.9712,0.9715,15.20,0.80
2007.04.05 14:06:35.634,0.97125,0.9715,4.80,0.80
2007.04.05 14:06:41.916,0.97125,0.9715,7.20,0.80
2007.04.05 14:06:48.319,0.9712,0.97155,13.60,15.90
2007.04.05 14:06:48.571,0.9712,0.9714,1.20,0.80
2007.04.05 14:06:48.864,0.97115,0.9715,32.70,8.80
2007.04.05 14:06:50.249,0.97125,0.9715,3.20,2.50
2007.04.05 14:06:51.424,0.9712,0.9715,13.60,0.80
2007.04.05 14:06:51.663,0.9712,0.9715,3.20,8.80
2007.04.05 14:06:54.388,0.97115,0.9714,32.70,0.80
2007.04.05 14:06:55.003,0.97115,0.9715,32.70,8.80
2007.04.05 14:06:55.361,0.9712,0.9714,2.70,0.80
2007.04.05 14:06:55.596,0.97115,0.9714,30.30,0.80
2007.04.05 14:06:55.874,0.9712,0.9715,0.80,12.90
2007.04.05 14:06:56.134,0.97115,0.9715,30.30,11.20
2007.04.05 14:06:56.415,0.9712,0.9715,1.10,8.80
2007.04.05 14:06:56.953,0.97115,0.97145,13.60,19.10
2007.04.05 14:06:57.187,0.9712,0.97145,1.30,19.10
2007.04.05 14:06:57.466,0.9712,0.9714,0.80,0.80
2007.04.05 14:06:57.882,0.9711,0.9714,15.30,0.80
2007.04.05 14:06:58.169,0.9711,0.9714,12.90,3.20
2007.04.05 14:06:58.384,0.9712,0.9714,0.80,4.90
2007.04.05 14:06:58.630,0.9712,0.9714,0.80,2.40
2007.04.05 14:06:59.089,0.9711,0.97145,31.90,8.00
2007.04.05 14:06:59.500,0.9713,0.97145,0.80,12.00
2007.04.05 14:06:59.826,0.9712,0.97145,11.20,4.00
2007.04.05 14:07:00.063,0.9712,0.9715,13.60,10.50
2007.04.05 14:07:01.387,0.9713,0.9715,0.80,8.00
2007.04.05 14:07:01.863,0.9712,0.9715,17.60,8.00
2007.04.05 14:07:02.157,0.97115,0.9715,25.50,8.00
2007.04.05 14:07:02.590,0.97125,0.9715,0.50,8.00
2007.04.05 14:07:03.042,0.9713,0.9716,10.40,12.90
2007.04.05 14:07:03.290,0.97125,0.97155,6.30,8.00
2007.04.05 14:07:04.437,0.97125,0.97155,1.10,27.10
2007.04.05 14:07:04.712,0.9712,0.9715,11.20,2.40
2007.04.05 14:07:05.042,0.9712,0.9715,30.30,2.40
2007.04.05 14:07:05.468,0.97125,0.97155,4.00,8.00
2007.04.05 14:07:05.731,0.9712,0.97155,12.80,27.10
2007.04.05 14:07:06.138,0.9712,0.9715,10.40,2.40
2007.04.05 14:07:08.319,0.9712,0.9715,3.30,2.40
2007.04.05 14:07:08.611,0.97115,0.9715,10.40,10.40
2007.04.05 14:07:09.075,0.9712,0.9715,22.30,10.40
2007.04.05 14:07:09.296,0.9712,0.9715,24.70,8.00
2007.04.05 14:07:11.021,0.97125,0.97155,21.50,8.00
2007.04.05 14:07:13.874,0.9713,0.97155,0.80,8.00
2007.04.05 14:07:14.241,0.9713,0.97155,3.20,8.00
2007.04.05 14:07:14.986,0.9714,0.97155,0.80,8.00
2007.04.05 14:07:15.875,0.97135,0.9716,23.20,8.00
2007.04.05 14:07:17.340,0.97135,0.9716,2.40,10.40
2007.04.05 14:07:17.488,0.97135,0.9716,1.00,10.40
2007.04.05 14:07:17.768,0.9714,0.97165,0.80,8.00
2007.04.05 14:07:18.378,0.97135,0.97165,1.00,8.00
2007.04.05 14:07:19.301,0.97135,0.97165,22.30,8.00
2007.04.05 14:07:19.802,0.9713,0.97165,13.60,8.00
2007.04.05 14:07:21.320,0.97125,0.9716,32.70,8.80
2007.04.05 14:07:21.795,0.9713,0.9716,0.50,15.20
2007.04.05 14:07:22.261,0.9713,0.97155,0.80,27.10
2007.04.05 14:07:22.515,0.97125,0.97155,0.50,27.10
2007.04.05 14:07:23.449,0.9713,0.97155,0.80,27.10
2007.04.05 14:07:24.505,0.97125,0.9715,0.90,2.40
2007.04.05 14:07:24.910,0.97145,0.9715,8.70,2.40
2007.04.05 14:07:25.154,0.9715,0.97155,1.80,8.00
2007.04.05 14:07:25.570,0.9715,0.9717,1.10,2.50
2007.04.05 14:07:25.775,0.97145,0.9717,22.30,4.90
2007.04.05 14:07:26.021,0.9714,0.9717,11.20,2.40
2007.04.05 14:07:27.380,0.97135,0.9717,30.30,10.40
2007.04.05 14:07:28.949,0.9715,0.9717,0.80,2.40
2007.04.05 14:07:29.234,0.9715,0.97175,1.40,8.00
2007.04.05 14:07:29.603,0.97145,0.9718,21.50,10.50
2007.04.05 14:07:29.846,0.9715,0.9717,2.00,0.80
2007.04.05 14:07:35.164,0.97145,0.97175,24.70,8.00
2007.04.05 14:07:37.986,0.97155,0.97175,19.90,8.00
2007.04.05 14:07:39.868,0.97155,0.9718,19.90,2.50
2007.04.05 14:07:40.123,0.97155,0.97185,23.10,8.00
2007.04.05 14:07:40.913,0.97165,0.97185,19.90,8.00
2007.04.05 14:07:41.856,0.9716,0.97185,0.80,27.10
2007.04.05 14:07:43.210,0.97155,0.97185,11.20,19.10
2007.04.05 14:07:43.565,0.97155,0.9718,11.20,2.50
2007.04.05 14:07:44.686,0.9716,0.9718,0.80,2.50
2007.04.05 14:07:47.036,0.9716,0.9718,0.80,4.90
2007.04.05 14:07:47.343,0.9716,0.9718,0.80,12.90
2007.04.05 14:07:51.450,0.9716,0.9718,0.80,11.20
2007.04.05 14:07:51.684,0.9716,0.9718,0.80,8.80
2007.04.05 14:07:53.451,0.9716,0.9718,0.80,0.80
2007.04.05 14:07:54.556,0.9716,0.9718,0.80,8.80
2007.04.05 14:07:56.481,0.9716,0.9718,0.80,8.00
2007.04.05 14:07:58.587,0.9716,0.97185,0.80,31.10
2007.04.05 14:07:59.076,0.9716,0.9718,0.80,0.80
2007.04.05 14:08:02.889,0.9716,0.97185,0.80,27.90
2007.04.05 14:08:15.419,0.97155,0.9718,2.40,0.80
2007.04.05 14:08:15.829,0.97155,0.9718,2.40,0.70
2007.04.05 14:08:16.133,0.9715,0.9718,3.20,0.60
2007.04.05 14:08:17.731,0.9715,0.97185,4.80,32.70
2007.04.05 14:08:20.520,0.9715,0.97185,4.80,31.90
2007.04.05 14:08:20.995,0.9715,0.97185,11.20,29.50
2007.04.05 14:08:22.563,0.97155,0.97185,4.00,0.50
2007.04.05 14:08:25.597,0.9716,0.9719,0.80,13.60
2007.04.05 14:08:26.611,0.9716,0.9719,4.80,12.90
2007.04.05 14:08:33.686,0.9716,0.9719,4.80,12.90
2007.04.05 14:08:35.054,0.9716,0.97195,4.80,34.40
2007.04.05 14:08:45.431,0.9717,0.97195,0.80,13.60
2007.04.05 14:08:45.860,0.9717,0.9719,0.80,0.70
2007.04.05 14:08:46.077,0.97165,0.97195,4.00,30.30
2007.04.05 14:08:46.304,0.97165,0.9719,7.90,0.50
2007.04.05 14:08:46.560,0.9717,0.9719,0.80,0.60
2007.04.05 14:08:47.061,0.9717,0.97195,0.80,11.20
2007.04.05 14:08:53.541,0.9716,0.9719,11.20,11.20
2007.04.05 14:08:53.781,0.9716,0.97185,3.20,0.60
2007.04.05 14:08:54.266,0.9716,0.97195,7.20,30.30
2007.04.05 14:09:02.112,0.9716,0.9719,0.60,0.80
2007.04.05 14:09:14.827,0.97155,0.9719,23.10,8.00
2007.04.05 14:09:15.054,0.9717,0.97195,1.50,8.00
2007.04.05 14:09:20.602,0.97165,0.97195,13.50,8.00
2007.04.05 14:09:21.648,0.9717,0.97195,3.20,8.00
2007.04.05 14:09:23.831,0.9717,0.97195,1.90,8.00
2007.04.05 14:09:29.437,0.9717,0.97195,3.20,8.00
2007.04.05 14:09:30.034,0.9718,0.972,0.80,8.80
2007.04.05 14:09:32.929,0.9717,0.972,5.60,8.80
2007.04.05 14:09:33.261,0.9717,0.97195,3.20,8.00
2007.04.05 14:09:35.978,0.9717,0.9719,3.20,0.80
2007.04.05 14:09:36.277,0.9717,0.9719,0.80,0.80
2007.04.05 14:09:37.432,0.9717,0.9719,0.80,8.80
2007.04.05 14:09:53.568,0.9718,0.972,0.80,8.80
2007.04.05 14:09:57.854,0.9717,0.972,7.20,8.80
2007.04.05 14:09:58.204,0.9717,0.97195,3.20,8.00
2007.04.05 14:10:01.921,0.9717,0.9719,3.20,0.80
2007.04.05 14:10:02.711,0.9717,0.9719,2.40,8.80
2007.04.05 14:10:03.057,0.9716,0.9719,12.80,11.20
2007.04.05 14:10:04.501,0.9716,0.9719,4.80,11.20
2007.04.05 14:10:08.963,0.9716,0.9718,4.00,0.80
2007.04.05 14:10:09.293,0.9715,0.9718,11.20,8.80
2007.04.05 14:10:09.661,0.9715,0.9718,7.20,8.80
2007.04.05 14:10:11.171,0.9715,0.9718,11.20,8.80
2007.04.05 14:10:11.531,0.9715,0.9718,11.20,8.00
2007.04.05 14:10:12.118,0.97155,0.97185,4.00,27.10
2007.04.05 14:10:13.631,0.9716,0.97185,4.80,8.00
2007.04.05 14:10:13.908,0.9716,0.9719,4.80,11.20
2007.04.05 14:10:20.833,0.9717,0.9719,0.80,11.20
2007.04.05 14:10:21.094,0.9717,0.9719,0.80,3.20
2007.04.05 14:10:27.471,0.97165,0.9719,11.90,2.40
2007.04.05 14:10:27.708,0.9718,0.972,0.80,11.20
2007.04.05 14:10:30.056,0.9718,0.972,0.80,3.20
2007.04.05 14:10:37.714,0.9718,0.97205,0.80,32.70
2007.04.05 14:10:40.235,0.9718,0.972,0.80,0.60
2007.04.05 14:10:42.902,0.9717,0.972,4.80,0.50
2007.04.05 14:10:43.107,0.9717,0.97195,4.80,10.40
2007.04.05 14:10:46.927,0.9717,0.9719,4.80,0.90
2007.04.05 14:10:47.937,0.9717,0.97195,0.80,11.20
2007.04.05 14:11:13.969,0.9717,0.9719,0.80,2.40
2007.04.05 14:11:16.103,0.9717,0.9719,3.20,2.40
2007.04.05 14:11:16.557,0.9718,0.972,0.80,11.20
2007.04.05 14:11:17.179,0.9718,0.972,0.80,3.20
2007.04.05 14:11:17.746,0.9718,0.972,0.80,11.20
2007.04.05 14:11:18.200,0.9718,0.972,0.80,3.20
2007.04.05 14:11:29.221,0.9718,0.972,0.80,4.90
2007.04.05 14:11:29.475,0.97175,0.972,2.40,4.90
2007.04.05 14:11:29.709,0.97175,0.9719,2.40,2.40
2007.04.05 14:11:30.005,0.9717,0.9719,3.20,2.40
2007.04.05 14:11:30.590,0.9717,0.9719,4.80,2.40
2007.04.05 14:11:43.362,0.9717,0.97195,7.20,8.00
2007.04.05 14:11:43.822,0.9717,0.972,7.20,8.00
2007.04.05 14:11:44.066,0.97175,0.972,4.00,8.00
2007.04.05 14:11:44.317,0.97175,0.97205,4.00,27.10
2007.04.05 14:11:45.572,0.9717,0.972,4.80,11.20
2007.04.05 14:11:57.515,0.9717,0.972,4.80,10.40
2007.04.05 14:11:57.840,0.9717,0.972,7.20,8.00
2007.04.05 14:11:58.363,0.97175,0.97205,4.00,27.10
2007.04.05 14:11:59.184,0.97175,0.972,4.00,8.00
2007.04.05 14:12:01.146,0.9717,0.972,7.20,8.00
2007.04.05 14:12:02.790,0.97175,0.972,7.90,8.00
2007.04.05 14:12:02.997,0.9718,0.972,0.80,8.00
2007.04.05 14:12:03.286,0.9718,0.97205,0.80,8.00
2007.04.05 14:12:08.419,0.9717,0.97205,13.60,27.10
2007.04.05 14:12:08.665,0.9717,0.972,5.60,8.00
2007.04.05 14:12:09.400,0.9718,0.972,0.80,8.00
2007.04.05 14:12:09.901,0.9718,0.97205,0.80,8.00
2007.04.05 14:12:13.458,0.97175,0.972,2.40,0.80
2007.04.05 14:12:13.894,0.9717,0.97195,5.60,8.00
2007.04.05 14:12:16.468,0.9717,0.972,5.60,8.00
2007.04.05 14:12:17.406,0.9717,0.972,5.60,8.80
2007.04.05 14:12:17.771,0.9717,0.972,3.20,11.20
2007.04.05 14:12:18.110,0.9717,0.97195,3.20,8.00
2007.04.05 14:12:18.386,0.9718,0.97195,0.80,8.00
2007.04.05 14:12:19.651,0.9718,0.972,0.80,8.80
2007.04.05 14:12:22.695,0.9718,0.97205,0.80,31.90
2007.04.05 14:12:43.968,0.9718,0.972,0.80,8.00
2007.04.05 14:12:44.362,0.9718,0.972,3.20,8.00
2007.04.05 14:12:44.873,0.9718,0.972,0.80,8.00
2007.04.05 14:12:45.846,0.9718,0.97205,2.40,19.10
2007.04.05 14:12:46.964,0.9718,0.9721,3.20,12.90
2007.04.05 14:12:48.836,0.9718,0.972,0.80,0.80
2007.04.05 14:12:51.451,0.9718,0.972,0.80,8.80
2007.04.05 14:12:54.016,0.9717,0.97195,5.60,8.00
2007.04.05 14:12:55.900,0.9718,0.9721,0.80,7.20
2007.04.05 14:12:56.271,0.9718,0.97205,0.80,8.00
2007.04.05 14:12:58.289,0.9718,0.97205,3.20,8.00
2007.04.05 14:12:58.653,0.9718,0.97205,5.60,8.00
2007.04.05 14:12:58.902,0.9718,0.97205,3.20,8.00
2007.04.05 14:13:03.801,0.9719,0.97205,0.80,8.00
2007.04.05 14:13:04.391,0.9719,0.97205,2.40,8.00
2007.04.05 14:13:04.711,0.9718,0.97205,0.80,8.00
2007.04.05 14:13:06.921,0.9718,0.97205,0.80,0.70
2007.04.05 14:13:14.369,0.97175,0.97205,14.30,0.60
2007.04.05 14:13:14.956,0.9719,0.97215,0.80,37.60
2007.04.05 14:13:15.542,0.9719,0.9721,0.80,0.70
2007.04.05 14:13:16.129,0.9719,0.9721,0.80,0.60
2007.04.05 14:13:17.985,0.9719,0.9721,0.80,0.80
2007.04.05 14:13:18.221,0.9718,0.9721,5.60,0.80
2007.04.05 14:13:18.542,0.9718,0.97215,7.20,34.30
2007.04.05 14:13:18.827,0.9718,0.97215,4.80,34.30
2007.04.05 14:13:19.488,0.9718,0.972,4.80,0.80
2007.04.05 14:13:19.830,0.9718,0.97205,4.80,0.90
2007.04.05 14:13:20.369,0.9718,0.97205,0.80,0.90
2007.04.05 14:13:20.910,0.97175,0.9721,15.90,12.80
2007.04.05 14:13:22.555,0.97175,0.9721,23.90,0.80
2007.04.05 14:13:24.371,0.9718,0.9721,4.80,0.80
2007.04.05 14:13:24.749,0.9718,0.97205,4.80,0.80
2007.04.05 14:13:25.412,0.9718,0.9721,0.80,16.80
2007.04.05 14:13:33.579,0.9718,0.97205,4.80,0.90
2007.04.05 14:13:36.005,0.9718,0.9721,4.80,16.80
2007.04.05 14:13:45.088,0.9718,0.97205,0.80,0.80
2007.04.05 14:13:51.065,0.9718,0.972,0.80,0.90
2007.04.05 14:13:55.089,0.9718,0.97205,0.80,12.80
2007.04.05 14:13:56.990,0.9717,0.972,5.60,29.60
2007.04.05 14:13:57.320,0.97165,0.9719,2.40,0.70
2007.04.05 14:13:57.870,0.9716,0.97195,11.20,29.50
2007.04.05 14:14:00.003,0.9717,0.97195,0.80,33.50
2007.04.05 14:14:00.428,0.97165,0.97195,25.50,10.40
2007.04.05 14:14:03.820,0.9718,0.97195,0.80,0.80
2007.04.05 14:14:04.071,0.9717,0.972,5.60,8.80
2007.04.05 14:14:04.336,0.9717,0.972,5.60,0.90
2007.04.05 14:14:05.585,0.9718,0.97205,0.80,24.70
2007.04.05 14:14:06.372,0.9718,0.97205,0.80,26.40
2007.04.05 14:14:06.874,0.9717,0.97205,5.60,26.40
2007.04.05 14:14:07.629,0.9717,0.972,5.60,0.60
2007.04.05 14:14:10.415,0.9717,0.97195,3.20,0.60
2007.04.05 14:14:11.751,0.9718,0.97195,0.80,0.60
2007.04.05 14:14:12.784,0.9718,0.9721,3.20,12.90
2007.04.05 14:14:18.385,0.9718,0.9721,0.80,12.90
2007.04.05 14:14:22.953,0.9718,0.9721,0.80,12.90
2007.04.05 14:14:26.125,0.9718,0.972,0.80,3.20
2007.04.05 14:14:36.182,0.9719,0.972,0.80,2.40
2007.04.05 14:14:36.672,0.9719,0.9721,0.80,0.80
2007.04.05 14:14:46.665,0.9719,0.9721,0.80,8.80
2007.04.05 14:14:48.663,0.9719,0.9721,0.80,0.80
2007.04.05 14:14:50.895,0.9719,0.9721,3.20,0.80
2007.04.05 14:15:00.283,0.9719,0.9721,0.80,0.80
2007.04.05 14:15:03.832,0.97185,0.9721,12.00,0.80
2007.04.05 14:15:04.779,0.9719,0.9721,0.80,0.80
2007.04.05 14:15:09.812,0.9719,0.9721,0.80,8.80
2007.04.05 14:15:11.930,0.9719,0.97225,0.80,14.30
2007.04.05 14:15:12.729,0.9719,0.9721,0.80,8.80
2007.04.05 14:15:13.229,0.9719,0.9721,0.80,11.20
2007.04.05 14:15:14.144,0.9719,0.9721,0.80,8.80
2007.04.05 14:15:15.575,0.9719,0.9721,0.80,0.80
2007.04.05 14:15:17.918,0.97185,0.97205,2.40,11.90
2007.04.05 14:15:18.454,0.9718,0.97205,0.80,19.90
2007.04.05 14:15:18.883,0.97175,0.97205,25.50,8.00
2007.04.05 14:15:19.906,0.97175,0.972,25.50,0.80
2007.04.05 14:15:20.127,0.97175,0.97195,2.40,7.90
2007.04.05 14:15:20.351,0.9718,0.97195,0.80,7.90
2007.04.05 14:15:20.624,0.9718,0.97195,0.80,8.00
2007.04.05 14:15:20.868,0.9717,0.97195,2.40,8.00
2007.04.05 14:15:21.464,0.9717,0.97195,3.20,8.00
2007.04.05 14:15:21.758,0.9717,0.97195,0.80,8.00
2007.04.05 14:15:23.187,0.9718,0.972,0.80,2.40
2007.04.05 14:15:23.409,0.9718,0.97205,0.80,8.00
2007.04.05 14:15:23.861,0.9718,0.972,0.80,0.80
2007.04.05 14:15:24.120,0.9718,0.972,0.80,3.20
2007.04.05 14:15:25.305,0.97175,0.972,22.30,3.20
2007.04.05 14:15:25.638,0.9718,0.972,0.80,11.20
2007.04.05 14:15:29.813,0.97175,0.972,23.10,8.00
2007.04.05 14:15:32.123,0.97195,0.9721,7.90,3.20
2007.04.05 14:15:34.068,0.9719,0.9721,0.80,3.20
2007.04.05 14:15:34.449,0.9718,0.97205,8.80,23.10
2007.04.05 14:15:34.710,0.9718,0.97205,0.80,31.10
2007.04.05 14:15:34.957,0.9718,0.972,0.80,2.40
2007.04.05 14:15:35.771,0.9718,0.97205,0.80,8.00
2007.04.05 14:15:37.129,0.9718,0.9721,3.20,11.20
2007.04.05 14:15:37.773,0.9718,0.97205,2.40,19.10
2007.04.05 14:15:38.936,0.97175,0.9721,19.90,15.20
2007.04.05 14:15:39.144,0.97175,0.972,11.90,10.40
2007.04.05 14:15:40.638,0.97175,0.972,14.30,2.40
2007.04.05 14:15:41.744,0.97175,0.972,22.30,2.40
2007.04.05 14:15:42.096,0.9718,0.972,3.20,2.40
2007.04.05 14:15:42.392,0.9718,0.972,2.40,2.40
2007.04.05 14:15:42.723,0.9718,0.97205,2.40,27.10
2007.04.05 14:15:44.648,0.97175,0.9719,8.00,2.40
2007.04.05 14:15:44.909,0.9717,0.9719,3.20,2.40
2007.04.05 14:15:46.142,0.9718,0.9719,0.80,2.40
2007.04.05 14:15:47.500,0.9718,0.972,0.80,8.00
2007.04.05 14:15:48.016,0.9718,0.97205,0.80,27.10
2007.04.05 14:15:48.919,0.9718,0.972,0.80,0.80
2007.04.05 14:15:49.769,0.9718,0.97205,0.80,27.10
2007.04.05 14:15:50.164,0.9718,0.97205,4.80,19.10
2007.04.05 14:15:50.359,0.9718,0.9721,4.80,30.30
2007.04.05 14:15:51.722,0.9718,0.97215,4.80,35.90
2007.04.05 14:15:52.594,0.9718,0.9721,4.80,30.30
2007.04.05 14:15:53.492,0.9718,0.97205,0.80,0.80
2007.04.05 14:15:53.923,0.9718,0.97205,0.80,0.50
2007.04.05 14:15:55.355,0.9718,0.97205,0.80,31.90
2007.04.05 14:15:55.736,0.9718,0.97205,0.80,34.30
2007.04.05 14:15:57.078,0.9718,0.97205,0.80,34.30
2007.04.05 14:16:00.439,0.97175,0.97205,19.10,14.40
2007.04.05 14:16:00.662,0.97175,0.972,23.10,0.70
2007.04.05 14:16:01.400,0.9718,0.97205,0.80,31.10
2007.04.05 14:16:01.637,0.9718,0.97205,0.80,0.90
2007.04.05 14:16:06.994,0.9718,0.9721,0.80,12.80
2007.04.05 14:16:08.874,0.9718,0.9721,3.20,10.40
2007.04.05 14:16:09.169,0.9718,0.97205,4.80,0.70
2007.04.05 14:16:09.388,0.9718,0.9721,4.80,0.70
2007.04.05 14:16:14.252,0.9718,0.97215,7.20,27.10
2007.04.05 14:16:14.774,0.97185,0.97215,4.00,0.50
2007.04.05 14:16:16.521,0.97185,0.9722,4.00,36.70
2007.04.05 14:16:16.881,0.97185,0.97215,4.00,33.50
2007.04.05 14:16:17.412,0.9718,0.9721,4.80,0.70
2007.04.05 14:16:20.949,0.9718,0.972,4.80,0.80
2007.04.05 14:16:22.230,0.97185,0.972,4.00,0.80
2007.04.05 14:16:22.820,0.9718,0.972,0.80,0.80
2007.04.05 14:16:26.523,0.9718,0.97205,3.20,15.90
2007.04.05 14:16:27.573,0.9718,0.97205,5.60,7.90
2007.04.05 14:16:33.387,0.97185,0.9721,2.40,8.00
2007.04.05 14:16:33.629,0.97185,0.97215,2.40,27.10
2007.04.05 14:16:40.892,0.97185,0.97205,2.40,19.10
2007.04.05 14:16:41.211,0.9718,0.97205,0.80,27.10
2007.04.05 14:16:43.663,0.9718,0.9721,0.80,33.50
2007.04.05 14:16:43.935,0.97175,0.9721,25.50,15.20
2007.04.05 14:16:44.345,0.9719,0.97205,0.80,0.60
2007.04.05 14:16:44.555,0.9719,0.97215,0.80,27.10
2007.04.05 14:16:45.071,0.97185,0.97215,25.50,10.40
2007.04.05 14:16:49.518,0.97185,0.9722,25.50,15.20
2007.04.05 14:16:51.117,0.9719,0.9721,0.80,0.80
2007.04.05 14:16:51.813,0.9719,0.97215,3.20,19.90
2007.04.05 14:16:54.240,0.972,0.97225,0.80,27.10
2007.04.05 14:16:54.583,0.9719,0.97215,3.20,19.90
2007.04.05 14:16:55.550,0.9719,0.9721,2.40,8.70
2007.04.05 14:16:57.103,0.9718,0.9721,11.20,19.10
2007.04.05 14:16:57.912,0.97185,0.9722,23.10,19.20
2007.04.05 14:16:58.323,0.972,0.97225,0.80,31.10
2007.04.05 14:16:58.698,0.972,0.9722,0.80,0.90
2007.04.05 14:16:59.132,0.972,0.9722,0.80,0.60
2007.04.05 14:17:00.397,0.97195,0.9722,21.50,0.90
2007.04.05 14:17:00.692,0.97195,0.9722,7.90,0.60
2007.04.05 14:17:01.434,0.97195,0.9721,7.90,0.80
2007.04.05 14:17:01.806,0.9719,0.9722,2.40,11.20
2007.04.05 14:17:02.037,0.9719,0.97205,2.40,0.50
2007.04.05 14:17:02.334,0.9718,0.9721,3.20,19.10
2007.04.05 14:17:06.008,0.9719,0.9721,0.80,0.80
2007.04.05 14:17:06.213,0.9719,0.97215,0.80,16.80
2007.04.05 14:17:14.681,0.9719,0.9721,0.80,0.80
2007.04.05 14:17:15.829,0.9719,0.97215,0.80,16.80
2007.04.05 14:17:16.480,0.9719,0.97215,0.80,0.60
2007.04.05 14:17:17.039,0.97185,0.9722,2.40,15.20
2007.04.05 14:17:22.601,0.9719,0.97225,3.20,27.10
2007.04.05 14:17:24.383,0.9719,0.9721,3.20,0.80
2007.04.05 14:17:24.632,0.9719,0.97215,0.80,31.90
2007.04.05 14:17:30.028,0.9719,0.9722,3.20,14.50
2007.04.05 14:17:30.986,0.9719,0.9722,2.40,14.50
2007.04.05 14:17:31.606,0.9719,0.9722,2.40,10.50
2007.04.05 14:17:32.826,0.9719,0.9722,2.40,14.50
2007.04.05 14:17:33.410,0.9719,0.9722,3.20,14.50
2007.04.05 14:17:34.245,0.9719,0.9722,3.20,10.50
2007.04.05 14:17:40.574,0.97185,0.9722,2.40,32.00
2007.04.05 14:17:41.597,0.97185,0.97215,2.40,27.10
2007.04.05 14:17:41.927,0.9718,0.97215,13.60,35.90
2007.04.05 14:17:42.146,0.9718,0.97215,3.20,38.30
2007.04.05 14:17:44.286,0.9718,0.97205,0.80,0.60
2007.04.05 14:17:45.107,0.97175,0.9719,2.40,0.80
2007.04.05 14:17:46.131,0.97175,0.972,2.40,3.20
2007.04.05 14:17:46.405,0.97175,0.9719,2.40,0.80
2007.04.05 14:17:46.876,0.97175,0.9719,2.40,2.40
2007.04.05 14:17:47.091,0.9717,0.9719,8.80,2.40
2007.04.05 14:17:47.366,0.9717,0.97195,3.20,8.00
2007.04.05 14:17:54.949,0.9718,0.97195,0.80,8.00
2007.04.05 14:17:56.796,0.9718,0.972,0.80,8.80
2007.04.05 14:18:03.125,0.97175,0.972,4.00,8.00
2007.04.05 14:18:03.343,0.9719,0.972,0.80,8.00
2007.04.05 14:18:03.756,0.9719,0.9721,0.80,0.80
2007.04.05 14:18:04.111,0.9719,0.97215,0.80,8.00
2007.04.05 14:18:06.555,0.9719,0.9722,3.20,12.90
2007.04.05 14:18:11.140,0.9719,0.9722,1.80,12.90
2007.04.05 14:18:11.443,0.972,0.9722,0.80,12.90
2007.04.05 14:18:14.764,0.9719,0.9722,11.20,11.20
2007.04.05 14:18:17.078,0.9719,0.9722,3.90,11.20
2007.04.05 14:18:17.364,0.9719,0.9722,19.10,10.40
2007.04.05 14:18:17.652,0.9719,0.9722,19.10,11.20
2007.04.05 14:18:17.858,0.9719,0.9722,13.60,0.80
2007.04.05 14:18:18.364,0.9719,0.97225,21.50,8.00
2007.04.05 14:18:18.625,0.97195,0.97225,26.30,8.00
2007.04.05 14:18:18.863,0.97195,0.97225,28.70,8.00
2007.04.05 14:18:19.849,0.97195,0.9722,26.30,8.00
2007.04.05 14:18:20.845,0.97195,0.9723,36.70,10.50
2007.04.05 14:18:21.620,0.972,0.9723,1.10,8.80
2007.04.05 14:18:21.827,0.97195,0.9723,18.30,11.20
2007.04.05 14:18:22.112,0.97195,0.9723,19.90,11.20
2007.04.05 14:18:23.044,0.9719,0.97225,23.10,8.00
2007.04.05 14:18:26.915,0.9719,0.9722,15.20,0.80
2007.04.05 14:18:27.126,0.97195,0.9722,1.60,3.20
2007.04.05 14:18:28.543,0.9719,0.9722,0.50,11.20
2007.04.05 14:18:31.525,0.9719,0.9722,4.80,11.20
2007.04.05 14:18:32.474,0.9719,0.9722,12.80,3.20
2007.04.05 14:18:33.744,0.97195,0.97205,1.80,7.90
2007.04.05 14:18:34.310,0.97185,0.97205,4.80,7.90
2007.04.05 14:18:34.860,0.97185,0.97205,1.40,7.90
2007.04.05 14:18:36.533,0.97175,0.97205,12.00,19.10
2007.04.05 14:18:37.125,0.9718,0.97205,1.90,27.10
2007.04.05 14:18:37.360,0.9717,0.97205,15.20,27.10
2007.04.05 14:18:39.696,0.9718,0.97205,2.40,8.00
2007.04.05 14:18:39.940,0.9718,0.9721,7.20,8.00
2007.04.05 14:18:40.184,0.9719,0.9721,2.40,8.00
2007.04.05 14:18:40.961,0.9719,0.972,2.40,0.80
2007.04.05 14:18:41.231,0.97185,0.972,4.00,0.80
2007.04.05 14:18:42.782,0.9718,0.972,0.80,8.80
2007.04.05 14:18:46.699,0.9717,0.9719,15.20,0.80
2007.04.05 14:18:46.948,0.9717,0.9719,12.80,3.20
2007.04.05 14:18:48.649,0.9716,0.9719,4.80,11.20
2007.04.05 14:18:50.165,0.9716,0.97185,0.80,8.00
2007.04.05 14:18:53.470,0.9716,0.9719,3.20,11.20
2007.04.05 14:18:54.810,0.9716,0.97185,0.80,8.00
2007.04.05 14:18:56.445,0.9716,0.97185,0.80,0.50
2007.04.05 14:18:58.821,0.97155,0.9719,25.50,15.20
2007.04.05 14:19:00.483,0.97155,0.9719,33.50,0.60
2007.04.05 14:19:00.957,0.9717,0.97195,0.80,27.10
2007.04.05 14:19:07.777,0.9716,0.97175,4.80,0.90
2007.04.05 14:19:09.094,0.9716,0.9717,4.80,0.70
2007.04.05 14:19:10.677,0.97145,0.9717,12.00,12.70
2007.04.05 14:19:12.389,0.97145,0.9716,12.00,0.60
2007.04.05 14:19:12.674,0.9714,0.97165,0.80,17.50
2007.04.05 14:19:17.723,0.97135,0.9715,4.00,0.80
2007.04.05 14:19:18.070,0.97135,0.97155,4.00,11.10
2007.04.05 14:19:18.586,0.9713,0.9715,0.80,0.60
2007.04.05 14:19:20.540,0.97125,0.97155,8.00,18.30
2007.04.05 14:19:20.918,0.97125,0.9715,27.10,0.90
2007.04.05 14:19:21.200,0.97125,0.9716,27.10,15.20
2007.04.05 14:19:21.522,0.9714,0.9716,0.80,0.70
2007.04.05 14:19:23.430,0.9714,0.9716,0.80,0.50
2007.04.05 14:19:24.494,0.9714,0.9716,0.80,0.80
2007.04.05 14:19:26.197,0.9714,0.9716,0.80,2.40
2007.04.05 14:19:26.634,0.9714,0.9716,0.80,10.40
2007.04.05 14:19:27.797,0.9713,0.9715,5.60,0.80
2007.04.05 14:19:28.045,0.9713,0.9715,3.20,3.20
2007.04.05 14:19:28.761,0.9713,0.9714,2.40,0.80
2007.04.05 14:19:29.719,0.9712,0.9714,0.80,0.80
2007.04.05 14:19:30.385,0.9712,0.9714,0.80,8.80
2007.04.05 14:19:32.299,0.9711,0.9713,5.60,0.80
2007.04.05 14:19:32.622,0.9711,0.9712,3.20,2.40
2007.04.05 14:19:32.960,0.9711,0.9712,2.40,2.40
2007.04.05 14:19:34.487,0.9711,0.97125,2.40,8.00
2007.04.05 14:19:34.787,0.97085,0.9711,21.50,2.40
2007.04.05 14:19:36.390,0.97085,0.9711,2.40,2.40
2007.04.05 14:19:37.189,0.9708,0.9711,2.40,10.40
2007.04.05 14:19:37.486,0.97085,0.9711,7.90,10.40
2007.04.05 14:19:37.833,0.971,0.9711,0.80,10.40
2007.04.05 14:19:38.713,0.9709,0.9711,0.80,2.40
2007.04.05 14:19:40.545,0.97095,0.9711,7.90,2.40
2007.04.05 14:19:41.039,0.971,0.9711,0.80,2.40
2007.04.05 14:19:41.466,0.971,0.9712,3.20,2.40
2007.04.05 14:19:41.774,0.971,0.97125,3.20,8.00
2007.04.05 14:19:41.873,0.971,0.9713,3.20,11.20
2007.04.05 14:19:50.282,0.971,0.9712,3.20,0.80
2007.04.05 14:19:50.960,0.971,0.9713,3.20,11.20
2007.04.05 14:19:52.421,0.9711,0.97145,3.20,26.30
2007.04.05 14:19:52.696,0.9711,0.9714,3.20,8.80
2007.04.05 14:19:54.840,0.9711,0.9714,2.40,8.80
2007.04.05 14:19:55.110,0.9711,0.97135,2.40,0.80
2007.04.05 14:19:57.416,0.9711,0.9714,3.20,11.20
2007.04.05 14:19:57.625,0.9712,0.97135,0.80,0.70
2007.04.05 14:19:58.015,0.9712,0.97135,3.20,0.80
2007.04.05 14:19:58.387,0.9712,0.97145,3.20,16.80
2007.04.05 14:20:02.473,0.9713,0.9715,0.80,12.80
2007.04.05 14:20:03.326,0.9713,0.9715,0.80,0.90
2007.04.05 14:20:03.706,0.9713,0.97155,0.80,0.80
2007.04.05 14:20:03.945,0.9712,0.9715,10.40,23.90
2007.04.05 14:20:04.295,0.9711,0.9714,7.20,0.50
2007.04.05 14:20:04.839,0.9711,0.9714,9.60,0.70
2007.04.05 14:20:05.265,0.97115,0.9714,10.30,0.80
2007.04.05 14:20:05.859,0.97115,0.9715,10.30,14.40
2007.04.05 14:20:06.501,0.9712,0.9715,2.40,0.60
2007.04.05 14:20:07.366,0.9713,0.9716,0.80,18.50
2007.04.05 14:20:08.065,0.9713,0.97155,0.80,8.80
2007.04.05 14:20:08.381,0.9713,0.9716,0.80,35.10
2007.04.05 14:20:08.682,0.9713,0.97155,0.80,20.70
2007.04.05 14:20:09.342,0.9713,0.97155,0.80,0.70
2007.04.05 14:20:11.808,0.9713,0.9716,4.80,31.10
2007.04.05 14:20:12.057,0.9713,0.97155,4.80,19.10
2007.04.05 14:20:12.922,0.9713,0.97155,7.20,19.10
2007.04.05 14:20:13.225,0.9714,0.97155,0.80,19.10
2007.04.05 14:20:13.450,0.9714,0.9716,0.80,1.60
2007.04.05 14:20:13.750,0.9713,0.9715,0.80,0.80
2007.04.05 14:20:15.074,0.9712,0.9715,8.10,8.80
2007.04.05 14:20:15.375,0.9712,0.97145,4.00,27.10
2007.04.05 14:20:15.918,0.9712,0.97145,4.00,19.10
2007.04.05 14:20:16.465,0.9712,0.9715,4.00,10.40
2007.04.05 14:20:17.361,0.9712,0.97145,4.00,27.10
2007.04.05 14:20:20.026,0.9712,0.97145,4.00,19.10
2007.04.05 14:20:22.591,0.97115,0.97145,4.00,27.10
2007.04.05 14:20:26.809,0.97115,0.97145,2.40,27.10
2007.04.05 14:20:28.134,0.97115,0.97145,1.60,27.10
2007.04.05 14:20:30.646,0.97115,0.97145,1.70,27.10
2007.04.05 14:20:31.309,0.97115,0.97145,1.10,27.10
2007.04.05 14:20:31.928,0.9711,0.9714,6.60,8.00
2007.04.05 14:20:32.166,0.9711,0.9714,1.40,8.00
2007.04.05 14:20:32.764,0.97115,0.9714,1.70,8.00
2007.04.05 14:20:33.073,0.97115,0.97145,1.70,8.00
2007.04.05 14:20:33.568,0.97115,0.97145,1.90,8.00
2007.04.05 14:20:35.780,0.97115,0.97145,1.90,31.10
2007.04.05 14:20:36.789,0.97115,0.97145,2.00,31.10
2007.04.05 14:20:39.687,0.97115,0.97145,2.20,31.10
2007.04.05 14:20:42.744,0.97115,0.97145,2.40,31.10
2007.04.05 14:20:43.138,0.9712,0.9714,0.80,0.80
2007.04.05 14:20:47.181,0.9712,0.9713,0.80,2.40
2007.04.05 14:20:48.894,0.9712,0.9714,0.80,8.80
2007.04.05 14:20:49.255,0.9712,0.9714,0.80,0.80
2007.04.05 14:20:50.346,0.97115,0.9714,30.30,0.80
2007.04.05 14:20:51.175,0.9712,0.97145,0.80,15.90
2007.04.05 14:20:51.728,0.97115,0.9714,12.80,3.20
2007.04.05 14:20:52.303,0.97115,0.9713,12.80,2.40
2007.04.05 14:20:53.133,0.97115,0.9714,4.80,8.80
2007.04.05 14:20:53.411,0.9711,0.9714,7.20,8.00
2007.04.05 14:20:53.905,0.9712,0.9714,0.80,10.40
2007.04.05 14:20:55.287,0.9711,0.9714,12.80,2.40
2007.04.05 14:20:56.465,0.97115,0.97145,12.70,8.00
2007.04.05 14:20:56.820,0.97125,0.97145,19.90,8.00
2007.04.05 14:20:57.319,0.9713,0.97145,2.00,8.00
2007.04.05 14:20:57.578,0.97125,0.9715,26.30,2.50
2007.04.05 14:20:57.863,0.9712,0.9714,16.90,0.80
2007.04.05 14:20:58.163,0.9712,0.9713,14.50,2.40
2007.04.05 14:20:58.609,0.97115,0.9713,22.40,2.40
2007.04.05 14:20:59.184,0.9712,0.9713,1.20,2.40
2007.04.05 14:21:10.103,0.971,0.9713,14.50,2.40
2007.04.05 14:21:12.843,0.971,0.9713,35.10,2.40
2007.04.05 14:21:14.828,0.9711,0.9713,4.80,2.40
2007.04.05 14:21:21.467,0.9712,0.9714,0.80,8.00
2007.04.05 14:21:21.767,0.97115,0.9714,7.90,8.00
2007.04.05 14:21:21.997,0.9711,0.9714,7.20,8.80
2007.04.05 14:21:22.499,0.9712,0.9714,0.80,8.00
2007.04.05 14:21:23.380,0.9712,0.97145,0.80,8.00
2007.04.05 14:21:26.525,0.9712,0.9714,0.80,0.80
2007.04.05 14:21:26.768,0.9712,0.9714,0.80,3.20
2007.04.05 14:21:28.419,0.9712,0.9714,0.80,11.20
2007.04.05 14:21:28.899,0.9711,0.9714,4.00,12.90
2007.04.05 14:21:29.928,0.9712,0.9714,0.80,12.90
2007.04.05 14:21:30.206,0.9712,0.9714,0.80,10.50
2007.04.05 14:21:31.037,0.9711,0.9714,7.20,10.50
2007.04.05 14:21:31.440,0.9711,0.9714,6.40,13.80
2007.04.05 14:21:31.699,0.9711,0.9714,4.00,16.20
2007.04.05 14:21:32.801,0.97105,0.97135,8.00,27.20
2007.04.05 14:21:33.010,0.971,0.9712,16.90,0.80
2007.04.05 14:21:36.324,0.97105,0.9713,19.10,8.00
2007.04.05 14:21:38.650,0.97105,0.97135,19.10,12.00
2007.04.05 14:21:40.152,0.97105,0.97135,4.00,31.10
2007.04.05 14:21:40.366,0.97105,0.9712,4.00,0.80
2007.04.05 14:21:42.086,0.971,0.9712,4.80,0.80
2007.04.05 14:21:43.460,0.971,0.9712,0.80,0.80
2007.04.05 14:21:46.015,0.971,0.97125,0.80,8.00
2007.04.05 14:21:46.906,0.971,0.97125,3.20,8.00
2007.04.05 14:21:47.164,0.971,0.9713,11.20,10.40
2007.04.05 14:21:47.711,0.971,0.9713,3.20,10.40
2007.04.05 14:21:48.443,0.971,0.9713,3.20,12.90
2007.04.05 14:21:53.108,0.9711,0.9713,0.80,12.90
2007.04.05 14:21:53.841,0.9711,0.9713,0.80,11.20
2007.04.05 14:21:54.146,0.9711,0.9713,3.20,3.20
2007.04.05 14:21:58.999,0.97115,0.9713,2.40,3.20
2007.04.05 14:22:01.371,0.9712,0.9713,0.80,2.40
2007.04.05 14:22:12.502,0.97115,0.9713,2.40,2.40
2007.04.05 14:22:13.961,0.97115,0.9713,2.40,3.20
2007.04.05 14:22:14.738,0.9711,0.9713,8.80,3.20
2007.04.05 14:22:15.055,0.9711,0.9713,0.80,3.20
2007.04.05 14:22:21.567,0.9711,0.9713,0.80,2.40
2007.04.05 14:22:21.772,0.9711,0.97135,3.20,8.00
2007.04.05 14:22:22.947,0.9711,0.97135,2.40,27.10
2007.04.05 14:22:23.240,0.97105,0.97135,2.40,27.10
2007.04.05 14:22:24.652,0.971,0.9713,5.60,8.00
2007.04.05 14:22:25.075,0.971,0.9713,5.60,8.80
2007.04.05 14:22:26.428,0.971,0.9712,5.60,0.80
2007.04.05 14:22:26.678,0.971,0.9712,3.20,0.80
2007.04.05 14:22:28.371,0.971,0.97125,3.20,8.00
2007.04.05 14:22:29.189,0.971,0.97125,3.20,0.80
2007.04.05 14:22:30.730,0.971,0.97135,5.60,37.60
2007.04.05 14:22:37.013,0.9711,0.97135,0.80,37.60
2007.04.05 14:22:37.621,0.9711,0.97135,0.80,12.80
2007.04.05 14:22:45.177,0.9711,0.97135,0.80,0.80
2007.04.05 14:22:46.334,0.9711,0.97145,3.20,38.30
2007.04.05 14:22:47.119,0.9711,0.97135,0.80,4.80
2007.04.05 14:22:49.585,0.9711,0.97135,0.80,0.80
2007.04.05 14:22:50.725,0.9711,0.97145,3.20,38.30
2007.04.05 14:22:51.584,0.9711,0.9713,0.80,0.80
2007.04.05 14:22:56.707,0.9711,0.97135,0.80,8.00
2007.04.05 14:22:59.396,0.9711,0.9714,3.20,11.20
2007.04.05 14:23:08.029,0.9712,0.9714,0.80,12.90
2007.04.05 14:23:09.073,0.9712,0.9714,0.80,3.20
2007.04.05 14:23:10.213,0.97115,0.9713,2.40,0.80
2007.04.05 14:23:10.483,0.97115,0.9714,2.40,3.20
2007.04.05 14:23:12.127,0.9711,0.9713,3.20,0.80
2007.04.05 14:23:12.838,0.9711,0.9713,0.80,0.80
2007.04.05 14:23:18.278,0.9711,0.9714,3.20,11.20
2007.04.05 14:23:22.133,0.9711,0.9713,0.80,3.20
2007.04.05 14:23:25.722,0.9711,0.9714,4.80,11.20
2007.04.05 14:23:26.644,0.97105,0.9713,12.00,2.40
2007.04.05 14:23:26.853,0.97105,0.9713,4.00,2.40
2007.04.05 14:23:28.255,0.971,0.9713,4.80,12.90
2007.04.05 14:23:29.123,0.971,0.97125,0.80,8.00
2007.04.05 14:23:30.656,0.971,0.9711,0.80,2.40
2007.04.05 14:23:33.685,0.97095,0.9711,20.70,2.40
2007.04.05 14:23:47.725,0.9709,0.9711,1.70,2.40
2007.04.05 14:23:50.303,0.97085,0.9711,1.70,2.40
2007.04.05 14:23:52.835,0.9708,0.9711,12.80,2.40
2007.04.05 14:23:53.574,0.97085,0.9711,16.70,2.40
2007.04.05 14:23:54.066,0.97085,0.97115,16.70,8.00
2007.04.05 14:23:54.641,0.9709,0.9712,1.90,10.40
2007.04.05 14:23:58.704,0.97095,0.9712,1.30,2.40
2007.04.05 14:24:00.473,0.97095,0.9712,1.10,2.40
2007.04.05 14:24:03.083,0.97095,0.97115,2.40,19.10
2007.04.05 14:24:05.038,0.9709,0.97115,2.40,19.10
2007.04.05 14:24:08.064,0.9709,0.9712,5.60,8.00
2007.04.05 14:24:08.648,0.97095,0.9712,2.40,8.00
2007.04.05 14:24:08.861,0.97095,0.9712,2.40,0.80
2007.04.05 14:24:12.340,0.971,0.9712,3.20,0.80
2007.04.05 14:24:15.571,0.971,0.9713,4.80,10.40
2007.04.05 14:24:16.123,0.971,0.9713,7.20,8.00
2007.04.05 14:24:19.896,0.97105,0.97135,4.00,31.10
2007.04.05 14:24:20.109,0.97105,0.9713,4.00,2.40
2007.04.05 14:24:20.584,0.97105,0.9712,4.00,0.80
2007.04.05 14:24:21.966,0.971,0.9712,12.80,0.80
2007.04.05 14:24:24.251,0.971,0.9712,4.80,0.80
2007.04.05 14:24:29.222,0.971,0.97115,4.00,19.10
2007.04.05 14:24:30.640,0.971,0.9712,4.00,22.30
2007.04.05 14:24:30.674,0.971,0.9712,0.80,3.20
2007.04.05 14:24:30.999,0.971,0.9712,0.80,0.80
2007.04.05 14:24:33.825,0.97095,0.97115,2.40,19.10
2007.04.05 14:24:34.338,0.971,0.9712,0.80,0.80
2007.04.05 14:24:37.353,0.97095,0.97115,2.40,19.10
2007.04.05 14:24:38.879,0.9709,0.97115,2.40,19.10
2007.04.05 14:24:48.533,0.9709,0.9712,3.20,11.20
2007.04.05 14:24:52.264,0.97095,0.9712,2.40,3.20
2007.04.05 14:24:52.689,0.97095,0.9712,1.50,3.20
2007.04.05 14:24:57.492,0.9709,0.97115,10.40,19.10
2007.04.05 14:24:57.969,0.9709,0.9712,11.20,3.20
2007.04.05 14:25:04.549,0.9709,0.9712,1.10,11.20
2007.04.05 14:25:05.009,0.9709,0.9712,11.20,3.20
2007.04.05 14:25:10.710,0.9709,0.9712,1.00,11.20
2007.04.05 14:25:11.481,0.9708,0.97115,13.60,19.10
2007.04.05 14:25:11.713,0.9708,0.97115,13.60,27.10
2007.04.05 14:25:12.735,0.9708,0.9712,16.00,34.30
2007.04.05 14:25:15.203,0.9708,0.9711,11.20,3.20
2007.04.05 14:25:20.091,0.9708,0.9711,11.20,2.40
2007.04.05 14:25:33.817,0.97085,0.971,2.40,0.80
2007.04.05 14:25:36.305,0.9708,0.971,4.90,0.80
2007.04.05 14:25:37.761,0.9708,0.971,0.80,0.80
2007.04.05 14:25:38.029,0.9708,0.971,0.80,8.80
2007.04.05 14:25:40.459,0.9708,0.971,3.20,0.80
2007.04.05 14:25:45.515,0.97075,0.971,4.00,3.20
2007.04.05 14:25:51.199,0.97075,0.971,4.00,0.80
2007.04.05 14:25:51.503,0.97075,0.97105,4.00,27.10
2007.04.05 14:25:52.098,0.97075,0.97105,12.00,27.10
2007.04.05 14:25:52.419,0.97075,0.97095,8.00,19.10
2007.04.05 14:25:52.621,0.9707,0.97095,4.00,19.10
2007.04.05 14:25:53.010,0.9707,0.971,6.50,10.40
2007.04.05 14:25:53.237,0.97075,0.971,4.00,8.00
2007.04.05 14:25:53.487,0.9708,0.97105,8.00,19.10
2007.04.05 14:25:53.824,0.97085,0.9711,4.00,11.20
2007.04.05 14:25:54.081,0.97085,0.971,4.00,0.80
2007.04.05 14:25:54.436,0.9708,0.971,0.80,3.20
2007.04.05 14:25:55.273,0.9708,0.971,0.80,0.80
2007.04.05 14:25:57.390,0.9708,0.971,4.80,0.80
2007.04.05 14:26:02.170,0.9708,0.9709,4.80,2.40
2007.04.05 14:26:03.796,0.9708,0.971,4.80,3.20
2007.04.05 14:26:04.237,0.9708,0.971,0.80,3.20
2007.04.05 14:26:11.977,0.97075,0.9709,4.00,2.40
2007.04.05 14:26:12.297,0.9707,0.9709,12.80,2.40
2007.04.05 14:26:12.537,0.9707,0.9709,4.80,2.40
2007.04.05 14:26:13.325,0.9707,0.9709,4.80,3.20
2007.04.05 14:26:13.782,0.9707,0.9709,0.80,3.20
2007.04.05 14:26:14.442,0.9707,0.9709,0.80,3.20
2007.04.05 14:26:16.455,0.9708,0.9709,0.80,2.40
2007.04.05 14:26:17.007,0.97065,0.9709,0.80,3.20
2007.04.05 14:26:17.895,0.97065,0.9709,3.20,3.20
2007.04.05 14:26:18.707,0.97065,0.9709,11.10,2.40
2007.04.05 14:26:19.610,0.97065,0.9709,11.10,3.20
2007.04.05 14:26:21.448,0.9706,0.9709,20.00,2.40
2007.04.05 14:26:22.039,0.97065,0.9709,11.10,3.20
2007.04.05 14:26:23.924,0.9706,0.9709,11.20,3.20
2007.04.05 14:26:24.614,0.97055,0.9709,23.10,3.20
2007.04.05 14:26:24.830,0.9707,0.9709,0.80,11.20
2007.04.05 14:26:25.734,0.9706,0.9709,11.20,3.20
2007.04.05 14:26:26.534,0.97065,0.97085,0.60,19.10
2007.04.05 14:26:26.808,0.9705,0.97085,15.20,19.10
2007.04.05 14:26:27.081,0.9706,0.9709,1.90,15.20
2007.04.05 14:26:27.399,0.9706,0.9709,3.20,15.20
2007.04.05 14:26:28.125,0.9706,0.9709,11.20,11.20
2007.04.05 14:26:28.978,0.97055,0.9708,11.10,0.80
2007.04.05 14:26:29.330,0.97055,0.9708,11.10,3.20
2007.04.05 14:26:32.012,0.9705,0.9708,11.20,3.20
2007.04.05 14:26:32.427,0.9705,0.9707,11.20,0.80
2007.04.05 14:26:32.904,0.97055,0.9708,0.70,3.20
2007.04.05 14:26:33.375,0.9705,0.9708,1.80,11.20
2007.04.05 14:26:33.835,0.9705,0.9708,3.20,11.20
2007.04.05 14:26:34.496,0.9705,0.9708,0.70,11.20
2007.04.05 14:26:34.757,0.9705,0.9707,1.70,0.80
2007.04.05 14:26:35.175,0.97045,0.9707,19.10,0.80
2007.04.05 14:26:40.103,0.9704,0.9706,13.60,0.80
2007.04.05 14:26:40.444,0.9705,0.9707,0.80,0.80
2007.04.05 14:26:40.748,0.9705,0.9707,3.20,0.80
2007.04.05 14:26:42.576,0.9704,0.9707,13.60,0.80
2007.04.05 14:26:43.060,0.9705,0.9707,0.80,8.80
2007.04.05 14:26:45.301,0.9705,0.9707,0.80,0.80
2007.04.05 14:26:45.993,0.97045,0.9707,2.40,0.80
2007.04.05 14:26:48.217,0.97045,0.9707,2.40,8.80
2007.04.05 14:26:55.411,0.9704,0.9707,5.60,8.80
2007.04.05 14:26:56.199,0.9704,0.9707,7.20,8.80
2007.04.05 14:26:58.946,0.9705,0.9707,0.80,8.80
2007.04.05 14:26:59.552,0.9705,0.9707,0.80,0.80
2007.04.05 14:27:07.805,0.9704,0.9707,16.90,0.80
2007.04.05 14:27:11.500,0.9705,0.9707,8.70,0.80
2007.04.05 14:27:12.959,0.9705,0.97085,13.60,35.20
2007.04.05 14:27:14.069,0.97055,0.97085,0.70,12.00
2007.04.05 14:27:16.038,0.9705,0.97085,13.60,31.20
2007.04.05 14:27:16.263,0.9705,0.97085,13.60,27.10
2007.04.05 14:27:16.923,0.97055,0.97085,2.60,8.00
2007.04.05 14:27:17.989,0.9705,0.97085,21.50,8.00
2007.04.05 14:27:24.758,0.9706,0.97085,0.80,8.00
2007.04.05 14:27:36.444,0.9705,0.9708,23.10,0.80
2007.04.05 14:27:36.940,0.97055,0.97085,20.70,8.00
2007.04.05 14:27:55.355,0.97055,0.97085,2.30,27.10
2007.04.05 14:27:55.773,0.97055,0.97085,4.80,27.10
2007.04.05 14:27:56.013,0.9706,0.97085,0.80,8.00
2007.04.05 14:28:05.204,0.97075,0.97085,0.50,8.00
2007.04.05 14:28:06.307,0.97075,0.9709,0.50,10.50
2007.04.05 14:28:09.642,0.9706,0.9709,11.20,8.80
2007.04.05 14:28:09.979,0.9706,0.97085,0.80,8.00
2007.04.05 14:28:16.105,0.97075,0.9709,0.50,10.50
2007.04.05 14:28:19.672,0.9706,0.9708,3.20,8.80
2007.04.05 14:28:19.886,0.9706,0.9708,0.80,8.80
2007.04.05 14:28:35.138,0.9706,0.97085,0.80,14.40
2007.04.05 14:28:35.405,0.9707,0.97085,0.80,8.00
2007.04.05 14:28:35.768,0.9707,0.9709,0.80,8.80
2007.04.05 14:28:44.968,0.9707,0.9709,0.80,8.00
2007.04.05 14:28:45.443,0.97065,0.9709,11.90,8.00
2007.04.05 14:28:45.678,0.9708,0.971,0.80,8.80
2007.04.05 14:28:46.238,0.9708,0.97095,0.80,8.00
2007.04.05 14:28:49.415,0.9707,0.97095,7.20,31.10
2007.04.05 14:28:49.715,0.9707,0.97095,0.80,31.10
2007.04.05 14:28:50.892,0.97065,0.97095,15.90,8.00
2007.04.05 14:28:53.346,0.9708,0.97095,0.80,8.00
2007.04.05 14:28:56.674,0.9707,0.97095,4.00,23.10
2007.04.05 14:28:56.962,0.9707,0.9709,4.00,2.40
2007.04.05 14:28:58.721,0.97065,0.9709,4.00,2.40
2007.04.05 14:28:59.506,0.97065,0.97095,4.00,31.10
2007.04.05 14:29:00.683,0.97065,0.97095,2.40,31.10
2007.04.05 14:29:01.912,0.97065,0.9708,2.40,0.80
2007.04.05 14:29:03.389,0.9706,0.9708,3.20,0.80
2007.04.05 14:29:19.963,0.9706,0.9708,4.80,0.80
2007.04.05 14:29:21.094,0.9706,0.9708,0.80,11.20
2007.04.05 14:29:21.719,0.9705,0.9707,6.50,0.80
2007.04.05 14:29:21.996,0.9705,0.9708,7.20,11.20
2007.04.05 14:29:22.268,0.9705,0.9708,7.20,8.80
2007.04.05 14:29:22.962,0.9705,0.9708,7.20,0.60
2007.04.05 14:29:22.984,0.97055,0.9708,4.00,0.80
2007.04.05 14:29:25.345,0.97055,0.97085,12.00,0.90
2007.04.05 14:29:25.762,0.9706,0.97085,4.00,26.30
2007.04.05 14:29:26.069,0.97055,0.97085,4.00,34.30
2007.04.05 14:29:29.019,0.9706,0.9708,0.80,0.60
2007.04.05 14:29:29.584,0.9706,0.97085,4.80,7.20
2007.04.05 14:29:30.593,0.97055,0.9708,4.00,0.90
2007.04.05 14:29:33.961,0.9706,0.97085,4.80,12.80
2007.04.05 14:29:37.583,0.9706,0.97085,0.80,12.80
2007.04.05 14:29:38.506,0.97055,0.97085,2.40,0.70
2007.04.05 14:29:38.710,0.97055,0.9708,2.40,3.20
2007.04.05 14:29:38.916,0.97055,0.97085,2.40,0.70
2007.04.05 14:29:39.923,0.97055,0.9707,2.40,0.50
2007.04.05 14:29:40.146,0.97055,0.9708,2.40,0.80
2007.04.05 14:29:40.856,0.9705,0.97085,3.20,34.30
2007.04.05 14:29:46.655,0.9705,0.9708,3.20,0.50
2007.04.05 14:29:47.142,0.9705,0.97085,11.20,31.90
2007.04.05 14:29:57.599,0.9706,0.9708,0.80,8.80
2007.04.05 14:30:00.177,0.9706,0.9708,0.80,0.80
2007.04.05 14:30:04.849,0.9706,0.97085,0.80,19.10
2007.04.05 14:30:05.109,0.9706,0.97085,3.20,19.10
2007.04.05 14:30:05.373,0.9707,0.9709,0.80,12.10
2007.04.05 14:30:05.610,0.9707,0.9709,0.80,4.10
2007.04.05 14:30:07.450,0.9707,0.9709,0.80,4.10
2007.04.05 14:30:11.362,0.9706,0.97085,11.20,19.10
2007.04.05 14:30:12.034,0.97055,0.9708,15.20,0.80
2007.04.05 14:30:12.419,0.97055,0.9708,15.20,3.20
2007.04.05 14:30:13.756,0.9706,0.9708,0.80,3.20
2007.04.05 14:30:17.189,0.9705,0.9708,11.20,3.20
2007.04.05 14:30:18.575,0.97055,0.9708,19.10,3.20
2007.04.05 14:30:18.903,0.97055,0.9708,19.10,3.20
2007.04.05 14:30:30.733,0.97055,0.9708,24.70,3.20
2007.04.05 14:30:36.789,0.9706,0.9708,4.80,0.60
2007.04.05 14:30:43.932,0.9706,0.9708,0.80,0.70
2007.04.05 14:30:48.475,0.9706,0.97085,0.80,38.40
2007.04.05 14:30:48.739,0.9706,0.9707,0.80,0.80
2007.04.05 14:31:01.258,0.9706,0.97085,0.80,31.90
2007.04.05 14:31:01.462,0.97055,0.9708,11.90,0.60
2007.04.05 14:31:03.415,0.9707,0.9708,0.80,0.70
2007.04.05 14:31:03.953,0.9706,0.9708,4.80,0.60
2007.04.05 14:31:04.559,0.9707,0.9708,0.80,0.90
2007.04.05 14:31:04.852,0.9707,0.9709,0.80,10.40
2007.04.05 14:31:06.338,0.9707,0.9709,0.80,2.40
2007.04.05 14:31:06.636,0.97065,0.97085,2.40,19.10
2007.04.05 14:31:08.901,0.9706,0.97085,3.20,19.10
2007.04.05 14:31:09.458,0.9707,0.9709,0.80,10.40
2007.04.05 14:31:11.773,0.9707,0.9709,0.80,2.40
2007.04.05 14:31:12.033,0.97065,0.97085,2.40,19.10
2007.04.05 14:31:13.201,0.9706,0.97085,0.80,27.10
2007.04.05 14:31:13.561,0.9706,0.97085,3.20,19.10
2007.04.05 14:31:14.445,0.9707,0.9709,0.80,2.40
2007.04.05 14:31:14.839,0.9707,0.97095,0.80,27.10
2007.04.05 14:31:24.204,0.97065,0.97095,2.40,27.10
2007.04.05 14:31:24.487,0.97065,0.9709,14.30,1.70
2007.04.05 14:31:24.779,0.97065,0.9709,22.30,1.70
2007.04.05 14:31:25.368,0.9707,0.97095,4.80,19.10
2007.04.05 14:31:25.595,0.9707,0.97095,0.80,27.10
2007.04.05 14:31:25.810,0.9707,0.9709,0.80,3.20
2007.04.05 14:31:26.130,0.9707,0.9708,0.80,2.40
2007.04.05 14:31:31.181,0.9706,0.9708,4.80,2.40
2007.04.05 14:31:32.186,0.9706,0.9708,0.80,2.40
2007.04.05 14:31:33.078,0.9706,0.9708,4.80,2.40
2007.04.05 14:31:33.999,0.9707,0.9708,0.80,2.40
2007.04.05 14:31:34.211,0.9707,0.9709,0.80,11.20
2007.04.05 14:31:34.859,0.9707,0.97085,0.80,8.00
2007.04.05 14:31:36.137,0.9707,0.9709,0.80,3.20
2007.04.05 14:31:38.522,0.97065,0.9709,4.00,3.20
2007.04.05 14:31:40.248,0.9706,0.9709,4.80,11.20
2007.04.05 14:31:40.701,0.9706,0.97095,4.80,36.70
2007.04.05 14:31:43.601,0.9706,0.9709,4.80,0.60
2007.04.05 14:31:46.704,0.9707,0.97095,0.80,38.40
2007.04.05 14:31:47.106,0.9707,0.97095,0.80,31.90
2007.04.05 14:31:47.417,0.9707,0.97095,0.80,29.50
2007.04.05 14:31:47.742,0.9707,0.971,4.80,29.50
2007.04.05 14:31:48.532,0.9707,0.971,7.20,10.40
2007.04.05 14:31:48.778,0.9707,0.971,7.20,0.90
2007.04.05 14:32:04.557,0.9707,0.97095,6.40,0.60
2007.04.05 14:32:04.770,0.9707,0.97095,4.00,0.90
2007.04.05 14:32:05.414,0.9707,0.971,4.00,33.50
2007.04.05 14:32:05.903,0.9707,0.971,4.00,14.40
2007.04.05 14:32:06.188,0.97065,0.971,4.00,16.80
2007.04.05 14:32:06.392,0.97065,0.97095,4.00,10.40
2007.04.05 14:32:11.054,0.9707,0.97095,4.00,27.10
2007.04.05 14:32:15.221,0.9707,0.97095,4.00,19.10
2007.04.05 14:32:20.852,0.9707,0.971,4.00,33.50
2007.04.05 14:32:21.969,0.97075,0.97105,4.00,33.50
2007.04.05 14:32:22.305,0.97075,0.971,4.00,0.70
2007.04.05 14:32:23.808,0.9707,0.97105,4.80,29.50
2007.04.05 14:32:30.624,0.97075,0.97105,4.00,29.50
2007.04.05 14:32:34.987,0.97075,0.971,4.00,0.60
2007.04.05 14:32:35.302,0.97075,0.9711,12.00,30.30
2007.04.05 14:32:39.482,0.9708,0.97105,0.80,0.50
2007.04.05 14:32:39.762,0.9708,0.9711,3.20,8.80
2007.04.05 14:32:41.105,0.9708,0.97115,7.20,34.30
2007.04.05 14:33:04.293,0.9708,0.9711,7.20,8.00
2007.04.05 14:33:04.510,0.9709,0.9711,2.40,8.00
2007.04.05 14:33:04.887,0.9709,0.97125,6.40,21.50
2007.04.05 14:33:05.176,0.9709,0.9712,6.40,8.00
2007.04.05 14:33:05.911,0.9709,0.9712,7.20,8.80
2007.04.05 14:33:07.790,0.97095,0.9712,4.00,8.80
2007.04.05 14:33:08.368,0.97095,0.9712,4.00,0.80
2007.04.05 14:33:09.655,0.97095,0.9712,4.00,8.80
2007.04.05 14:33:15.635,0.97095,0.9712,2.40,8.80
2007.04.05 14:33:21.717,0.971,0.9712,5.60,10.50
2007.04.05 14:33:21.977,0.971,0.9712,5.60,2.50
2007.04.05 14:33:30.677,0.971,0.9712,7.20,2.50
2007.04.05 14:33:36.032,0.971,0.9712,7.20,0.80
2007.04.05 14:33:43.565,0.971,0.9712,7.20,0.80
2007.04.05 14:33:44.399,0.971,0.97125,7.20,0.80
2007.04.05 14:33:44.713,0.971,0.97135,7.20,33.60
2007.04.05 14:33:44.986,0.97105,0.97135,4.00,33.60
2007.04.05 14:33:45.695,0.97105,0.9713,2.40,0.70
2007.04.05 14:33:46.606,0.9711,0.97135,0.80,33.60
2007.04.05 14:33:48.878,0.9711,0.9713,0.80,0.80
2007.04.05 14:34:09.264,0.97105,0.9714,16.00,29.50
2007.04.05 14:34:09.474,0.97105,0.97135,12.00,0.60
2007.04.05 14:34:10.449,0.971,0.97125,4.80,11.20
2007.04.05 14:34:11.350,0.971,0.9712,0.80,2.40
2007.04.05 14:34:11.727,0.971,0.9713,4.80,11.20
2007.04.05 14:34:14.277,0.9711,0.9713,0.80,11.20
2007.04.05 14:34:14.658,0.9711,0.9713,0.80,3.20
2007.04.05 14:34:17.862,0.97105,0.9712,4.00,0.80
2007.04.05 14:34:19.324,0.971,0.9712,0.80,0.80
2007.04.05 14:34:33.411,0.971,0.97125,0.80,8.00
2007.04.05 14:34:34.040,0.971,0.9713,0.80,15.20
2007.04.05 14:34:34.123,0.971,0.97135,3.20,38.30
2007.04.05 14:34:40.487,0.971,0.9712,3.20,0.80
2007.04.05 14:34:40.749,0.971,0.9713,4.80,13.60
2007.04.05 14:34:41.766,0.971,0.9712,4.80,0.50
2007.04.05 14:34:42.952,0.971,0.97125,0.80,11.20
2007.04.05 14:35:02.977,0.971,0.97125,0.80,10.40
2007.04.05 14:35:03.175,0.971,0.97125,0.80,8.00
2007.04.05 14:35:03.405,0.9711,0.97125,0.80,8.00
2007.04.05 14:35:03.646,0.9711,0.9713,0.80,3.20
2007.04.05 14:35:04.107,0.97105,0.9713,15.10,3.20
2007.04.05 14:35:16.809,0.97105,0.9713,15.10,0.80
2007.04.05 14:35:20.622,0.97105,0.9713,23.10,0.80
2007.04.05 14:35:21.612,0.97105,0.9713,24.70,0.80
2007.04.05 14:35:27.051,0.9712,0.9714,0.80,8.80
2007.04.05 14:35:27.757,0.97105,0.9714,24.70,10.40
2007.04.05 14:35:28.116,0.9711,0.9714,4.80,11.20
2007.04.05 14:35:28.790,0.97115,0.9714,8.80,3.20
2007.04.05 14:35:31.018,0.9712,0.9714,0.80,2.40
2007.04.05 14:35:31.320,0.9712,0.97145,0.80,8.00
2007.04.05 14:35:32.349,0.9712,0.97145,4.80,8.00
2007.04.05 14:35:32.558,0.9712,0.9715,16.80,10.40
2007.04.05 14:35:33.510,0.9712,0.9714,12.80,0.80
2007.04.05 14:35:34.547,0.9712,0.9715,4.80,10.40
2007.04.05 14:35:34.847,0.9712,0.9715,12.80,10.40
2007.04.05 14:35:35.438,0.9713,0.97165,4.80,14.30
2007.04.05 14:35:35.651,0.9713,0.9716,4.80,10.40
2007.04.05 14:35:36.226,0.9713,0.9716,4.00,15.20
2007.04.05 14:35:36.577,0.97125,0.9716,31.10,15.20
2007.04.05 14:35:36.700,0.9712,0.97155,15.20,27.10
2007.04.05 14:35:37.020,0.9712,0.9715,15.20,0.80
2007.04.05 14:35:37.253,0.9712,0.9715,11.20,3.20
2007.04.05 14:35:38.034,0.97125,0.9715,0.70,10.40
2007.04.05 14:35:38.281,0.9712,0.9715,13.60,8.00
2007.04.05 14:35:38.920,0.97125,0.9715,26.30,8.00
2007.04.05 14:35:39.160,0.9713,0.9715,1.80,8.00
2007.04.05 14:35:39.510,0.97125,0.97155,28.70,8.00
2007.04.05 14:35:39.868,0.9713,0.9716,1.10,8.80
2007.04.05 14:35:40.465,0.9713,0.9715,0.50,0.80
2007.04.05 14:35:50.458,0.97125,0.9715,4.80,0.80
2007.04.05 14:35:50.712,0.97125,0.97155,0.70,27.10
2007.04.05 14:35:51.215,0.9712,0.9714,11.20,0.80
2007.04.05 14:35:51.502,0.9712,0.9715,11.20,3.20
2007.04.05 14:35:51.721,0.9712,0.9715,13.60,0.80
2007.04.05 14:35:52.177,0.9712,0.9715,13.60,8.80
2007.04.05 14:36:10.127,0.97125,0.9714,2.40,0.80
2007.04.05 14:36:10.700,0.97125,0.9714,2.40,3.20
2007.04.05 14:36:12.151,0.9711,0.9714,3.20,11.20
2007.04.05 14:36:12.401,0.9711,0.9713,3.20,0.80
2007.04.05 14:36:12.681,0.9711,0.9713,0.80,0.80
2007.04.05 14:36:45.536,0.9711,0.97135,0.80,8.00
2007.04.05 14:36:47.229,0.9711,0.9714,3.20,11.20
2007.04.05 14:36:49.022,0.9711,0.9714,4.80,11.20
2007.04.05 14:36:50.999,0.9711,0.9713,0.80,0.80
2007.04.05 14:37:00.135,0.97105,0.9713,24.70,0.80
2007.04.05 14:37:12.036,0.97115,0.97135,4.80,8.00
2007.04.05 14:37:12.826,0.9711,0.97135,0.80,8.00
2007.04.05 14:37:13.187,0.97105,0.9714,24.70,13.60
2007.04.05 14:37:13.396,0.97105,0.9714,24.70,11.20
2007.04.05 14:37:14.376,0.9711,0.9714,4.80,11.20
2007.04.05 14:37:16.039,0.9711,0.9714,2.30,11.20
2007.04.05 14:37:16.564,0.9711,0.9714,1.00,11.20
2007.04.05 14:37:21.898,0.97105,0.9713,23.10,0.80
2007.04.05 14:37:22.305,0.97105,0.9713,23.10,3.20
2007.04.05 14:37:22.535,0.9711,0.9713,0.80,3.20
2007.04.05 14:37:29.471,0.9711,0.9713,0.80,2.40
2007.04.05 14:37:29.694,0.9711,0.97135,0.80,8.00
2007.04.05 14:37:29.916,0.9711,0.97135,3.20,8.00
2007.04.05 14:37:30.173,0.9711,0.9714,3.20,11.20
2007.04.05 14:37:32.590,0.9711,0.9713,3.20,0.80
2007.04.05 14:37:33.220,0.9711,0.9713,3.20,3.20
2007.04.05 14:37:34.641,0.97105,0.9713,2.40,3.20
2007.04.05 14:37:35.367,0.9711,0.9713,0.80,3.20
2007.04.05 14:37:41.689,0.971,0.9713,3.20,11.20
2007.04.05 14:37:47.671,0.9711,0.9713,0.80,11.20
2007.04.05 14:37:47.925,0.9711,0.9713,0.80,3.20
2007.04.05 14:37:53.125,0.9711,0.9713,0.80,0.80
2007.04.05 14:38:00.775,0.971,0.9712,0.80,0.60
2007.04.05 14:38:01.669,0.971,0.97125,0.80,30.30
2007.04.05 14:38:05.942,0.971,0.97125,0.80,30.30
2007.04.05 14:38:08.783,0.971,0.97125,0.80,10.40
2007.04.05 14:38:08.999,0.971,0.9713,3.20,0.80
2007.04.05 14:38:10.159,0.971,0.9713,0.80,0.80
2007.04.05 14:38:11.332,0.97095,0.97125,15.20,19.90
2007.04.05 14:38:11.646,0.971,0.9712,0.60,0.50
2007.04.05 14:38:12.678,0.971,0.9712,0.80,0.70
2007.04.05 14:38:18.355,0.97095,0.9713,12.70,19.20
2007.04.05 14:38:18.573,0.97095,0.97125,15.10,10.40
2007.04.05 14:38:26.009,0.971,0.9712,0.80,3.20
2007.04.05 14:38:26.991,0.97095,0.9712,12.70,10.40
2007.04.05 14:38:27.381,0.97095,0.9712,4.90,10.40
2007.04.05 14:38:28.086,0.9711,0.9712,0.80,10.40
2007.04.05 14:38:28.477,0.971,0.9712,3.20,2.40
2007.04.05 14:38:31.545,0.97095,0.9712,23.10,2.40
2007.04.05 14:38:32.014,0.971,0.9712,3.20,2.40
2007.04.05 14:38:32.246,0.971,0.9713,3.20,11.20
2007.04.05 14:38:33.623,0.97095,0.9713,23.10,11.20
2007.04.05 14:38:35.613,0.97095,0.97125,15.10,8.00
2007.04.05 14:38:38.900,0.971,0.9712,0.80,0.80
2007.04.05 14:38:39.193,0.97095,0.9712,7.20,3.20
2007.04.05 14:38:39.421,0.971,0.9712,0.80,2.40
2007.04.05 14:38:45.326,0.97095,0.9712,15.10,2.40
2007.04.05 14:38:54.312,0.97095,0.9712,1.40,2.40
2007.04.05 14:38:55.490,0.9709,0.97115,11.20,19.10
2007.04.05 14:38:56.596,0.97085,0.97115,15.20,19.10
2007.04.05 14:38:57.447,0.97085,0.97115,15.20,19.10
2007.04.05 14:38:57.684,0.9709,0.97115,0.80,27.10
2007.04.05 14:38:59.909,0.971,0.97115,0.80,8.00
2007.04.05 14:39:00.186,0.97095,0.97115,15.10,8.00
2007.04.05 14:39:00.964,0.9709,0.9711,3.20,0.80
2007.04.05 14:39:01.246,0.97085,0.9711,15.10,0.80
2007.04.05 14:39:02.129,0.9709,0.9711,3.60,0.80
2007.04.05 14:39:02.496,0.97085,0.9711,15.10,0.80
2007.04.05 14:39:03.877,0.97085,0.9712,23.10,17.60
2007.04.05 14:39:04.099,0.97085,0.9712,23.10,11.20
2007.04.05 14:39:04.372,0.97095,0.9712,4.80,11.20
2007.04.05 14:39:04.739,0.97095,0.9712,7.20,11.20
2007.04.05 14:39:08.056,0.97085,0.9712,25.50,8.80
2007.04.05 14:39:08.390,0.9709,0.9712,1.70,8.80
2007.04.05 14:39:08.881,0.97095,0.9712,4.80,8.80
2007.04.05 14:39:09.379,0.97095,0.9712,7.20,8.80
2007.04.05 14:39:13.409,0.971,0.9712,3.20,8.00
2007.04.05 14:39:14.749,0.9711,0.9713,0.80,8.00
2007.04.05 14:39:15.578,0.97105,0.97135,2.40,8.00
2007.04.05 14:39:15.799,0.97105,0.97135,12.00,8.00
2007.04.05 14:39:16.046,0.9711,0.97135,0.80,8.00
2007.04.05 14:39:16.386,0.9711,0.97135,3.20,8.00
2007.04.05 14:39:16.619,0.9711,0.97135,0.80,8.00
2007.04.05 14:39:17.620,0.9711,0.9714,4.80,13.60
2007.04.05 14:39:18.582,0.9711,0.9713,4.80,0.80
2007.04.05 14:39:19.930,0.9711,0.9714,3.20,11.20
2007.04.05 14:39:22.780,0.9711,0.9714,7.20,8.80
2007.04.05 14:39:23.300,0.9711,0.97135,6.40,19.10
2007.04.05 14:39:23.570,0.9711,0.97135,4.00,19.10
2007.04.05 14:39:23.867,0.9711,0.9713,4.00,2.40
2007.04.05 14:39:24.101,0.9711,0.9713,4.80,2.40
2007.04.05 14:39:24.383,0.9711,0.97135,4.80,8.00
2007.04.05 14:39:25.882,0.9711,0.9713,0.80,0.80
2007.04.05 14:39:45.412,0.971,0.9712,11.20,0.80
2007.04.05 14:39:45.705,0.971,0.9712,3.20,0.80
2007.04.05 14:39:47.396,0.971,0.97125,3.20,8.00
2007.04.05 14:39:47.621,0.971,0.9713,5.60,8.80
2007.04.05 14:40:00.575,0.971,0.9713,7.20,8.80
2007.04.05 14:40:04.548,0.9711,0.9713,0.80,0.80
2007.04.05 14:40:04.950,0.9711,0.9713,3.20,0.80
2007.04.05 14:40:36.586,0.9712,0.97135,3.20,8.00
2007.04.05 14:40:36.814,0.9712,0.9714,3.20,11.20
2007.04.05 14:40:37.022,0.9712,0.9713,2.40,0.80
2007.04.05 14:40:37.275,0.9711,0.97135,3.20,12.00
2007.04.05 14:40:37.545,0.9711,0.97135,3.20,8.00
2007.04.05 14:40:39.901,0.9711,0.9713,3.20,0.80
2007.04.05 14:40:40.105,0.9711,0.9713,0.80,0.80
2007.04.05 14:40:42.362,0.97105,0.9713,19.10,0.80
2007.04.05 14:41:37.198,0.9711,0.97135,0.80,8.00
2007.04.05 14:41:39.126,0.97115,0.9714,10.40,2.40
2007.04.05 14:41:41.638,0.97115,0.9714,10.40,3.20
2007.04.05 14:41:41.878,0.97115,0.9714,2.40,11.20
2007.04.05 14:41:46.618,0.9711,0.9714,11.20,11.20
2007.04.05 14:41:46.897,0.9711,0.9714,3.20,11.20
2007.04.05 14:41:47.589,0.9711,0.97135,2.40,19.10
2007.04.05 14:41:49.080,0.97105,0.97135,2.40,27.10
2007.04.05 14:41:57.877,0.97105,0.9713,2.40,0.80
2007.04.05 14:41:58.124,0.97105,0.9713,2.40,3.20
2007.04.05 14:41:58.369,0.971,0.9713,11.20,3.20
2007.04.05 14:41:58.621,0.971,0.9713,3.20,11.20
2007.04.05 14:41:58.825,0.971,0.97135,3.20,34.30
2007.04.05 14:42:02.090,0.971,0.9713,7.20,0.70
2007.04.05 14:42:02.497,0.971,0.97135,7.20,29.50
2007.04.05 14:42:03.072,0.9711,0.97135,0.80,27.10
2007.04.05 14:42:03.720,0.9711,0.9713,3.20,0.50
2007.04.05 14:42:04.552,0.9711,0.97135,4.80,31.90
2007.04.05 14:42:04.923,0.9711,0.97135,4.80,23.90
2007.04.05 14:42:05.167,0.9711,0.97135,2.40,23.90
2007.04.05 14:42:07.142,0.971,0.9713,5.60,0.70
2007.04.05 14:42:08.571,0.971,0.97135,7.20,31.90
2007.04.05 14:42:10.021,0.971,0.9713,11.20,0.90
2007.04.05 14:42:11.048,0.9711,0.97135,2.40,31.10
2007.04.05 14:42:11.408,0.9711,0.9714,3.20,11.20
2007.04.05 14:42:12.044,0.9711,0.9714,7.20,0.50
2007.04.05 14:42:15.148,0.9711,0.97135,7.20,23.90
2007.04.05 14:42:15.871,0.9711,0.97135,3.20,31.90
2007.04.05 14:42:21.274,0.9711,0.97135,3.20,0.60
2007.04.05 14:42:23.787,0.9711,0.9713,3.20,0.80
2007.04.05 14:42:25.419,0.9711,0.9714,3.20,8.80
2007.04.05 14:42:27.124,0.9711,0.97135,0.60,0.80
2007.04.05 14:42:27.410,0.9711,0.9714,3.20,11.20
2007.04.05 14:42:27.949,0.9711,0.97145,11.20,38.30
2007.04.05 14:42:30.230,0.9711,0.9714,11.20,11.20
2007.04.05 14:42:37.304,0.9713,0.9715,0.80,13.60
2007.04.05 14:42:37.687,0.9712,0.9715,11.20,5.60
2007.04.05 14:42:42.420,0.97125,0.9715,0.70,3.20
2007.04.05 14:42:43.042,0.9712,0.9714,11.20,0.80
2007.04.05 14:42:43.426,0.9712,0.9714,11.20,3.20
2007.04.05 14:42:43.648,0.97115,0.9714,19.10,3.20
2007.04.05 14:42:43.979,0.97115,0.9714,11.10,3.20
2007.04.05 14:42:51.175,0.97115,0.97145,11.90,15.20
2007.04.05 14:42:59.893,0.9711,0.9713,8.80,3.20
2007.04.05 14:43:00.256,0.9711,0.9713,0.80,3.20
2007.04.05 14:43:27.889,0.971,0.9713,4.80,11.20
2007.04.05 14:43:30.487,0.971,0.9713,1.80,11.20
2007.04.05 14:43:30.488,0.97095,0.97125,2.40,27.10
2007.04.05 14:43:31.426,0.97095,0.97125,16.70,8.00
2007.04.05 14:43:31.689,0.971,0.9712,2.90,0.80
2007.04.05 14:43:32.415,0.971,0.9712,0.90,8.80
2007.04.05 14:43:35.320,0.97095,0.9713,27.10,8.80
2007.04.05 14:43:35.537,0.97095,0.9713,27.10,8.80
2007.04.05 14:43:38.347,0.97105,0.9713,19.10,0.80
2007.04.05 14:43:41.559,0.9711,0.97135,1.60,35.20
2007.04.05 14:43:41.777,0.971,0.9712,1.90,0.80
2007.04.05 14:43:42.097,0.97095,0.9712,15.10,8.80
2007.04.05 14:43:46.731,0.9711,0.9712,0.80,8.00
2007.04.05 14:43:46.991,0.971,0.9713,5.60,8.80
2007.04.05 14:43:48.899,0.97105,0.9713,4.80,8.00
2007.04.05 14:43:49.770,0.97105,0.97135,4.80,31.10
2007.04.05 14:43:51.390,0.971,0.97135,19.20,27.10
2007.04.05 14:43:51.869,0.971,0.97135,19.20,19.10
2007.04.05 14:43:53.892,0.9711,0.9713,1.80,3.20
2007.04.05 14:43:54.151,0.97105,0.9713,15.20,3.20
2007.04.05 14:43:55.930,0.97115,0.97135,4.80,19.10
2007.04.05 14:43:57.005,0.97105,0.9713,15.20,0.80
2007.04.05 14:43:57.234,0.9711,0.9713,0.80,0.80
2007.04.05 14:44:12.056,0.9712,0.97135,0.80,27.10
2007.04.05 14:44:12.318,0.9712,0.97135,0.80,19.10
2007.04.05 14:44:13.975,0.9711,0.9713,4.80,0.80
2007.04.05 14:44:14.426,0.9711,0.9713,0.80,0.80
2007.04.05 14:44:17.012,0.9713,0.97145,0.80,8.00
2007.04.05 14:44:17.537,0.9712,0.97135,3.20,19.10
2007.04.05 14:44:17.776,0.9712,0.97135,0.80,19.10
2007.04.05 14:44:17.979,0.97115,0.9714,15.90,2.40
2007.04.05 14:44:18.421,0.9713,0.97145,0.80,8.00
2007.04.05 14:44:25.946,0.9712,0.97145,3.20,8.00
2007.04.05 14:44:26.213,0.9712,0.9714,1.80,0.80
2007.04.05 14:44:26.584,0.9712,0.9714,1.50,8.00
2007.04.05 14:44:26.843,0.97115,0.97145,11.20,8.00
2007.04.05 14:44:27.081,0.97115,0.9714,8.80,10.40
2007.04.05 14:44:27.378,0.97115,0.9714,16.80,2.40
2007.04.05 14:44:37.427,0.97125,0.9714,4.80,2.40
2007.04.05 14:44:47.576,0.97115,0.9714,24.70,3.20
2007.04.05 14:44:49.300,0.9712,0.97155,2.10,33.60
2007.04.05 14:44:49.951,0.97115,0.9714,12.70,10.40
2007.04.05 14:44:51.393,0.97115,0.9714,16.70,2.40
2007.04.05 14:44:57.444,0.97115,0.9714,15.90,2.40
2007.04.05 14:44:57.710,0.9713,0.9714,0.80,2.40
2007.04.05 14:44:58.281,0.97115,0.9714,15.90,2.40
2007.04.05 14:44:58.599,0.9713,0.9714,0.80,2.40
2007.04.05 14:44:59.488,0.9713,0.97145,0.80,8.00
2007.04.05 14:45:02.231,0.9713,0.9715,0.80,8.00
2007.04.05 14:45:04.433,0.9713,0.97155,0.80,31.10
2007.04.05 14:45:06.300,0.9713,0.9715,0.80,8.00
2007.04.05 14:45:06.683,0.97125,0.9715,11.90,8.00
2007.04.05 14:45:07.122,0.9713,0.9715,0.80,8.00
2007.04.05 14:45:08.482,0.9714,0.9715,0.80,8.00
2007.04.05 14:45:10.331,0.9713,0.9715,3.20,8.00
2007.04.05 14:45:10.458,0.97135,0.9716,4.80,8.00
2007.04.05 14:45:13.835,0.9713,0.9716,3.20,11.20
2007.04.05 14:45:15.138,0.97135,0.9716,4.80,10.40
2007.04.05 14:45:16.067,0.97135,0.9716,4.80,2.40
2007.04.05 14:45:16.306,0.97135,0.9716,4.80,10.40
2007.04.05 14:45:20.337,0.9714,0.9716,0.80,2.40
2007.04.05 14:45:21.501,0.9714,0.97165,3.20,19.10
2007.04.05 14:45:21.728,0.9715,0.9717,0.80,8.00
2007.04.05 14:45:34.832,0.97145,0.97175,8.80,29.50
2007.04.05 14:45:35.002,0.9715,0.97175,0.80,0.80
2007.04.05 14:45:36.801,0.9715,0.9717,0.80,0.50
2007.04.05 14:45:40.714,0.9715,0.9718,0.80,32.70
2007.04.05 14:45:40.958,0.9716,0.97175,0.80,0.80
2007.04.05 14:45:41.189,0.9716,0.9718,0.80,0.50
2007.04.05 14:45:42.386,0.9715,0.97175,4.80,0.80
2007.04.05 14:45:42.617,0.9715,0.9717,0.80,0.60
2007.04.05 14:45:44.110,0.9715,0.9717,0.80,0.90
2007.04.05 14:45:52.231,0.9714,0.9717,11.20,0.80
2007.04.05 14:45:53.154,0.9714,0.97175,13.60,27.10
2007.04.05 14:45:53.470,0.9714,0.97165,3.20,0.50
2007.04.05 14:45:53.684,0.9714,0.9719,5.60,11.20
2007.04.05 14:45:54.083,0.9714,0.9717,3.20,31.10
2007.04.05 14:45:54.490,0.9715,0.97165,0.80,0.50
2007.04.05 14:45:55.513,0.9715,0.9717,0.80,0.90
2007.04.05 14:45:56.140,0.9715,0.9717,0.80,0.70
2007.04.05 14:45:57.042,0.97145,0.9718,14.30,14.40
2007.04.05 14:45:57.839,0.97145,0.9717,14.30,0.70
2007.04.05 14:45:58.374,0.9716,0.9718,0.80,11.20
2007.04.05 14:45:59.804,0.97145,0.9717,14.30,0.50
2007.04.05 14:46:00.746,0.97145,0.97175,15.90,10.40
2007.04.05 14:46:05.678,0.9716,0.9717,0.80,2.40
2007.04.05 14:46:05.939,0.9716,0.9718,0.80,11.20
2007.04.05 14:46:06.803,0.9716,0.9718,0.80,3.20
2007.04.05 14:46:10.999,0.9716,0.9718,0.80,5.60
2007.04.05 14:46:11.235,0.9716,0.97175,0.80,8.00
2007.04.05 14:46:13.234,0.9716,0.9717,0.80,2.40
2007.04.05 14:46:13.685,0.9716,0.97175,0.80,8.00
2007.04.05 14:46:13.964,0.97145,0.97175,15.90,8.00
2007.04.05 14:46:17.632,0.9716,0.97175,0.80,8.00
2007.04.05 14:46:17.921,0.9716,0.9718,0.80,3.20
2007.04.05 14:46:20.443,0.9716,0.9718,0.80,11.20
2007.04.05 14:46:22.581,0.97145,0.97175,14.30,8.00
2007.04.05 14:46:23.727,0.97145,0.9717,14.30,2.40
2007.04.05 14:46:29.283,0.97145,0.97175,14.30,10.40
2007.04.05 14:46:35.977,0.9715,0.9717,0.80,3.20
2007.04.05 14:46:36.795,0.9714,0.97165,0.80,27.10
2007.04.05 14:46:37.036,0.97135,0.9716,15.90,10.40
2007.04.05 14:46:37.378,0.97135,0.9716,23.90,2.40
2007.04.05 14:46:40.601,0.97135,0.9716,15.90,2.40
2007.04.05 14:46:41.346,0.97135,0.97165,15.90,8.00
2007.04.05 14:46:41.855,0.97135,0.9716,4.00,0.80
2007.04.05 14:46:42.123,0.97135,0.9716,4.00,2.40
2007.04.05 14:46:42.338,0.97135,0.97165,4.00,27.10
2007.04.05 14:46:42.833,0.9715,0.97165,0.80,8.00
2007.04.05 14:46:43.080,0.9715,0.9717,0.80,11.20
2007.04.05 14:46:50.562,0.9715,0.9717,0.80,13.60
2007.04.05 14:46:50.787,0.9715,0.9716,0.80,2.40
2007.04.05 14:46:53.884,0.9714,0.9716,0.80,2.40
2007.04.05 14:46:54.379,0.9715,0.9716,0.80,2.40
2007.04.05 14:47:00.576,0.9715,0.9717,0.80,11.20
2007.04.05 14:47:11.384,0.97135,0.97165,4.00,27.10
2007.04.05 14:47:20.088,0.9713,0.9716,7.20,8.00
2007.04.05 14:47:20.837,0.97135,0.97165,4.00,27.10
2007.04.05 14:47:27.057,0.9713,0.9716,7.20,8.00
2007.04.05 14:47:29.931,0.97125,0.9716,27.10,8.00
2007.04.05 14:47:40.982,0.9713,0.97155,3.20,27.10
2007.04.05 14:47:41.244,0.9713,0.97155,0.80,27.10
2007.04.05 14:47:41.499,0.9713,0.9716,4.80,10.40
2007.04.05 14:47:41.865,0.9713,0.9716,7.20,8.00
2007.04.05 14:47:43.529,0.9713,0.97155,7.20,19.10
2007.04.05 14:47:43.769,0.9713,0.97155,0.80,27.10
2007.04.05 14:47:47.732,0.9713,0.9715,0.80,10.40
2007.04.05 14:47:48.251,0.9713,0.97155,0.80,27.10
2007.04.05 14:47:53.028,0.9713,0.97155,3.20,8.00
2007.04.05 14:47:53.551,0.9713,0.9716,5.60,8.00
2007.04.05 14:47:57.751,0.9713,0.97155,3.20,19.10
2007.04.05 14:47:58.585,0.9713,0.97155,0.80,19.10
2007.04.05 14:47:58.857,0.9713,0.97155,0.80,27.10
2007.04.05 14:47:59.683,0.9713,0.97155,0.80,8.00
2007.04.05 14:48:00.698,0.9713,0.9716,3.20,10.40
2007.04.05 14:48:09.007,0.97125,0.9716,23.10,10.40
2007.04.05 14:48:11.636,0.9713,0.97165,13.60,27.10
2007.04.05 14:48:11.994,0.9714,0.97165,0.80,27.10
2007.04.05 14:48:12.218,0.9714,0.9717,1.70,8.80
2007.04.05 14:48:13.951,0.97145,0.9717,4.80,8.00
2007.04.05 14:48:14.738,0.9714,0.9717,17.50,8.80
2007.04.05 14:48:14.984,0.9714,0.9717,13.60,0.80
2007.04.05 14:48:15.246,0.9714,0.9717,3.80,8.80
2007.04.05 14:48:15.463,0.97135,0.9717,29.50,8.00
2007.04.05 14:48:15.704,0.9714,0.9717,0.70,8.00
2007.04.05 14:48:15.928,0.9714,0.9717,1.60,8.80
2007.04.05 14:48:16.169,0.9714,0.9717,2.10,11.20
2007.04.05 14:48:16.423,0.97135,0.9717,28.70,10.40
2007.04.05 14:48:16.759,0.9714,0.9717,2.20,8.00
2007.04.05 14:48:16.963,0.97145,0.9717,4.80,8.00
2007.04.05 14:48:17.447,0.97145,0.97175,16.70,8.00
2007.04.05 14:48:18.862,0.9714,0.97175,15.20,27.10
2007.04.05 14:48:19.165,0.9714,0.9717,2.10,8.00
2007.04.05 14:48:20.928,0.97145,0.9717,16.70,8.00
2007.04.05 14:48:21.154,0.9715,0.97175,0.80,8.00
2007.04.05 14:48:24.500,0.9714,0.97175,3.00,29.50
2007.04.05 14:48:24.740,0.97135,0.9717,27.10,8.00
2007.04.05 14:48:26.967,0.9715,0.9717,0.80,8.00
2007.04.05 14:48:27.249,0.97145,0.97175,16.70,8.00
2007.04.05 14:48:30.635,0.9715,0.9718,2.30,10.40
2007.04.05 14:48:32.321,0.9715,0.9718,1.60,11.20
2007.04.05 14:48:32.555,0.9715,0.97175,0.80,8.00
2007.04.05 14:48:36.599,0.9716,0.97175,0.80,8.00
2007.04.05 14:48:36.821,0.97155,0.9718,4.00,11.20
2007.04.05 14:48:37.029,0.9715,0.9718,0.80,13.60
2007.04.05 14:48:37.384,0.9715,0.97175,0.80,8.00
2007.04.05 14:48:38.551,0.9716,0.97175,0.80,8.00
2007.04.05 14:48:38.945,0.9715,0.97175,0.80,8.00
2007.04.05 14:48:39.960,0.9715,0.9718,4.80,13.60
2007.04.05 14:48:40.943,0.9715,0.9718,4.80,10.40
2007.04.05 14:48:42.261,0.9715,0.9718,12.80,10.40
2007.04.05 14:48:45.830,0.9716,0.9718,0.80,10.40
2007.04.05 14:48:46.088,0.9716,0.9718,0.80,8.00
2007.04.05 14:48:47.651,0.9716,0.97185,0.80,8.00
2007.04.05 14:48:48.573,0.9716,0.9719,4.80,11.20
2007.04.05 14:48:50.949,0.9716,0.97185,4.00,19.10
2007.04.05 14:48:51.862,0.97155,0.97185,12.00,19.10
2007.04.05 14:48:52.115,0.97155,0.97185,4.00,27.10
2007.04.05 14:48:52.421,0.9716,0.97185,0.80,27.10
2007.04.05 14:48:52.643,0.9716,0.9719,4.80,11.20
2007.04.05 14:48:55.094,0.9716,0.97185,4.00,19.10
2007.04.05 14:48:55.481,0.9716,0.9719,4.80,11.20
2007.04.05 14:48:56.554,0.9716,0.9718,4.80,0.80
2007.04.05 14:48:56.941,0.9716,0.9718,4.80,3.20
2007.04.05 14:48:57.588,0.97155,0.9718,24.70,3.20
2007.04.05 14:48:58.317,0.9716,0.9717,1.30,0.80
2007.04.05 14:48:58.792,0.9716,0.97185,2.20,23.10
2007.04.05 14:48:59.354,0.9715,0.9717,2.60,3.20
2007.04.05 14:48:59.586,0.9715,0.9717,0.80,3.20
2007.04.05 14:49:00.980,0.97145,0.9717,1.40,3.20
2007.04.05 14:49:02.746,0.97135,0.9717,24.70,11.20
2007.04.05 14:49:08.626,0.9714,0.97165,0.80,8.00
2007.04.05 14:49:14.882,0.97135,0.97165,27.10,8.00
2007.04.05 14:49:17.599,0.97135,0.9717,27.10,8.00
2007.04.05 14:49:22.516,0.9715,0.97175,2.10,27.10
2007.04.05 14:49:23.346,0.9715,0.97175,0.90,8.00
2007.04.05 14:49:24.364,0.9715,0.97175,1.40,8.00
2007.04.05 14:49:24.870,0.9715,0.97175,2.90,8.00
2007.04.05 14:49:25.469,0.97145,0.9717,23.10,0.80
2007.04.05 14:49:25.985,0.9715,0.9717,2.10,0.80
2007.04.05 14:49:28.155,0.97135,0.9717,27.10,8.80
2007.04.05 14:49:39.837,0.9714,0.9716,2.70,0.80
2007.04.05 14:49:40.298,0.97135,0.9717,12.00,11.20
2007.04.05 14:49:40.657,0.97135,0.9717,4.40,13.60
2007.04.05 14:49:40.879,0.9714,0.9716,1.60,0.80
2007.04.05 14:49:41.162,0.97135,0.9716,1.80,0.80
2007.04.05 14:49:41.630,0.9713,0.9716,13.60,0.80
2007.04.05 14:49:42.426,0.9713,0.97165,13.60,31.10
2007.04.05 14:49:42.887,0.9713,0.9715,4.10,0.80
2007.04.05 14:49:43.138,0.97125,0.9715,23.10,0.80
2007.04.05 14:49:46.792,0.97125,0.9715,23.10,0.80
2007.04.05 14:49:58.554,0.9713,0.9715,3.20,0.80
2007.04.05 14:49:58.870,0.9713,0.9715,4.80,0.80
2007.04.05 14:50:01.023,0.9713,0.9715,12.80,0.80
2007.04.05 14:50:06.937,0.9713,0.9715,4.80,0.80
2007.04.05 14:50:09.108,0.9714,0.9716,0.80,13.60
2007.04.05 14:50:09.331,0.9714,0.9716,0.80,5.60
2007.04.05 14:50:10.431,0.9714,0.9716,0.80,3.20
2007.04.05 14:50:10.658,0.9714,0.9716,0.80,11.20
2007.04.05 14:50:13.058,0.97115,0.9715,16.00,3.20
2007.04.05 14:50:13.432,0.9713,0.9715,0.80,3.20
2007.04.05 14:50:16.122,0.9713,0.97155,3.20,27.10
2007.04.05 14:50:16.328,0.9713,0.97155,3.20,19.10
2007.04.05 14:50:24.126,0.97125,0.97155,11.20,19.10
2007.04.05 14:50:30.593,0.9713,0.97155,4.80,19.10
2007.04.05 14:50:34.530,0.9713,0.9716,4.80,10.40
2007.04.05 14:50:34.818,0.9713,0.9716,7.20,8.00
2007.04.05 14:50:38.282,0.97135,0.97165,12.00,31.10
2007.04.05 14:50:45.578,0.97135,0.97155,12.00,23.10
2007.04.05 14:50:46.021,0.97135,0.9715,12.00,2.40
2007.04.05 14:50:47.707,0.97135,0.9715,4.00,2.40
2007.04.05 14:50:47.992,0.9713,0.9715,4.80,2.40
2007.04.05 14:50:49.137,0.9714,0.97155,0.80,19.10
2007.04.05 14:50:49.549,0.9713,0.97155,4.80,23.10
2007.04.05 14:50:52.425,0.9713,0.97155,0.80,31.10
2007.04.05 14:50:55.653,0.9713,0.97155,4.80,23.10
2007.04.05 14:50:59.265,0.9713,0.97155,0.80,31.10
2007.04.05 14:51:01.155,0.9713,0.97155,4.80,23.10
2007.04.05 14:51:04.695,0.9713,0.97155,0.80,31.10
2007.04.05 14:51:06.710,0.9714,0.97155,0.80,8.00
2007.04.05 14:51:06.992,0.9714,0.9716,0.80,2.40
2007.04.05 14:51:10.754,0.9714,0.97165,0.80,14.40
2007.04.05 14:51:15.412,0.97135,0.97165,15.90,10.40
2007.04.05 14:51:15.641,0.9715,0.97165,0.80,10.40
2007.04.05 14:51:17.066,0.9714,0.9716,0.80,0.70
2007.04.05 14:51:19.164,0.9715,0.97165,0.80,10.40
2007.04.05 14:51:38.818,0.9714,0.9716,4.00,2.40
2007.04.05 14:51:39.104,0.97135,0.9716,12.00,2.40
2007.04.05 14:51:41.300,0.9714,0.9716,0.80,5.60
2007.04.05 14:51:44.685,0.97135,0.97165,4.00,35.10
2007.04.05 14:51:44.893,0.9713,0.97165,12.80,35.10
2007.04.05 14:51:45.111,0.9713,0.9715,12.80,3.20
2007.04.05 14:51:56.818,0.9713,0.9715,4.80,3.20
2007.04.05 14:52:08.075,0.9713,0.9715,4.80,2.40
2007.04.05 14:52:09.246,0.9713,0.9715,4.80,0.70
2007.04.05 14:52:10.802,0.9713,0.97155,0.80,25.50
2007.04.05 14:52:13.567,0.9713,0.97155,4.80,33.50
2007.04.05 14:52:13.858,0.9714,0.97155,0.80,0.70
2007.04.05 14:52:14.220,0.97135,0.97155,12.00,0.70
2007.04.05 14:52:14.586,0.97135,0.97155,4.00,0.90
2007.04.05 14:52:15.037,0.9713,0.9716,12.80,29.50
2007.04.05 14:52:15.532,0.9713,0.9716,12.80,0.50
2007.04.05 14:52:16.862,0.9714,0.9717,0.80,12.80
2007.04.05 14:52:17.077,0.9714,0.97175,7.20,33.50
2007.04.05 14:52:17.781,0.9714,0.97175,6.40,34.30
2007.04.05 14:52:18.151,0.97145,0.9717,4.00,30.30
2007.04.05 14:52:18.423,0.9714,0.97165,12.00,0.50
2007.04.05 14:52:19.013,0.97145,0.9718,4.00,39.10
2007.04.05 14:52:19.944,0.97145,0.9717,4.00,19.90
2007.04.05 14:52:20.173,0.9714,0.9717,12.00,22.30
2007.04.05 14:52:21.565,0.97145,0.9717,4.00,0.60
2007.04.05 14:52:24.521,0.9715,0.9717,4.00,0.80
2007.04.05 14:52:27.081,0.97145,0.97175,4.00,29.50
2007.04.05 14:52:30.622,0.97145,0.9717,2.40,0.90
2007.04.05 14:52:33.701,0.9715,0.97175,2.40,27.90
2007.04.05 14:52:34.248,0.9714,0.97175,5.60,35.90
2007.04.05 14:52:42.588,0.9715,0.9717,0.80,0.80
2007.04.05 14:52:50.683,0.97145,0.9717,8.70,0.80
2007.04.05 14:53:18.560,0.9715,0.97175,0.80,8.00
2007.04.05 14:53:18.883,0.9715,0.9718,11.20,11.20
2007.04.05 14:53:34.424,0.9715,0.9717,11.20,3.20
2007.04.05 14:53:36.514,0.9715,0.9717,3.20,0.80
2007.04.05 14:53:38.696,0.9715,0.9717,4.80,0.80
2007.04.05 14:53:41.929,0.9715,0.9717,4.00,0.80
2007.04.05 14:53:44.349,0.97145,0.9717,4.00,0.80
2007.04.05 14:53:47.453,0.97145,0.97175,4.00,27.10
2007.04.05 14:53:50.158,0.9715,0.97175,4.00,19.10
2007.04.05 14:53:51.944,0.9715,0.97175,4.00,23.10
2007.04.05 14:53:52.204,0.9715,0.9717,4.00,2.40
2007.04.05 14:53:53.041,0.97145,0.9717,12.00,2.40
2007.04.05 14:53:53.284,0.97145,0.9717,4.00,2.40
2007.04.05 14:53:54.622,0.97145,0.9717,2.40,2.40
2007.04.05 14:53:55.884,0.97145,0.97165,2.40,19.10
2007.04.05 14:53:57.028,0.97145,0.97165,0.90,19.10
2007.04.05 14:53:58.644,0.9714,0.97165,1.30,19.10
2007.04.05 14:54:00.600,0.97135,0.9717,25.50,8.00
2007.04.05 14:54:01.559,0.9714,0.9717,13.60,8.00
2007.04.05 14:54:01.809,0.9714,0.97175,13.60,31.10
2007.04.05 14:54:04.578,0.9714,0.9717,12.80,0.80
2007.04.05 14:54:04.881,0.9714,0.97165,12.80,19.10
2007.04.05 14:54:09.633,0.9714,0.9717,11.20,2.40
2007.04.05 14:54:14.501,0.97145,0.9717,15.10,5.60
2007.04.05 14:54:16.353,0.97145,0.9717,15.10,5.60
2007.04.05 14:54:21.473,0.9715,0.9716,1.70,2.40
2007.04.05 14:54:21.984,0.9715,0.9717,1.80,5.60
2007.04.05 14:54:23.288,0.9715,0.9717,3.20,4.80
2007.04.05 14:54:23.900,0.97145,0.9717,15.20,2.40
2007.04.05 14:54:24.445,0.9715,0.9717,1.50,5.60
2007.04.05 14:54:24.934,0.97145,0.9717,11.20,3.20
2007.04.05 14:54:25.648,0.9715,0.9717,0.80,13.60
2007.04.05 14:54:25.859,0.9715,0.9717,0.80,10.40
2007.04.05 14:54:27.403,0.9715,0.9717,0.80,13.60
2007.04.05 14:54:41.406,0.9715,0.9717,0.80,10.40
2007.04.05 14:54:41.700,0.9715,0.9717,0.80,2.40
2007.04.05 14:54:44.941,0.97145,0.9717,8.00,4.80
2007.04.05 14:54:45.155,0.97145,0.9717,16.00,2.40
2007.04.05 14:54:49.398,0.97145,0.9717,4.70,2.40
2007.04.05 14:54:49.441,0.9716,0.9718,0.80,13.60
2007.04.05 14:54:53.197,0.9715,0.9718,7.20,8.00
2007.04.05 14:54:54.227,0.9716,0.97185,0.80,29.50
2007.04.05 14:54:56.620,0.97155,0.9718,16.80,5.60
2007.04.05 14:54:57.264,0.97155,0.9718,8.80,13.60
2007.04.05 14:55:40.841,0.9715,0.9717,4.80,0.80
2007.04.05 14:55:47.819,0.9715,0.9717,4.80,3.20
2007.04.05 14:55:48.230,0.9715,0.9717,0.80,3.20
2007.04.05 14:55:48.533,0.9715,0.9717,0.80,11.20
2007.04.05 14:55:49.710,0.9715,0.9717,0.80,11.20
2007.04.05 14:55:52.437,0.97135,0.9717,24.70,13.60
2007.04.05 14:55:52.686,0.9714,0.9716,2.80,2.40
2007.04.05 14:55:54.000,0.9714,0.9716,2.30,3.20
2007.04.05 14:55:54.511,0.97135,0.9716,8.70,11.20
2007.04.05 14:55:55.918,0.97125,0.9716,24.70,11.20
2007.04.05 14:55:56.390,0.97125,0.9715,24.70,0.80
2007.04.05 14:55:56.783,0.97125,0.9715,20.70,3.20
2007.04.05 14:55:57.110,0.9713,0.9715,0.80,3.20
2007.04.05 14:55:57.330,0.97125,0.9715,1.00,2.40
2007.04.05 14:55:57.812,0.9712,0.97155,30.40,8.00
2007.04.05 14:55:58.055,0.97135,0.9716,8.70,13.60
2007.04.05 14:55:59.009,0.9713,0.9715,4.70,0.80
2007.04.05 14:56:00.980,0.9714,0.9716,0.80,13.60
2007.04.05 14:56:02.001,0.97125,0.9716,28.80,11.20
2007.04.05 14:56:04.347,0.9713,0.9715,2.10,0.80
2007.04.05 14:56:04.573,0.9713,0.9715,2.10,0.80
2007.04.05 14:56:06.118,0.97125,0.9715,20.70,0.80
2007.04.05 14:56:12.535,0.97115,0.9715,27.10,8.80
2007.04.05 14:56:12.792,0.97115,0.9715,24.70,11.20
2007.04.05 14:56:17.418,0.9712,0.9715,7.20,11.20
2007.04.05 14:56:17.793,0.9713,0.9715,0.80,0.80
2007.04.05 14:56:19.971,0.97125,0.9715,4.00,0.80
2007.04.05 14:56:20.176,0.9712,0.9715,4.80,11.20
2007.04.05 14:56:22.322,0.9713,0.9715,0.80,11.20
2007.04.05 14:56:22.656,0.9713,0.9715,0.80,0.80
2007.04.05 14:56:27.945,0.97125,0.9715,4.00,3.20
2007.04.05 14:56:29.704,0.9712,0.9715,8.80,11.20
2007.04.05 14:56:35.090,0.9712,0.9715,3.50,11.20
2007.04.05 14:56:44.474,0.97115,0.9714,24.70,0.80
2007.04.05 14:56:44.943,0.97115,0.9714,24.70,0.80
2007.04.05 14:56:45.181,0.97115,0.9714,20.70,0.80
2007.04.05 14:56:51.101,0.9712,0.9714,2.10,0.80
2007.04.05 14:56:51.466,0.97125,0.97145,12.70,8.00
2007.04.05 14:56:51.687,0.97125,0.9715,12.70,3.20
2007.04.05 14:56:51.912,0.97125,0.9715,12.70,0.80
2007.04.05 14:56:53.365,0.97125,0.9715,2.40,8.80
2007.04.05 14:56:53.679,0.9712,0.9715,4.60,11.20
2007.04.05 14:56:54.988,0.97115,0.9714,12.70,3.20
2007.04.05 14:57:02.190,0.97115,0.9714,16.70,3.20
2007.04.05 14:57:03.715,0.97115,0.9714,19.10,2.40
2007.04.05 14:57:04.926,0.9712,0.97145,2.30,8.00
2007.04.05 14:57:05.944,0.9712,0.9715,3.10,11.20
2007.04.05 14:57:06.450,0.9712,0.9715,3.60,10.40
2007.04.05 14:57:06.762,0.97115,0.9715,29.50,8.00
2007.04.05 14:57:08.081,0.9712,0.9715,3.10,8.80
2007.04.05 14:57:08.393,0.97125,0.9715,1.40,3.20
2007.04.05 14:57:09.988,0.97125,0.9715,11.10,3.20
2007.04.05 14:57:30.446,0.97125,0.9715,2.40,3.20
2007.04.05 14:57:32.246,0.9712,0.9715,15.20,3.20
2007.04.05 14:57:32.470,0.9712,0.9715,7.20,11.20
2007.04.05 14:57:33.218,0.9712,0.9715,8.80,11.20
2007.04.05 14:57:36.474,0.9712,0.97145,4.00,19.10
2007.04.05 14:57:36.807,0.9712,0.97145,4.00,27.10
2007.04.05 14:57:42.888,0.9712,0.97145,0.70,27.10
2007.04.05 14:57:47.004,0.9712,0.97145,4.80,8.00
2007.04.05 14:57:48.473,0.9712,0.9715,8.80,11.20
2007.04.05 14:57:53.133,0.9711,0.9714,11.20,8.80
2007.04.05 14:57:53.960,0.9711,0.9714,11.20,8.00
2007.04.05 14:57:54.169,0.9712,0.9714,4.00,8.00
2007.04.05 14:57:54.611,0.9712,0.97145,4.00,27.10
2007.04.05 14:57:55.445,0.9712,0.97145,4.80,27.10
2007.04.05 14:57:55.868,0.9712,0.9715,8.80,13.60
2007.04.05 14:57:59.112,0.9712,0.9715,4.80,13.60
2007.04.05 14:57:59.414,0.9712,0.9714,4.00,0.80
2007.04.05 14:57:59.936,0.97115,0.9714,8.00,3.20
2007.04.05 14:58:00.147,0.9712,0.9714,4.00,11.20
2007.04.05 14:58:03.779,0.9712,0.9714,4.00,10.40
2007.04.05 14:58:04.336,0.9712,0.9714,4.00,11.20
2007.04.05 14:58:04.724,0.9712,0.9714,4.00,8.80
2007.04.05 14:58:04.977,0.9711,0.9714,11.20,8.00
2007.04.05 14:58:05.932,0.9711,0.9714,11.20,11.20
2007.04.05 14:58:06.217,0.9711,0.9714,8.80,13.60
2007.04.05 14:58:09.190,0.9711,0.97135,8.00,19.10
2007.04.05 14:58:11.716,0.9711,0.9714,8.80,11.20
2007.04.05 14:58:12.121,0.9711,0.9714,11.20,8.80
2007.04.05 14:58:14.034,0.9711,0.97135,10.40,19.10
2007.04.05 14:58:17.060,0.9711,0.9714,11.20,8.80
2007.04.05 14:58:28.679,0.9711,0.9713,7.20,0.80
2007.04.05 14:58:28.995,0.9711,0.9713,4.80,0.80
2007.04.05 14:58:31.552,0.9711,0.97135,8.80,8.00
2007.04.05 14:58:31.937,0.9711,0.97135,11.20,8.00
2007.04.05 14:58:32.543,0.9712,0.97135,3.20,8.00
2007.04.05 14:58:33.274,0.9712,0.9714,3.20,8.80
2007.04.05 14:58:33.719,0.9712,0.9714,3.20,0.80
2007.04.05 14:58:34.043,0.9712,0.97145,2.40,31.10
2007.04.05 14:58:34.290,0.9712,0.97145,0.80,31.10
2007.04.05 14:58:34.298,0.97115,0.97145,0.50,31.10
2007.04.05 14:58:34.716,0.97105,0.9713,16.00,0.80
2007.04.05 14:58:36.295,0.97105,0.9713,8.00,0.80
2007.04.05 14:58:37.105,0.97105,0.9713,1.30,0.80
2007.04.05 14:58:44.545,0.97105,0.9713,15.10,0.80
2007.04.05 14:58:48.552,0.9711,0.9713,0.50,0.80
2007.04.05 14:58:48.758,0.971,0.97135,17.60,31.10
2007.04.05 14:58:49.074,0.97095,0.9712,27.10,0.80
2007.04.05 14:58:50.230,0.97095,0.9712,23.10,0.80
2007.04.05 14:58:50.947,0.97105,0.9712,1.60,0.80
2007.04.05 14:58:53.550,0.971,0.9712,0.80,0.80
2007.04.05 14:58:54.899,0.971,0.9713,1.90,11.20
2007.04.05 14:58:55.184,0.97095,0.9713,27.10,11.20
2007.04.05 14:58:55.488,0.97095,0.9713,29.50,8.80
2007.04.05 14:58:55.935,0.97105,0.9713,7.20,8.80
2007.04.05 14:58:56.211,0.97105,0.9713,7.20,0.80
2007.04.05 14:58:57.370,0.97105,0.9713,23.10,0.80
2007.04.05 14:58:58.759,0.9711,0.9713,0.80,0.80
2007.04.05 14:58:59.642,0.9711,0.9713,1.10,0.80
2007.04.05 14:59:00.780,0.97105,0.9713,24.70,0.80
2007.04.05 14:59:06.172,0.9711,0.97135,4.80,8.00
2007.04.05 14:59:06.469,0.97115,0.97135,4.00,8.00
2007.04.05 14:59:06.772,0.97115,0.9714,4.00,11.20
2007.04.05 14:59:06.991,0.97115,0.9714,4.00,3.20
2007.04.05 14:59:09.325,0.9712,0.9714,0.80,2.40
2007.04.05 14:59:09.588,0.9712,0.9714,0.80,0.80
2007.04.05 14:59:09.801,0.9712,0.9714,0.80,3.20
2007.04.05 14:59:10.077,0.9712,0.9714,12.80,3.20
2007.04.05 14:59:10.680,0.9712,0.9714,12.80,2.40
2007.04.05 14:59:10.913,0.9712,0.9715,12.80,10.40
2007.04.05 14:59:11.230,0.9714,0.9715,0.80,10.40
2007.04.05 14:59:13.092,0.9714,0.9715,0.80,8.00
2007.04.05 14:59:13.334,0.9713,0.9716,11.20,3.20
2007.04.05 14:59:13.798,0.97135,0.97165,4.00,27.10
2007.04.05 14:59:15.466,0.9714,0.97165,0.80,8.00
2007.04.05 14:59:15.724,0.9715,0.97165,0.80,8.00
2007.04.05 14:59:16.929,0.9715,0.9717,0.80,3.20
2007.04.05 14:59:18.943,0.9715,0.9717,0.80,2.40
2007.04.05 14:59:19.481,0.9715,0.9717,0.80,3.20
2007.04.05 14:59:22.272,0.9715,0.9717,0.80,0.80
2007.04.05 14:59:23.101,0.9715,0.97175,0.80,12.00
2007.04.05 14:59:23.337,0.9715,0.97175,7.20,8.00
2007.04.05 14:59:23.798,0.9716,0.97175,0.80,8.00
2007.04.05 14:59:24.041,0.9715,0.97175,6.40,27.10
2007.04.05 14:59:24.386,0.97155,0.9717,2.40,0.80
2007.04.05 14:59:25.683,0.9715,0.9717,15.20,0.80
2007.04.05 14:59:25.889,0.9715,0.97175,7.20,8.00
2007.04.05 14:59:26.938,0.9716,0.97175,0.80,8.00
2007.04.05 14:59:29.903,0.9716,0.9718,0.80,0.80
2007.04.05 14:59:32.015,0.97155,0.9717,2.40,0.80
2007.04.05 14:59:32.275,0.9716,0.9717,0.80,2.40
2007.04.05 14:59:32.886,0.9716,0.9718,0.80,0.80
2007.04.05 14:59:34.480,0.97155,0.9718,2.40,0.80
2007.04.05 14:59:34.819,0.97155,0.97175,2.40,19.10
2007.04.05 14:59:35.116,0.97155,0.9718,2.40,3.20
2007.04.05 14:59:35.407,0.9716,0.9718,3.20,0.80
2007.04.05 14:59:36.157,0.9716,0.9718,2.40,0.80
2007.04.05 14:59:36.666,0.97155,0.9718,10.40,3.20
2007.04.05 14:59:37.272,0.97155,0.9717,10.40,0.80
2007.04.05 14:59:37.588,0.9716,0.9717,2.40,0.80
2007.04.05 14:59:37.928,0.9716,0.9718,3.20,3.20
2007.04.05 14:59:38.158,0.9716,0.9718,3.20,11.20
2007.04.05 14:59:38.587,0.9716,0.9718,0.80,8.80
2007.04.05 14:59:39.081,0.9715,0.9718,12.00,8.80
2007.04.05 14:59:39.409,0.9716,0.9718,3.20,0.80
2007.04.05 14:59:41.515,0.9716,0.97185,2.40,4.00
2007.04.05 14:59:42.795,0.9716,0.97175,2.40,23.10
2007.04.05 14:59:43.112,0.9715,0.9716,2.40,0.80
2007.04.05 14:59:45.041,0.9714,0.9716,5.60,0.80
2007.04.05 14:59:48.687,0.9714,0.9716,7.20,0.80
2007.04.05 14:59:50.675,0.9714,0.9716,4.80,3.20
2007.04.05 14:59:51.283,0.9714,0.9715,4.00,0.80
2007.04.05 14:59:52.173,0.9714,0.9716,4.80,3.20
2007.04.05 14:59:52.771,0.9714,0.9715,4.00,0.80
2007.04.05 14:59:53.214,0.9714,0.97155,4.00,8.00
2007.04.05 14:59:53.494,0.9713,0.97155,0.80,8.00
2007.04.05 14:59:53.789,0.97125,0.97155,23.90,8.00
2007.04.05 14:59:54.158,0.9714,0.97155,0.80,8.00
2007.04.05 14:59:56.355,0.9714,0.9716,0.80,0.80
2007.04.05 14:59:59.872,0.9714,0.97155,0.80,19.10
