2012.11.29 02:00:10.468,0.85937,0.8595,1.73,1.73
2012.11.29 02:00:14.134,0.85937,0.85952,1.50,2.48
2012.11.29 02:00:14.701,0.85935,0.85948,2.48,1.73
2012.11.29 02:00:19.007,0.85938,0.85951,1.50,1.73
2012.11.29 02:00:19.076,0.85939,0.85956,2.48,1.73
2012.11.29 02:00:19.256,0.85939,0.85956,2.48,3.23
2012.11.29 02:00:19.317,0.85939,0.85956,1.50,4.73
2012.11.29 02:00:20.001,0.85937,0.85956,2.48,6.60
2012.11.29 02:00:21.077,0.85936,0.85953,1.73,1.73
2012.11.29 02:00:21.198,0.85935,0.85951,2.48,2.48
2012.11.29 02:00:23.507,0.85935,0.85951,1.73,3.23
2012.11.29 02:00:27.247,0.85935,0.85951,2.48,1.73
2012.11.29 02:00:30.837,0.85935,0.85951,1.73,1.73
2012.11.29 02:00:31.378,0.85935,0.85953,3.98,1.73
2012.11.29 02:00:31.823,0.85935,0.85953,3.98,1.73
2012.11.29 02:00:32.068,0.85943,0.85956,1.73,1.13
2012.11.29 02:00:32.469,0.85943,0.85957,1.73,1.35
2012.11.29 02:00:32.977,0.85943,0.85957,1.73,1.35
2012.11.29 02:00:33.607,0.85944,0.85957,1.73,1.35
2012.11.29 02:00:42.048,0.85948,0.85959,1.50,1.35
2012.11.29 02:00:42.109,0.85948,0.85959,2.63,1.35
2012.11.29 02:00:42.477,0.85946,0.8596,1.50,2.48
2012.11.29 02:00:42.717,0.85942,0.85957,2.48,3.38
2012.11.29 02:00:42.778,0.85942,0.85957,2.48,3.60
2012.11.29 02:00:42.908,0.85942,0.85957,1.73,3.60
2012.11.29 02:00:43.207,0.85937,0.85953,1.73,1.50
2012.11.29 02:00:43.557,0.85937,0.85953,1.73,1.73
2012.11.29 02:00:44.388,0.8594,0.85955,1.73,3.23
2012.11.29 02:00:44.687,0.85938,0.85952,3.23,2.85
2012.11.29 02:00:45.068,0.85939,0.85953,1.73,2.48
2012.11.29 02:00:46.518,0.85938,0.85954,2.48,2.48
2012.11.29 02:00:46.697,0.85942,0.85957,1.73,3.60
2012.11.29 02:00:47.296,0.85942,0.85957,1.73,4.35
2012.11.29 02:00:47.366,0.8594,0.85955,1.73,1.73
2012.11.29 02:00:48.849,0.85938,0.85954,2.85,2.25
2012.11.29 02:00:49.188,0.85935,0.8595,2.36,1.50
2012.11.29 02:00:49.248,0.85932,0.85948,3.98,1.73
2012.11.29 02:00:49.367,0.85932,0.85948,2.48,1.73
2012.11.29 02:00:49.938,0.8593,0.85947,2.85,1.73
2012.11.29 02:00:50.015,0.85933,0.85947,1.73,1.73
2012.11.29 02:00:50.317,0.85937,0.85952,1.73,2.10
2012.11.29 02:00:51.168,0.85937,0.8595,1.73,1.50
2012.11.29 02:00:51.347,0.85937,0.8595,1.73,3.23
2012.11.29 02:00:55.938,0.85935,0.85949,2.48,1.73
2012.11.29 02:00:58.579,0.85935,0.85949,2.48,1.73
2012.11.29 02:01:03.988,0.85936,0.85951,1.73,1.73
2012.11.29 02:01:04.048,0.85936,0.85952,2.48,2.10
2012.11.29 02:01:04.407,0.8594,0.85955,1.73,4.35
2012.11.29 02:01:04.967,0.8594,0.85955,1.73,2.10
2012.11.29 02:01:09.278,0.85939,0.85955,1.73,1.35
2012.11.29 02:01:16.384,0.85939,0.85955,2.48,2.10
2012.11.29 02:01:17.038,0.85939,0.85955,1.73,2.10
2012.11.29 02:01:18.582,0.85939,0.85955,1.73,2.10
2012.11.29 02:01:19.200,0.85939,0.85952,1.73,1.50
2012.11.29 02:01:19.548,0.85937,0.85951,2.48,2.10
2012.11.29 02:01:21.169,0.85935,0.85949,1.73,1.50
2012.11.29 02:01:21.298,0.85935,0.85949,1.73,2.48
2012.11.29 02:01:23.169,0.85935,0.8595,2.48,1.50
2012.11.29 02:01:23.238,0.85936,0.85953,2.48,1.73
2012.11.29 02:01:23.799,0.85936,0.85952,3.23,1.35
2012.11.29 02:01:24.509,0.85936,0.85952,1.73,1.35
2012.11.29 02:01:24.579,0.85936,0.85952,1.73,2.10
2012.11.29 02:01:24.708,0.85936,0.85952,1.73,2.10
2012.11.29 02:01:28.829,0.85936,0.85952,3.23,2.10
2012.11.29 02:01:31.378,0.85939,0.85956,3.98,2.10
2012.11.29 02:01:31.689,0.85939,0.85957,4.73,4.35
2012.11.29 02:01:48.158,0.85939,0.85956,2.48,2.10
2012.11.29 02:01:59.688,0.85936,0.85952,2.48,1.35
2012.11.29 02:02:00.227,0.85936,0.85952,2.48,1.35
2012.11.29 02:02:00.547,0.85936,0.85952,2.48,1.35
2012.11.29 02:02:13.669,0.85936,0.85951,3.23,1.73
2012.11.29 02:02:18.398,0.85936,0.85952,3.98,1.73
2012.11.29 02:02:19.088,0.85939,0.85954,1.73,1.73
2012.11.29 02:02:23.337,0.85941,0.85957,2.48,2.10
2012.11.29 02:02:23.518,0.8594,0.85957,1.73,2.10
2012.11.29 02:02:28.397,0.85943,0.85957,2.85,1.13
2012.11.29 02:02:28.697,0.85946,0.85958,1.73,1.35
2012.11.29 02:02:30.838,0.85946,0.85957,1.73,1.35
2012.11.29 02:02:31.388,0.85948,0.85964,1.73,1.73
2012.11.29 02:02:31.938,0.8595,0.85965,2.48,3.23
2012.11.29 02:02:32.118,0.8595,0.85966,1.58,1.73
2012.11.29 02:02:32.939,0.85953,0.85966,1.73,2.25
2012.11.29 02:02:33.017,0.85953,0.85966,1.73,2.40
2012.11.29 02:02:33.519,0.85953,0.85966,1.73,3.98
2012.11.29 02:02:40.033,0.85956,0.85969,1.50,3.23
2012.11.29 02:02:40.099,0.85956,0.8597,1.73,2.10
2012.11.29 02:02:40.287,0.85956,0.85972,1.73,1.73
2012.11.29 02:02:44.769,0.85956,0.85969,1.73,1.73
2012.11.29 02:02:45.087,0.85956,0.85974,2.10,3.60
2012.11.29 02:02:45.328,0.85961,0.85974,1.73,1.35
2012.11.29 02:02:48.597,0.85962,0.85975,1.73,1.73
2012.11.29 02:02:49.448,0.8596,0.85973,1.73,1.73
2012.11.29 02:02:49.579,0.85961,0.85975,1.73,2.10
2012.11.29 02:02:56.480,0.85961,0.85975,1.73,1.35
2012.11.29 02:02:58.459,0.85961,0.85976,1.73,2.85
2012.11.29 02:02:59.767,0.85961,0.85975,1.73,3.23
2012.11.29 02:02:59.888,0.8596,0.85975,1.73,3.23
2012.11.29 02:03:00.189,0.85963,0.85977,1.73,1.73
2012.11.29 02:03:00.499,0.85966,0.85978,2.48,1.73
2012.11.29 02:03:01.048,0.85966,0.85981,2.48,2.10
2012.11.29 02:03:01.368,0.85967,0.85982,2.48,1.73
2012.11.29 02:03:13.309,0.85965,0.85981,2.48,1.73
2012.11.29 02:03:13.497,0.85962,0.85979,2.48,2.85
2012.11.29 02:03:13.799,0.85961,0.85976,3.23,1.73
2012.11.29 02:03:13.868,0.85961,0.85976,2.48,1.73
2012.11.29 02:03:14.108,0.85958,0.85977,1.73,2.85
2012.11.29 02:03:14.654,0.85959,0.85977,2.48,1.35
2012.11.29 02:03:14.837,0.85957,0.85975,1.73,1.73
2012.11.29 02:03:14.958,0.85958,0.85975,1.73,1.73
2012.11.29 02:03:15.077,0.85958,0.85975,1.73,1.35
2012.11.29 02:03:15.198,0.85958,0.85975,1.73,1.35
2012.11.29 02:03:15.506,0.85958,0.85976,2.85,1.35
2012.11.29 02:03:15.757,0.85958,0.85976,2.85,1.35
2012.11.29 02:03:15.938,0.85958,0.85975,2.48,1.35
2012.11.29 02:03:16.536,0.85959,0.85976,1.73,2.48
2012.11.29 02:03:16.659,0.85959,0.85977,3.23,1.35
2012.11.29 02:03:17.029,0.85957,0.85975,3.23,1.35
2012.11.29 02:03:17.370,0.85962,0.85979,3.23,1.73
2012.11.29 02:03:17.737,0.85969,0.85982,1.50,2.55
2012.11.29 02:03:18.158,0.8597,0.85981,2.48,1.50
2012.11.29 02:03:18.218,0.8597,0.85985,2.48,3.60
2012.11.29 02:03:18.278,0.85972,0.85984,1.73,3.00
2012.11.29 02:03:18.760,0.85972,0.85981,1.50,2.25
2012.11.29 02:03:19.109,0.85969,0.85981,1.73,2.25
2012.11.29 02:03:19.730,0.85969,0.85984,2.48,2.48
2012.11.29 02:03:19.979,0.85971,0.85987,3.23,2.48
2012.11.29 02:03:20.419,0.85977,0.85988,1.50,2.48
2012.11.29 02:03:20.791,0.85977,0.85988,1.73,2.25
2012.11.29 02:03:21.251,0.85974,0.85988,3.23,2.48
2012.11.29 02:03:21.322,0.8598,0.85988,1.50,2.48
2012.11.29 02:03:21.748,0.85981,0.85995,2.25,1.73
2012.11.29 02:03:23.049,0.85975,0.85991,1.73,2.85
2012.11.29 02:03:23.128,0.85972,0.85991,3.98,3.60
2012.11.29 02:03:23.778,0.85972,0.85989,2.48,1.35
2012.11.29 02:03:24.979,0.85973,0.8599,1.73,4.73
2012.11.29 02:03:25.339,0.85972,0.85985,2.48,1.73
2012.11.29 02:03:25.860,0.85969,0.85982,2.48,1.50
2012.11.29 02:03:28.949,0.85971,0.85984,2.48,1.35
2012.11.29 02:03:29.018,0.85971,0.85985,2.48,1.73
2012.11.29 02:03:30.539,0.85971,0.85986,3.23,1.73
2012.11.29 02:03:31.840,0.85974,0.85988,2.48,1.13
2012.11.29 02:03:32.088,0.85977,0.85989,1.73,1.50
2012.11.29 02:03:33.050,0.85977,0.8599,1.73,1.73
2012.11.29 02:03:33.418,0.85977,0.8599,1.73,1.50
2012.11.29 02:03:33.477,0.85978,0.85991,2.48,1.73
2012.11.29 02:03:33.839,0.85977,0.85992,1.73,2.10
2012.11.29 02:03:33.967,0.85977,0.85989,1.73,1.73
2012.11.29 02:03:34.608,0.85974,0.85985,1.73,1.13
2012.11.29 02:03:40.428,0.85972,0.85981,3.23,1.13
2012.11.29 02:03:40.488,0.8597,0.85981,4.73,1.13
2012.11.29 02:03:42.838,0.85972,0.85986,1.73,2.85
2012.11.29 02:03:42.968,0.85976,0.85986,1.50,2.85
2012.11.29 02:03:43.327,0.85976,0.85986,1.73,1.13
2012.11.29 02:03:43.449,0.85975,0.85985,2.48,1.13
2012.11.29 02:03:43.817,0.85975,0.85987,1.73,1.13
2012.11.29 02:03:44.141,0.8598,0.85991,1.73,2.63
2012.11.29 02:03:50.998,0.85981,0.85996,1.73,3.98
2012.11.29 02:03:51.598,0.85978,0.85995,3.23,1.73
2012.11.29 02:03:53.477,0.85979,0.85994,1.73,4.73
2012.11.29 02:03:54.557,0.85975,0.8599,1.73,1.73
2012.11.29 02:03:54.678,0.85975,0.8599,1.73,1.73
2012.11.29 02:03:55.979,0.85971,0.85985,2.48,1.13
2012.11.29 02:03:56.347,0.85971,0.85984,1.73,1.73
2012.11.29 02:03:56.647,0.85972,0.85988,1.73,1.73
2012.11.29 02:03:58.746,0.85973,0.8599,1.73,1.73
2012.11.29 02:03:59.269,0.85971,0.85986,3.98,1.35
2012.11.29 02:03:59.399,0.85971,0.85986,3.98,1.35
2012.11.29 02:03:59.798,0.85971,0.85982,1.50,1.35
2012.11.29 02:03:59.867,0.85971,0.85982,1.50,1.35
2012.11.29 02:03:59.987,0.85971,0.85986,1.50,3.23
2012.11.29 02:04:00.048,0.85971,0.85986,1.73,3.98
2012.11.29 02:04:03.958,0.8597,0.85988,1.35,4.73
2012.11.29 02:04:05.629,0.85977,0.8599,1.50,1.73
2012.11.29 02:04:05.878,0.85978,0.85994,1.73,1.35
2012.11.29 02:04:05.938,0.85978,0.85994,2.25,1.13
2012.11.29 02:04:06.118,0.85984,0.85999,1.73,1.73
2012.11.29 02:04:07.119,0.85982,0.85998,2.48,1.50
2012.11.29 02:04:07.477,0.85982,0.85997,2.48,1.73
2012.11.29 02:04:09.738,0.85987,0.85999,2.25,1.73
2012.11.29 02:04:09.798,0.85987,0.86,2.48,1.35
2012.11.29 02:04:11.408,0.8599,0.86005,2.48,1.35
2012.11.29 02:04:11.588,0.8599,0.86005,2.48,1.35
2012.11.29 02:04:11.964,0.8599,0.86005,2.48,1.35
2012.11.29 02:04:12.101,0.85987,0.85999,3.23,1.13
2012.11.29 02:04:12.409,0.85988,0.86005,1.73,1.35
2012.11.29 02:04:12.538,0.85989,0.86006,3.60,3.23
2012.11.29 02:04:13.648,0.8599,0.86004,4.73,1.35
2012.11.29 02:04:14.008,0.85987,0.86004,2.48,1.35
2012.11.29 02:04:14.068,0.85987,0.86004,2.48,1.35
2012.11.29 02:04:14.128,0.85987,0.86004,1.73,2.10
2012.11.29 02:04:14.189,0.85987,0.86003,1.50,1.41
2012.11.29 02:04:14.804,0.85985,0.86002,2.85,2.48
2012.11.29 02:04:14.870,0.85985,0.86002,2.85,2.48
2012.11.29 02:04:15.059,0.85989,0.86002,1.73,1.73
2012.11.29 02:04:15.548,0.85986,0.86,1.50,2.10
2012.11.29 02:04:16.058,0.85984,0.86,1.73,2.10
2012.11.29 02:04:16.709,0.85983,0.86,2.48,2.10
2012.11.29 02:04:16.957,0.85986,0.86003,1.88,1.73
2012.11.29 02:04:17.078,0.85991,0.86005,1.73,2.85
2012.11.29 02:04:18.097,0.85991,0.86005,1.73,2.48
2012.11.29 02:04:18.158,0.8599,0.86005,1.73,3.23
2012.11.29 02:04:19.259,0.8599,0.86005,1.73,2.48
2012.11.29 02:04:19.618,0.85987,0.86004,3.98,2.48
2012.11.29 02:04:19.798,0.85991,0.86006,1.73,2.25
2012.11.29 02:04:20.488,0.85992,0.86008,1.73,2.85
2012.11.29 02:04:21.608,0.85992,0.86008,3.23,2.10
2012.11.29 02:04:22.030,0.85996,0.86009,1.73,1.13
2012.11.29 02:04:22.587,0.85996,0.86012,5.48,1.03
2012.11.29 02:04:22.888,0.85999,0.86012,1.50,1.03
2012.11.29 02:04:23.425,0.85999,0.86015,1.73,1.41
2012.11.29 02:04:23.561,0.85999,0.86015,1.73,1.35
2012.11.29 02:04:24.009,0.85999,0.86014,1.73,1.35
2012.11.29 02:04:25.238,0.85996,0.86012,1.73,1.73
2012.11.29 02:04:27.239,0.85994,0.86009,1.73,3.98
2012.11.29 02:04:27.489,0.85993,0.86007,1.73,2.48
2012.11.29 02:04:29.469,0.85993,0.86008,1.73,1.35
2012.11.29 02:04:30.017,0.85991,0.86008,3.23,1.73
2012.11.29 02:04:30.144,0.85991,0.86009,1.73,2.48
2012.11.29 02:04:30.538,0.85993,0.86009,2.48,1.73
2012.11.29 02:04:31.118,0.85991,0.86008,2.48,1.73
2012.11.29 02:04:31.298,0.85991,0.86008,1.73,1.73
2012.11.29 02:04:32.786,0.85988,0.86001,2.48,2.25
2012.11.29 02:04:32.861,0.85987,0.86001,2.48,3.23
2012.11.29 02:04:32.929,0.85987,0.86001,2.48,3.23
2012.11.29 02:04:33.478,0.85985,0.85998,1.50,1.73
2012.11.29 02:04:34.000,0.85985,0.85998,1.50,1.73
2012.11.29 02:04:34.657,0.85984,0.85995,1.73,2.33
2012.11.29 02:04:35.138,0.85984,0.85996,1.50,2.48
2012.11.29 02:04:35.639,0.85985,0.85997,1.50,2.48
2012.11.29 02:04:36.059,0.85985,0.85997,1.50,2.48
2012.11.29 02:04:36.307,0.85984,0.85999,2.48,1.35
2012.11.29 02:04:36.547,0.85984,0.85999,2.25,1.73
2012.11.29 02:04:40.318,0.85984,0.85998,1.50,2.10
2012.11.29 02:04:40.379,0.85984,0.85998,1.73,2.10
2012.11.29 02:04:41.498,0.85984,0.85998,1.73,1.73
2012.11.29 02:04:42.057,0.8598,0.85993,3.23,1.73
2012.11.29 02:04:42.358,0.85983,0.85999,1.73,2.48
2012.11.29 02:04:42.744,0.85988,0.86001,1.73,2.10
2012.11.29 02:04:43.498,0.85985,0.85999,1.73,2.10
2012.11.29 02:04:43.798,0.85985,0.85999,1.50,2.48
2012.11.29 02:04:44.219,0.85986,0.86002,1.35,3.23
2012.11.29 02:04:44.558,0.85988,0.86004,1.73,2.85
2012.11.29 02:04:44.868,0.85985,0.86,2.48,2.48
2012.11.29 02:04:44.927,0.85985,0.86,1.73,2.48
2012.11.29 02:04:46.062,0.85983,0.86,1.73,2.48
2012.11.29 02:04:47.079,0.8598,0.85997,2.48,1.35
2012.11.29 02:04:47.381,0.85983,0.85998,1.73,1.35
2012.11.29 02:04:47.910,0.85983,0.86001,3.23,3.98
2012.11.29 02:04:48.488,0.85984,0.85999,1.73,2.48
2012.11.29 02:04:48.729,0.85984,0.86001,1.73,2.48
2012.11.29 02:04:50.609,0.85982,0.85997,1.73,2.48
2012.11.29 02:04:50.918,0.85982,0.86,3.23,1.73
2012.11.29 02:04:51.158,0.85984,0.86001,1.35,6.23
2012.11.29 02:04:51.518,0.85984,0.86,2.48,3.23
2012.11.29 02:04:53.701,0.85983,0.86,1.73,1.73
2012.11.29 02:04:53.768,0.85983,0.86,1.73,1.73
2012.11.29 02:04:54.289,0.8598,0.85997,1.73,1.35
2012.11.29 02:04:54.848,0.8598,0.85996,1.73,2.10
2012.11.29 02:04:55.029,0.85979,0.85996,1.73,2.10
2012.11.29 02:04:57.570,0.85982,0.85996,1.73,2.10
2012.11.29 02:04:57.817,0.85984,0.85999,1.73,1.13
2012.11.29 02:04:58.059,0.85984,0.86001,1.73,1.50
2012.11.29 02:04:58.187,0.85985,0.86002,1.73,1.35
2012.11.29 02:04:58.699,0.85986,0.86003,1.73,3.98
2012.11.29 02:04:58.828,0.85988,0.86004,1.73,2.25
2012.11.29 02:04:59.188,0.85988,0.86004,1.73,2.25
2012.11.29 02:04:59.376,0.85988,0.86001,1.73,2.63
2012.11.29 02:05:01.929,0.85989,0.86004,1.73,4.73
2012.11.29 02:05:02.179,0.85989,0.86004,1.73,2.25
2012.11.29 02:05:02.948,0.85989,0.86004,1.73,2.25
2012.11.29 02:05:03.068,0.85989,0.86002,1.73,2.85
2012.11.29 02:05:10.118,0.85985,0.86002,2.48,2.85
2012.11.29 02:05:10.238,0.85986,0.86002,1.73,2.85
2012.11.29 02:05:12.508,0.85987,0.86,2.10,1.50
2012.11.29 02:05:12.628,0.85987,0.86003,2.85,2.25
2012.11.29 02:05:12.871,0.85986,0.86002,1.73,2.85
2012.11.29 02:05:15.469,0.85986,0.85999,2.48,1.50
2012.11.29 02:05:15.971,0.85986,0.86002,1.73,2.85
2012.11.29 02:05:16.040,0.85986,0.86001,1.73,2.48
2012.11.29 02:05:16.227,0.85986,0.86002,1.73,3.98
2012.11.29 02:05:16.288,0.85986,0.86001,1.73,1.35
2012.11.29 02:05:17.550,0.85986,0.85999,1.73,2.48
2012.11.29 02:05:17.677,0.85986,0.85998,1.50,2.10
2012.11.29 02:05:18.461,0.85982,0.85997,1.73,1.35
2012.11.29 02:05:18.810,0.85983,0.85997,1.50,2.85
2012.11.29 02:05:23.169,0.85983,0.85997,1.50,3.60
2012.11.29 02:05:23.539,0.85983,0.85997,1.50,3.60
2012.11.29 02:05:23.732,0.85979,0.85993,1.73,1.35
2012.11.29 02:05:23.799,0.85979,0.85995,1.73,1.35
2012.11.29 02:05:24.338,0.85978,0.85993,3.23,1.35
2012.11.29 02:05:24.949,0.8598,0.85995,1.73,1.35
2012.11.29 02:05:26.318,0.8598,0.85995,1.50,3.23
2012.11.29 02:05:26.629,0.85979,0.85996,1.35,1.73
2012.11.29 02:05:29.179,0.85982,0.86,1.73,1.35
2012.11.29 02:05:29.762,0.85982,0.86,1.73,1.35
2012.11.29 02:05:30.574,0.85982,0.86,1.73,1.35
2012.11.29 02:05:32.018,0.85982,0.86,1.73,1.35
2012.11.29 02:05:32.581,0.85982,0.86,1.73,1.35
2012.11.29 02:05:36.468,0.85982,0.86,1.73,1.35
2012.11.29 02:05:47.470,0.85985,0.86002,1.73,3.23
2012.11.29 02:05:47.599,0.85992,0.86003,1.73,2.48
2012.11.29 02:05:47.671,0.85992,0.86003,1.73,2.48
2012.11.29 02:05:47.799,0.85992,0.86003,1.73,1.50
2012.11.29 02:05:48.320,0.85993,0.86008,1.73,2.85
2012.11.29 02:05:49.549,0.85993,0.86008,3.23,1.35
2012.11.29 02:05:54.268,0.85996,0.8601,1.73,1.35
2012.11.29 02:05:54.628,0.85996,0.8601,1.73,1.35
2012.11.29 02:05:56.451,0.85994,0.8601,3.23,1.35
2012.11.29 02:05:56.758,0.85998,0.86013,2.48,1.35
2012.11.29 02:05:57.449,0.85997,0.86013,2.48,1.35
2012.11.29 02:05:58.578,0.85999,0.8601,1.50,1.35
2012.11.29 02:05:59.328,0.85997,0.8601,2.48,1.35
2012.11.29 02:05:59.518,0.86,0.86015,3.00,2.48
2012.11.29 02:05:59.578,0.86001,0.8602,1.73,2.10
2012.11.29 02:06:00.124,0.86,0.86015,3.23,2.48
2012.11.29 02:06:00.428,0.86002,0.86015,1.73,2.48
2012.11.29 02:06:00.947,0.86002,0.86015,1.73,2.48
2012.11.29 02:06:01.309,0.86001,0.86012,3.00,1.35
2012.11.29 02:06:01.878,0.86001,0.86012,2.25,1.35
2012.11.29 02:06:02.418,0.85999,0.86013,1.73,2.48
2012.11.29 02:06:02.538,0.86,0.86013,1.73,1.35
2012.11.29 02:06:05.039,0.85997,0.86013,2.48,1.35
2012.11.29 02:06:05.597,0.86001,0.86013,2.25,1.35
2012.11.29 02:06:05.909,0.86001,0.86014,2.48,2.48
2012.11.29 02:06:06.464,0.86001,0.86012,2.25,1.35
2012.11.29 02:06:06.919,0.85999,0.86012,1.73,1.35
2012.11.29 02:06:06.988,0.85996,0.86012,1.73,1.35
2012.11.29 02:06:07.048,0.85996,0.8601,1.73,1.73
2012.11.29 02:06:10.470,0.85992,0.86004,1.50,1.95
2012.11.29 02:06:10.999,0.8599,0.86006,2.48,2.48
2012.11.29 02:06:13.978,0.85991,0.86008,3.23,3.23
2012.11.29 02:06:14.038,0.85991,0.86008,3.23,3.23
2012.11.29 02:06:17.409,0.85991,0.86005,1.50,2.70
2012.11.29 02:06:17.649,0.8599,0.86005,1.73,2.48
2012.11.29 02:06:17.769,0.8599,0.86005,2.48,3.60
2012.11.29 02:06:17.960,0.85989,0.86004,1.73,2.48
2012.11.29 02:06:20.378,0.85992,0.86008,1.73,1.73
2012.11.29 02:06:20.737,0.85996,0.86011,1.88,1.73
2012.11.29 02:06:21.258,0.85996,0.86014,2.10,4.20
2012.11.29 02:06:21.869,0.85995,0.86009,2.48,1.35
2012.11.29 02:06:21.929,0.85995,0.86009,1.50,1.35
2012.11.29 02:06:21.998,0.85995,0.86009,1.50,1.35
2012.11.29 02:06:23.074,0.85995,0.8601,1.50,2.48
2012.11.29 02:06:23.599,0.85994,0.8601,2.48,1.73
2012.11.29 02:06:24.239,0.85997,0.8601,3.23,1.73
2012.11.29 02:06:25.968,0.85998,0.86012,2.10,1.73
2012.11.29 02:06:26.089,0.85997,0.86012,1.73,3.23
2012.11.29 02:06:26.278,0.85999,0.86011,1.50,1.35
2012.11.29 02:06:26.462,0.85996,0.86011,1.73,1.35
2012.11.29 02:06:26.708,0.85999,0.86011,1.50,1.35
2012.11.29 02:06:27.929,0.85995,0.8601,1.73,1.35
2012.11.29 02:06:28.348,0.85994,0.86009,1.73,2.85
2012.11.29 02:06:28.830,0.85993,0.86007,1.73,2.48
2012.11.29 02:06:31.658,0.85996,0.86009,1.73,2.48
2012.11.29 02:06:32.268,0.85993,0.8601,3.23,2.85
2012.11.29 02:06:32.550,0.85993,0.86009,3.23,2.10
2012.11.29 02:06:33.159,0.85991,0.86006,1.73,1.35
2012.11.29 02:06:33.761,0.8599,0.86004,1.73,1.73
2012.11.29 02:06:35.280,0.85988,0.86,1.73,1.50
2012.11.29 02:06:36.469,0.85987,0.85998,1.73,1.50
2012.11.29 02:06:36.538,0.85987,0.85998,1.73,1.50
2012.11.29 02:06:36.859,0.85986,0.85994,1.73,1.50
2012.11.29 02:06:36.979,0.85984,0.85994,2.48,1.50
2012.11.29 02:06:37.099,0.85984,0.85996,1.73,1.73
2012.11.29 02:06:42.029,0.85982,0.85999,3.23,2.48
2012.11.29 02:06:46.959,0.85987,0.86,1.73,3.23
2012.11.29 02:06:47.149,0.85987,0.86001,1.73,3.98
2012.11.29 02:06:49.157,0.85987,0.85998,1.73,1.50
2012.11.29 02:06:50.113,0.85987,0.85997,1.73,1.50
2012.11.29 02:06:51.228,0.85987,0.85999,1.73,1.50
2012.11.29 02:06:51.732,0.85987,0.86,1.73,1.73
2012.11.29 02:06:52.168,0.85985,0.86,1.73,2.48
2012.11.29 02:06:52.528,0.85983,0.85999,3.23,3.98
2012.11.29 02:06:57.398,0.85982,0.85997,2.48,2.48
2012.11.29 02:06:57.580,0.85982,0.85995,1.73,1.73
2012.11.29 02:06:58.927,0.85979,0.85994,1.73,1.73
2012.11.29 02:06:59.480,0.85978,0.85994,2.48,2.48
2012.11.29 02:06:59.552,0.85978,0.85991,2.48,2.48
2012.11.29 02:07:00.088,0.85976,0.85989,1.73,2.48
2012.11.29 02:07:02.239,0.85974,0.85987,1.73,1.50
2012.11.29 02:07:02.429,0.85974,0.85987,1.73,2.25
2012.11.29 02:07:02.549,0.85973,0.85986,2.48,2.48
2012.11.29 02:07:06.027,0.85974,0.85989,1.73,2.48
2012.11.29 02:07:06.709,0.85972,0.85985,1.73,1.13
2012.11.29 02:07:06.769,0.85972,0.85983,1.73,1.73
2012.11.29 02:07:06.838,0.8597,0.85983,1.73,1.73
2012.11.29 02:07:07.377,0.85967,0.85983,1.65,3.23
2012.11.29 02:07:07.898,0.85966,0.85981,2.40,1.35
2012.11.29 02:07:08.140,0.85967,0.85984,2.48,1.73
2012.11.29 02:07:10.488,0.85966,0.8598,2.10,2.25
2012.11.29 02:07:10.668,0.85965,0.8598,2.10,3.98
2012.11.29 02:07:11.739,0.85964,0.85979,2.48,2.48
2012.11.29 02:07:12.158,0.85962,0.85976,3.23,1.35
2012.11.29 02:07:12.698,0.8596,0.85977,2.85,3.23
2012.11.29 02:07:14.068,0.8596,0.85971,1.35,1.50
2012.11.29 02:07:14.427,0.85957,0.85971,2.48,1.73
2012.11.29 02:07:16.809,0.85956,0.85968,1.73,1.50
2012.11.29 02:07:17.168,0.85954,0.85967,1.73,2.25
2012.11.29 02:07:17.348,0.85952,0.85962,2.48,1.73
2012.11.29 02:07:18.437,0.85949,0.85962,1.73,2.48
2012.11.29 02:07:18.898,0.85949,0.85965,2.10,2.48
2012.11.29 02:07:20.138,0.85949,0.85966,1.73,1.95
2012.11.29 02:07:20.379,0.85947,0.85963,3.98,1.13
2012.11.29 02:07:20.438,0.85947,0.85963,3.23,1.35
2012.11.29 02:07:20.995,0.85947,0.85961,3.23,1.73
2012.11.29 02:07:22.038,0.85945,0.85962,1.73,4.73
2012.11.29 02:07:22.219,0.85943,0.85957,1.73,1.35
2012.11.29 02:07:22.350,0.85943,0.85955,1.50,2.10
2012.11.29 02:07:22.788,0.85939,0.85952,1.73,1.35
2012.11.29 02:07:22.848,0.85937,0.85952,1.73,1.35
2012.11.29 02:07:25.378,0.85934,0.85949,1.73,1.73
2012.11.29 02:07:25.499,0.85933,0.85948,1.73,2.85
2012.11.29 02:07:25.618,0.85931,0.85947,3.23,2.48
2012.11.29 02:07:26.039,0.85931,0.85949,1.73,5.48
2012.11.29 02:07:28.268,0.85933,0.8595,3.60,3.08
2012.11.29 02:07:35.007,0.85934,0.85947,1.73,1.50
2012.11.29 02:07:38.768,0.85934,0.85948,1.73,1.73
2012.11.29 02:07:39.069,0.85935,0.85952,2.10,3.23
2012.11.29 02:07:40.221,0.85937,0.85954,1.73,2.10
2012.11.29 02:07:40.527,0.8594,0.85955,1.73,2.48
2012.11.29 02:07:40.828,0.85941,0.85958,1.35,1.73
2012.11.29 02:07:41.848,0.85942,0.85961,3.60,3.98
2012.11.29 02:07:42.358,0.85942,0.85961,3.60,3.60
2012.11.29 02:07:43.599,0.85944,0.85963,2.85,2.48
2012.11.29 02:07:44.158,0.85946,0.85963,1.73,2.85
2012.11.29 02:07:44.518,0.85943,0.85961,3.60,3.23
2012.11.29 02:07:44.718,0.85943,0.85961,3.60,3.23
2012.11.29 02:07:45.710,0.85941,0.85955,2.48,1.13
2012.11.29 02:07:45.786,0.85939,0.85954,1.73,2.10
2012.11.29 02:07:46.428,0.85941,0.85957,2.48,1.73
2012.11.29 02:07:46.938,0.85942,0.85957,2.10,1.73
2012.11.29 02:07:47.788,0.85943,0.85961,3.45,1.35
2012.11.29 02:07:47.908,0.85943,0.85962,4.20,3.60
2012.11.29 02:07:48.028,0.85945,0.85962,2.33,3.38
2012.11.29 02:07:48.392,0.85947,0.85964,4.58,2.10
2012.11.29 02:07:50.768,0.85946,0.85965,2.70,3.23
2012.11.29 02:07:51.740,0.85947,0.85964,2.10,1.73
2012.11.29 02:07:51.808,0.85947,0.85964,2.10,1.73
2012.11.29 02:07:55.668,0.85948,0.85962,1.73,1.73
2012.11.29 02:07:55.909,0.85947,0.85963,2.48,1.73
2012.11.29 02:07:55.980,0.85947,0.85963,1.73,2.48
2012.11.29 02:07:56.181,0.85947,0.85964,1.73,3.23
2012.11.29 02:08:08.677,0.85949,0.85965,1.58,2.48
2012.11.29 02:08:22.678,0.85947,0.85964,5.33,1.35
2012.11.29 02:08:22.858,0.85947,0.85963,3.08,2.85
2012.11.29 02:08:24.048,0.85945,0.85963,1.73,2.85
2012.11.29 02:08:28.059,0.85948,0.85964,1.35,1.73
2012.11.29 02:08:28.616,0.85949,0.85965,4.20,1.73
2012.11.29 02:08:31.576,0.85952,0.85968,3.83,1.73
2012.11.29 02:08:32.659,0.85954,0.85971,1.73,1.35
2012.11.29 02:08:32.898,0.85956,0.85974,3.60,2.85
2012.11.29 02:08:33.438,0.85958,0.85974,2.48,2.10
2012.11.29 02:08:33.559,0.85958,0.85974,2.48,2.10
2012.11.29 02:08:34.918,0.85957,0.85973,2.48,1.50
2012.11.29 02:08:34.978,0.85957,0.85973,2.48,1.73
2012.11.29 02:08:36.439,0.85955,0.85972,3.83,1.35
2012.11.29 02:08:36.678,0.85954,0.85972,6.45,1.35
2012.11.29 02:08:37.278,0.85954,0.85971,4.20,2.48
2012.11.29 02:08:41.498,0.85952,0.85969,1.58,4.35
2012.11.29 02:08:51.500,0.85949,0.85962,2.10,1.50
2012.11.29 02:08:51.629,0.85949,0.85962,1.73,1.73
2012.11.29 02:08:51.690,0.85949,0.8596,1.73,2.48
2012.11.29 02:08:51.998,0.85948,0.8596,1.50,2.48
2012.11.29 02:08:55.160,0.85945,0.8596,1.35,2.48
2012.11.29 02:08:56.699,0.85943,0.8596,2.48,2.48
2012.11.29 02:08:56.817,0.85943,0.85957,2.48,2.48
2012.11.29 02:08:57.238,0.85942,0.85959,2.48,2.85
2012.11.29 02:08:57.597,0.85942,0.8596,2.85,1.73
2012.11.29 02:08:57.899,0.85942,0.85961,2.48,1.35
2012.11.29 02:08:58.380,0.85948,0.85962,1.88,2.48
2012.11.29 02:08:58.449,0.85948,0.85963,2.10,3.00
2012.11.29 02:08:58.988,0.85948,0.85965,2.10,1.73
2012.11.29 02:09:05.668,0.85948,0.85963,2.10,1.73
2012.11.29 02:09:07.068,0.85945,0.85962,2.10,1.73
2012.11.29 02:09:09.350,0.85945,0.85962,1.35,1.73
2012.11.29 02:09:10.519,0.85945,0.85962,2.48,1.73
2012.11.29 02:09:10.640,0.85945,0.85962,2.48,1.73
2012.11.29 02:09:10.709,0.85947,0.85962,1.73,1.73
2012.11.29 02:09:10.948,0.85946,0.85964,1.73,3.23
2012.11.29 02:09:11.318,0.85946,0.85964,1.35,3.60
2012.11.29 02:09:11.618,0.85945,0.85961,1.73,1.73
2012.11.29 02:09:12.158,0.85942,0.85958,1.73,2.85
2012.11.29 02:09:12.279,0.8594,0.85957,3.60,1.73
2012.11.29 02:09:16.589,0.85939,0.85956,2.48,3.23
2012.11.29 02:09:16.719,0.85939,0.85956,2.48,3.23
2012.11.29 02:09:18.727,0.8594,0.85958,1.73,1.73
2012.11.29 02:09:23.860,0.8594,0.85957,1.73,2.85
2012.11.29 02:09:23.929,0.85941,0.85955,1.73,1.13
2012.11.29 02:09:24.059,0.85941,0.85955,1.73,1.73
2012.11.29 02:09:24.238,0.85943,0.85957,2.48,1.50
2012.11.29 02:09:24.963,0.85944,0.85959,1.73,1.73
2012.11.29 02:09:28.370,0.85944,0.85959,2.48,1.73
2012.11.29 02:09:28.499,0.85944,0.85959,1.73,1.73
2012.11.29 02:09:32.858,0.85942,0.8596,3.60,3.23
2012.11.29 02:09:32.978,0.85943,0.8596,3.23,2.48
2012.11.29 02:09:36.809,0.85944,0.8596,1.73,2.48
2012.11.29 02:09:42.049,0.85944,0.85959,1.73,2.48
2012.11.29 02:09:42.230,0.85943,0.85959,1.73,2.48
2012.11.29 02:09:42.358,0.85942,0.85959,1.73,3.23
2012.11.29 02:09:45.839,0.85943,0.85959,2.85,1.73
2012.11.29 02:09:48.849,0.85943,0.85957,2.48,2.25
2012.11.29 02:09:49.209,0.85938,0.85955,2.48,1.73
2012.11.29 02:10:09.633,0.85944,0.8596,1.73,2.10
2012.11.29 02:10:10.689,0.85943,0.85959,2.33,1.35
2012.11.29 02:10:10.989,0.85942,0.85959,2.48,1.35
2012.11.29 02:10:11.170,0.85942,0.85959,2.48,1.35
2012.11.29 02:10:11.418,0.85942,0.85959,2.48,3.23
2012.11.29 02:10:11.598,0.85942,0.85959,2.48,3.23
2012.11.29 02:10:16.710,0.85944,0.8596,1.50,1.73
2012.11.29 02:10:16.839,0.85945,0.8596,1.73,1.73
2012.11.29 02:10:19.880,0.85946,0.8596,1.73,1.73
2012.11.29 02:10:20.071,0.85949,0.85964,1.73,1.73
2012.11.29 02:10:22.349,0.85949,0.85966,1.73,1.73
2012.11.29 02:10:22.829,0.85953,0.85968,3.23,1.73
2012.11.29 02:10:22.960,0.85957,0.85969,1.35,1.50
2012.11.29 02:10:23.091,0.85957,0.8597,1.35,1.50
2012.11.29 02:10:23.470,0.85961,0.85973,3.23,1.50
2012.11.29 02:10:24.438,0.85961,0.85978,3.23,1.35
2012.11.29 02:10:24.638,0.85961,0.85978,3.23,1.35
2012.11.29 02:10:25.308,0.85961,0.85979,2.48,4.35
2012.11.29 02:10:26.878,0.85959,0.85977,1.73,4.73
2012.11.29 02:10:27.439,0.85961,0.85977,2.85,1.73
2012.11.29 02:10:27.981,0.8596,0.85978,1.73,2.48
2012.11.29 02:10:29.520,0.85964,0.85979,1.35,1.73
2012.11.29 02:10:32.248,0.85968,0.85983,1.73,3.23
2012.11.29 02:10:34.592,0.85965,0.85983,3.23,1.73
2012.11.29 02:10:34.718,0.85965,0.85982,2.48,1.73
2012.11.29 02:10:34.778,0.85965,0.85983,2.48,2.48
2012.11.29 02:10:35.099,0.85966,0.85983,1.73,1.73
2012.11.29 02:10:37.969,0.8597,0.85984,3.98,1.50
2012.11.29 02:10:38.513,0.85972,0.85989,1.73,3.23
2012.11.29 02:10:40.198,0.85972,0.85988,1.35,2.48
2012.11.29 02:10:40.557,0.8597,0.85985,1.35,1.73
2012.11.29 02:10:43.258,0.85967,0.85983,1.73,1.73
2012.11.29 02:10:43.810,0.85967,0.85983,1.73,2.48
2012.11.29 02:10:44.368,0.85967,0.85983,1.73,2.48
2012.11.29 02:10:48.298,0.85965,0.85983,1.73,3.98
2012.11.29 02:10:49.038,0.85965,0.85982,1.73,2.48
2012.11.29 02:10:51.238,0.85966,0.85984,3.23,1.73
2012.11.29 02:10:57.049,0.85966,0.85984,3.23,2.48
2012.11.29 02:11:11.241,0.85971,0.85986,1.50,1.73
2012.11.29 02:11:11.370,0.85972,0.85987,2.48,3.23
2012.11.29 02:11:11.569,0.85974,0.85987,1.73,1.73
2012.11.29 02:11:12.300,0.85978,0.85994,1.73,2.85
2012.11.29 02:11:14.661,0.85978,0.85995,1.73,1.35
2012.11.29 02:11:14.870,0.85976,0.8599,3.23,1.73
2012.11.29 02:11:14.999,0.85976,0.8599,1.73,1.50
2012.11.29 02:11:15.129,0.85976,0.8599,1.73,1.50
2012.11.29 02:11:15.251,0.85975,0.8599,2.48,2.48
2012.11.29 02:11:15.620,0.85975,0.85989,1.73,2.48
2012.11.29 02:11:15.990,0.85975,0.85989,1.50,2.48
2012.11.29 02:11:16.378,0.85973,0.85989,1.35,3.23
2012.11.29 02:11:17.411,0.85975,0.85991,2.85,3.23
2012.11.29 02:11:17.480,0.85975,0.85991,2.85,3.23
2012.11.29 02:11:17.919,0.85972,0.85989,1.73,2.48
2012.11.29 02:11:19.869,0.85975,0.8599,1.50,1.35
2012.11.29 02:11:20.229,0.85975,0.85991,1.73,3.60
2012.11.29 02:11:21.029,0.85975,0.8599,1.50,1.35
2012.11.29 02:11:21.148,0.85972,0.8599,2.48,2.85
2012.11.29 02:11:21.698,0.85973,0.85991,3.60,4.35
2012.11.29 02:11:23.179,0.85974,0.85991,1.35,1.73
2012.11.29 02:11:24.360,0.85973,0.85991,3.60,2.10
2012.11.29 02:11:27.549,0.85976,0.85991,1.73,2.10
2012.11.29 02:11:37.668,0.85976,0.85992,2.48,1.35
2012.11.29 02:11:37.908,0.85977,0.85993,1.73,2.48
2012.11.29 02:11:44.688,0.85977,0.85994,1.73,2.10
2012.11.29 02:11:48.551,0.85977,0.85995,1.73,5.85
2012.11.29 02:12:00.148,0.85977,0.85992,1.73,2.48
2012.11.29 02:12:00.450,0.85977,0.85989,1.50,1.13
2012.11.29 02:12:00.638,0.85977,0.85992,2.48,1.73
2012.11.29 02:12:01.349,0.85977,0.85993,2.48,3.60
2012.11.29 02:12:02.174,0.85978,0.85993,1.73,5.10
2012.11.29 02:12:02.638,0.85976,0.85992,3.23,1.73
2012.11.29 02:12:07.799,0.85975,0.85993,2.85,2.85
2012.11.29 02:12:13.319,0.85975,0.85993,3.60,2.85
2012.11.29 02:13:12.721,0.85979,0.85991,2.25,1.73
2012.11.29 02:13:13.268,0.85977,0.85995,2.10,2.48
2012.11.29 02:13:14.361,0.85977,0.85994,1.13,1.73
2012.11.29 02:13:14.609,0.85973,0.85987,4.73,1.73
2012.11.29 02:13:24.910,0.85967,0.85981,2.25,1.73
2012.11.29 02:13:24.979,0.85967,0.85978,2.25,1.73
2012.11.29 02:13:25.039,0.85964,0.85978,1.73,1.73
2012.11.29 02:13:25.160,0.85965,0.8598,2.48,2.48
2012.11.29 02:13:25.519,0.85968,0.85981,2.48,1.73
2012.11.29 02:13:25.759,0.85964,0.85981,2.48,1.73
2012.11.29 02:13:25.949,0.85963,0.85979,1.73,2.48
2012.11.29 02:13:26.078,0.85963,0.85979,1.73,2.48
2012.11.29 02:13:27.209,0.85962,0.85979,1.35,3.23
2012.11.29 02:13:27.268,0.85962,0.85979,1.35,3.23
2012.11.29 02:13:42.945,0.8596,0.85977,2.48,2.85
2012.11.29 02:13:43.948,0.85958,0.85972,1.41,1.73
2012.11.29 02:13:44.010,0.85958,0.85972,1.41,1.73
2012.11.29 02:13:44.468,0.85958,0.85974,2.16,3.23
2012.11.29 02:14:08.709,0.85957,0.85971,1.73,2.48
2012.11.29 02:14:09.621,0.85957,0.8597,1.73,2.48
2012.11.29 02:14:09.818,0.85954,0.85966,1.73,1.50
2012.11.29 02:14:10.129,0.85948,0.85964,3.23,3.60
2012.11.29 02:14:10.192,0.85948,0.85964,1.73,5.70
2012.11.29 02:14:10.260,0.85948,0.85963,1.73,1.73
2012.11.29 02:14:16.811,0.85947,0.85964,2.10,3.98
2012.11.29 02:14:17.149,0.85947,0.85964,3.60,2.48
2012.11.29 02:14:36.979,0.85947,0.85964,2.85,1.73
2012.11.29 02:14:47.619,0.85946,0.85961,2.48,2.48
2012.11.29 02:14:47.989,0.8595,0.85963,1.50,2.10
2012.11.29 02:14:48.049,0.8595,0.85963,1.73,2.10
2012.11.29 02:14:48.489,0.85954,0.85965,1.13,1.73
2012.11.29 02:14:53.668,0.85954,0.85969,1.73,1.73
2012.11.29 02:14:54.088,0.85955,0.85973,2.85,6.98
2012.11.29 02:14:55.939,0.85958,0.85973,2.10,2.85
2012.11.29 02:14:56.120,0.8596,0.85975,1.73,1.15
2012.11.29 02:14:56.638,0.85958,0.85974,1.95,2.65
2012.11.29 02:14:57.180,0.85958,0.8597,2.10,1.73
2012.11.29 02:15:01.189,0.85957,0.85973,1.73,3.23
2012.11.29 02:15:01.430,0.85955,0.8597,1.73,1.73
2012.11.29 02:15:01.490,0.85955,0.85972,1.73,3.23
2012.11.29 02:15:01.920,0.85954,0.85969,3.23,1.73
2012.11.29 02:15:11.120,0.85951,0.85963,1.73,1.50
2012.11.29 02:15:11.429,0.85949,0.85961,1.88,1.50
2012.11.29 02:15:11.493,0.85949,0.85961,1.88,1.73
2012.11.29 02:15:13.364,0.85948,0.85964,3.60,2.48
2012.11.29 02:15:13.431,0.85948,0.85961,2.63,1.73
2012.11.29 02:15:13.989,0.85946,0.85961,3.23,1.73
2012.11.29 02:15:18.619,0.85948,0.85964,1.73,3.98
2012.11.29 02:15:18.859,0.85946,0.85961,4.73,1.73
2012.11.29 02:15:20.023,0.85946,0.85961,2.85,1.73
2012.11.29 02:15:20.411,0.85943,0.85959,3.98,1.73
2012.11.29 02:15:20.960,0.85942,0.85957,2.48,2.33
2012.11.29 02:15:21.269,0.8594,0.85953,1.50,1.73
2012.11.29 02:15:35.613,0.85939,0.85952,1.50,1.73
2012.11.29 02:15:36.159,0.85939,0.85952,1.50,1.73
2012.11.29 02:15:42.918,0.85937,0.85952,3.98,1.73
2012.11.29 02:15:43.039,0.85937,0.85951,1.73,1.73
2012.11.29 02:15:51.211,0.85938,0.85952,2.25,1.73
2012.11.29 02:15:51.280,0.85938,0.85952,2.48,1.73
2012.11.29 02:15:59.198,0.85935,0.8595,2.48,1.73
2012.11.29 02:15:59.320,0.85935,0.85949,2.48,2.48
2012.11.29 02:15:59.870,0.85935,0.85949,1.73,2.48
2012.11.29 02:16:17.748,0.85936,0.85949,1.35,1.73
2012.11.29 02:16:34.879,0.85932,0.85947,1.73,1.73
2012.11.29 02:16:35.420,0.85931,0.85945,2.10,1.73
2012.11.29 02:16:36.479,0.85931,0.85941,2.10,1.73
2012.11.29 02:16:36.660,0.85928,0.85941,1.35,1.73
2012.11.29 02:16:36.909,0.85925,0.8594,1.35,3.23
2012.11.29 02:16:42.251,0.85925,0.85936,2.48,2.48
2012.11.29 02:16:42.499,0.85925,0.85938,2.48,1.73
2012.11.29 02:16:42.619,0.85924,0.85938,1.73,1.73
2012.11.29 02:16:42.925,0.85926,0.85936,2.48,1.73
2012.11.29 02:16:42.988,0.85926,0.85938,2.48,1.73
2012.11.29 02:16:43.619,0.85924,0.85938,1.73,1.73
2012.11.29 02:16:43.920,0.85925,0.85938,2.48,3.23
2012.11.29 02:16:44.040,0.85925,0.85938,2.48,1.73
2012.11.29 02:16:46.782,0.85927,0.85941,3.83,1.73
2012.11.29 02:16:46.909,0.85928,0.85942,1.73,1.73
2012.11.29 02:16:47.388,0.85929,0.85944,1.73,1.73
2012.11.29 02:16:48.734,0.8593,0.85947,2.48,1.73
2012.11.29 02:16:49.240,0.8593,0.85947,3.23,1.73
2012.11.29 02:16:50.058,0.8593,0.85948,3.98,2.48
2012.11.29 02:16:50.619,0.85928,0.85947,3.98,1.73
2012.11.29 02:16:50.678,0.85928,0.85947,3.98,1.73
2012.11.29 02:16:51.099,0.8593,0.85948,1.73,3.23
2012.11.29 02:16:53.451,0.85929,0.85944,1.73,1.50
2012.11.29 02:16:53.520,0.85929,0.85943,1.73,1.73
2012.11.29 02:16:54.009,0.85928,0.85941,1.73,1.73
2012.11.29 02:16:54.130,0.85927,0.8594,1.73,1.73
2012.11.29 02:17:20.520,0.85926,0.8594,1.35,1.73
2012.11.29 02:17:23.367,0.85926,0.8594,1.35,2.48
2012.11.29 02:17:23.429,0.85926,0.8594,3.23,2.48
2012.11.29 02:17:24.036,0.85927,0.85941,2.48,1.73
2012.11.29 02:17:41.010,0.85926,0.85941,3.98,1.73
2012.11.29 02:17:41.069,0.85926,0.85941,2.10,1.73
2012.11.29 02:17:41.248,0.85926,0.85941,2.10,3.08
2012.11.29 02:17:41.788,0.85926,0.8594,2.48,1.73
2012.11.29 02:17:48.443,0.85926,0.85941,2.48,1.73
2012.11.29 02:17:53.553,0.85926,0.8594,2.48,1.73
2012.11.29 02:17:53.741,0.85928,0.85941,1.73,1.50
2012.11.29 02:17:53.869,0.85928,0.85942,1.73,1.73
2012.11.29 02:17:56.558,0.85928,0.85942,2.48,3.23
2012.11.29 02:17:57.348,0.85928,0.85942,2.48,3.23
2012.11.29 02:17:58.546,0.85928,0.85941,2.48,1.50
2012.11.29 02:18:02.119,0.85928,0.85942,1.73,3.23
2012.11.29 02:18:03.359,0.85928,0.85942,1.73,2.48
2012.11.29 02:18:05.400,0.85929,0.85942,2.48,3.23
2012.11.29 02:18:06.092,0.85929,0.85942,2.48,3.23
2012.11.29 02:18:07.380,0.85929,0.85942,2.48,2.48
2012.11.29 02:18:07.928,0.85928,0.85941,2.10,1.73
2012.11.29 02:18:08.679,0.85928,0.85942,1.35,1.73
2012.11.29 02:18:10.971,0.85928,0.85943,1.35,2.48
2012.11.29 02:18:12.860,0.85928,0.85943,2.85,1.73
2012.11.29 02:18:14.108,0.85928,0.85944,2.48,2.48
2012.11.29 02:18:14.546,0.85928,0.85944,2.48,3.23
2012.11.29 02:18:47.079,0.85928,0.85945,2.10,3.98
2012.11.29 02:18:47.199,0.85928,0.85945,2.10,3.98
2012.11.29 02:18:52.460,0.85927,0.8594,1.73,1.73
2012.11.29 02:18:52.579,0.85925,0.8594,2.10,1.73
2012.11.29 02:19:18.530,0.85927,0.85942,3.23,3.23
2012.11.29 02:19:26.740,0.85927,0.85944,1.73,3.23
2012.11.29 02:19:27.848,0.85925,0.85942,2.85,3.08
2012.11.29 02:19:39.044,0.85927,0.8594,1.35,1.73
2012.11.29 02:19:53.640,0.85928,0.8594,1.13,1.73
2012.11.29 02:20:16.158,0.85926,0.85939,1.35,3.23
2012.11.29 02:20:18.551,0.85926,0.85939,1.35,2.48
2012.11.29 02:20:33.458,0.85925,0.85939,2.10,2.48
2012.11.29 02:20:55.432,0.85921,0.85937,1.35,1.73
2012.11.29 02:20:56.061,0.85922,0.85937,1.35,3.23
2012.11.29 02:20:58.050,0.85922,0.85937,1.35,3.23
2012.11.29 02:20:58.170,0.85922,0.85937,1.35,1.73
2012.11.29 02:20:58.746,0.85922,0.85937,1.35,1.73
2012.11.29 02:21:03.292,0.85928,0.85938,1.13,2.48
2012.11.29 02:21:06.632,0.85923,0.85938,2.10,2.48
2012.11.29 02:21:32.609,0.85922,0.85936,1.73,2.48
2012.11.29 02:21:38.400,0.8592,0.85936,2.48,2.48
2012.11.29 02:21:39.239,0.8592,0.85936,2.10,3.23
2012.11.29 02:21:39.599,0.8592,0.85934,1.35,3.23
2012.11.29 02:21:40.435,0.8592,0.85934,1.35,2.48
2012.11.29 02:21:46.559,0.85916,0.85932,1.73,1.73
2012.11.29 02:21:48.900,0.85917,0.85933,1.73,3.23
2012.11.29 02:21:49.081,0.85917,0.85933,1.73,1.73
2012.11.29 02:21:54.130,0.85916,0.8593,2.85,1.50
2012.11.29 02:21:54.640,0.85916,0.8593,2.10,2.48
2012.11.29 02:21:57.950,0.85914,0.85929,1.35,1.73
2012.11.29 02:22:02.160,0.85914,0.85929,3.23,1.73
2012.11.29 02:22:02.705,0.85914,0.8593,3.23,3.23
2012.11.29 02:22:11.349,0.85915,0.8593,1.73,3.23
2012.11.29 02:22:16.329,0.85915,0.8593,1.35,5.48
2012.11.29 02:22:34.179,0.85915,0.8593,1.35,2.48
2012.11.29 02:22:44.930,0.85915,0.85929,2.48,1.73
2012.11.29 02:22:45.051,0.85917,0.85931,1.35,1.73
2012.11.29 02:22:48.431,0.85917,0.85932,1.35,2.48
2012.11.29 02:22:51.641,0.85917,0.85932,1.35,2.48
2012.11.29 02:22:54.940,0.85915,0.85929,2.10,1.50
2012.11.29 02:22:55.060,0.85915,0.85929,2.10,1.73
2012.11.29 02:22:59.040,0.85915,0.8593,2.85,1.50
2012.11.29 02:22:59.101,0.85915,0.85933,2.85,3.60
2012.11.29 02:22:59.571,0.85918,0.85934,2.48,1.50
2012.11.29 02:23:21.149,0.85923,0.8594,4.73,1.73
2012.11.29 02:23:21.450,0.85926,0.85941,1.73,1.73
2012.11.29 02:23:21.808,0.85926,0.85941,1.73,1.50
2012.11.29 02:23:22.701,0.85926,0.85943,3.23,3.98
2012.11.29 02:23:23.296,0.85926,0.85943,3.23,3.23
2012.11.29 02:23:26.199,0.85926,0.85943,3.98,3.23
2012.11.29 02:23:28.489,0.85926,0.85943,3.98,3.00
2012.11.29 02:23:28.610,0.85926,0.85942,3.98,1.73
2012.11.29 02:23:38.478,0.85928,0.85944,2.48,3.00
2012.11.29 02:23:57.261,0.85931,0.85946,1.73,3.23
2012.11.29 02:23:58.540,0.85931,0.85946,1.73,3.23
2012.11.29 02:23:59.219,0.85931,0.85946,1.73,3.00
2012.11.29 02:23:59.287,0.85933,0.85947,1.73,3.23
2012.11.29 02:24:06.761,0.85933,0.85945,1.73,1.73
2012.11.29 02:24:06.879,0.85933,0.85947,1.73,1.50
2012.11.29 02:24:07.486,0.85933,0.85946,1.73,1.50
2012.11.29 02:24:08.006,0.85933,0.85947,3.23,1.50
2012.11.29 02:24:14.981,0.85932,0.85947,1.35,2.48
2012.11.29 02:24:21.992,0.85932,0.85944,1.73,1.50
2012.11.29 02:24:22.180,0.85929,0.85944,2.48,1.73
2012.11.29 02:24:22.242,0.85928,0.85941,3.98,1.50
2012.11.29 02:24:22.506,0.85927,0.8594,2.48,1.50
2012.11.29 02:24:22.630,0.85925,0.85939,2.48,1.50
2012.11.29 02:24:23.131,0.85925,0.85937,2.48,1.73
2012.11.29 02:24:25.610,0.85922,0.85938,1.73,1.73
2012.11.29 02:24:25.731,0.85921,0.85937,2.48,2.48
2012.11.29 02:24:26.270,0.8592,0.85937,1.35,3.98
2012.11.29 02:24:37.160,0.85917,0.85934,1.73,1.73
2012.11.29 02:24:37.472,0.85917,0.85935,2.48,3.98
2012.11.29 02:24:38.636,0.85916,0.85933,3.60,1.73
2012.11.29 02:24:39.382,0.85914,0.85931,2.48,2.85
2012.11.29 02:24:39.690,0.85912,0.85925,2.48,2.48
2012.11.29 02:24:39.869,0.85912,0.85925,1.73,1.73
2012.11.29 02:24:40.170,0.85907,0.85925,5.55,2.48
2012.11.29 02:24:40.290,0.85907,0.85925,3.98,3.23
2012.11.29 02:24:46.220,0.85911,0.85929,2.48,2.48
2012.11.29 02:24:46.830,0.85913,0.8593,1.73,2.48
2012.11.29 02:24:47.200,0.85916,0.8593,2.10,2.25
2012.11.29 02:24:47.263,0.85916,0.85934,2.85,3.23
2012.11.29 02:24:47.761,0.85918,0.85934,1.73,1.73
2012.11.29 02:24:56.002,0.85918,0.85936,1.73,2.10
2012.11.29 02:25:01.243,0.85917,0.85934,1.73,1.35
2012.11.29 02:25:01.491,0.85917,0.85934,1.73,1.73
2012.11.29 02:25:11.170,0.85916,0.85933,2.48,1.73
2012.11.29 02:25:23.693,0.85917,0.85935,2.48,1.73
2012.11.29 02:25:28.402,0.8592,0.85936,2.48,1.73
2012.11.29 02:25:30.710,0.85919,0.85935,3.98,1.73
2012.11.29 02:25:31.781,0.85919,0.85935,2.48,1.73
2012.11.29 02:25:33.820,0.85919,0.85936,2.48,1.58
2012.11.29 02:25:34.577,0.85919,0.85936,3.23,1.58
2012.11.29 02:25:40.280,0.85918,0.85934,2.48,4.58
2012.11.29 02:25:40.519,0.85916,0.85932,1.73,2.33
2012.11.29 02:25:41.951,0.85916,0.85932,1.73,1.35
2012.11.29 02:25:44.358,0.85916,0.85933,2.85,3.08
2012.11.29 02:25:50.900,0.85915,0.8593,3.23,1.73
2012.11.29 02:25:53.360,0.85915,0.8593,1.73,2.48
2012.11.29 02:25:56.762,0.85913,0.85928,1.73,4.58
2012.11.29 02:26:04.720,0.85913,0.85929,2.85,2.48
2012.11.29 02:26:11.511,0.85914,0.8593,1.73,1.73
2012.11.29 02:26:28.962,0.85916,0.85932,2.10,2.48
2012.11.29 02:26:34.962,0.85914,0.85927,2.85,1.50
2012.11.29 02:26:35.303,0.85911,0.85928,1.73,4.73
2012.11.29 02:26:48.023,0.85909,0.85924,1.50,3.83
2012.11.29 02:26:48.541,0.85906,0.85922,2.48,1.73
2012.11.29 02:27:00.423,0.85907,0.85923,2.33,3.23
2012.11.29 02:27:03.280,0.85905,0.85921,2.33,1.73
2012.11.29 02:27:04.510,0.85903,0.85919,2.63,3.23
2012.11.29 02:27:05.050,0.85902,0.85913,3.23,1.73
2012.11.29 02:27:06.249,0.859,0.85916,1.50,1.73
2012.11.29 02:27:06.552,0.85896,0.85909,2.25,1.73
2012.11.29 02:27:07.444,0.85893,0.85909,1.35,3.23
2012.11.29 02:27:09.567,0.85895,0.85909,1.50,2.48
2012.11.29 02:27:09.991,0.85891,0.85906,1.73,1.73
2012.11.29 02:27:10.110,0.8589,0.85906,1.50,1.73
2012.11.29 02:27:10.290,0.85888,0.85905,1.35,1.73
2012.11.29 02:27:11.232,0.85887,0.85903,3.23,1.73
2012.11.29 02:27:11.730,0.85888,0.85903,1.73,2.48
2012.11.29 02:27:12.670,0.8589,0.85907,1.73,3.98
2012.11.29 02:27:14.023,0.85889,0.85906,2.48,1.73
2012.11.29 02:27:14.152,0.85889,0.85903,1.50,1.73
2012.11.29 02:27:15.371,0.85887,0.85904,2.48,3.23
2012.11.29 02:27:17.840,0.85888,0.85904,1.35,2.48
2012.11.29 02:27:18.095,0.85889,0.85906,1.35,5.48
2012.11.29 02:27:18.341,0.85889,0.85906,4.20,2.48
2012.11.29 02:27:20.444,0.85892,0.85906,1.73,3.23
2012.11.29 02:27:20.570,0.85891,0.85906,1.35,3.23
2012.11.29 02:27:20.630,0.85889,0.85906,5.63,3.98
2012.11.29 02:27:20.752,0.85893,0.85906,1.58,1.73
2012.11.29 02:27:20.941,0.85893,0.85907,3.08,1.50
2012.11.29 02:27:21.300,0.85893,0.85907,2.33,1.73
2012.11.29 02:27:22.620,0.85893,0.8591,1.73,2.48
2012.11.29 02:27:23.502,0.85893,0.8591,1.73,2.48
2012.11.29 02:27:23.830,0.85893,0.8591,2.48,2.48
2012.11.29 02:27:25.960,0.85894,0.8591,1.73,1.73
2012.11.29 02:27:38.592,0.85894,0.85909,2.48,2.10
2012.11.29 02:27:39.840,0.85896,0.85909,1.50,1.35
2012.11.29 02:27:40.461,0.85894,0.85909,1.73,1.35
2012.11.29 02:27:43.530,0.85892,0.85909,3.98,1.13
2012.11.29 02:27:44.071,0.85895,0.85913,2.33,4.35
2012.11.29 02:27:46.120,0.85895,0.85911,1.73,1.35
2012.11.29 02:27:48.560,0.85892,0.85909,2.10,1.73
2012.11.29 02:27:49.341,0.85892,0.85909,1.35,3.23
2012.11.29 02:27:49.583,0.85891,0.85909,2.48,1.73
2012.11.29 02:27:51.452,0.85891,0.85907,1.73,1.35
2012.11.29 02:27:51.991,0.85889,0.85907,3.98,2.10
2012.11.29 02:27:54.611,0.85888,0.85904,2.48,3.23
2012.11.29 02:27:55.221,0.85887,0.85903,1.73,2.85
2012.11.29 02:27:56.251,0.85885,0.85902,2.48,2.48
2012.11.29 02:27:56.870,0.85879,0.85897,3.98,2.85
2012.11.29 02:27:57.441,0.85879,0.85896,1.73,1.73
2012.11.29 02:28:01.266,0.85877,0.85896,4.35,3.98
2012.11.29 02:28:01.410,0.85877,0.85896,4.35,4.73
2012.11.29 02:28:02.601,0.8588,0.85896,1.50,3.23
2012.11.29 02:28:03.126,0.85877,0.85896,4.35,3.23
2012.11.29 02:28:11.672,0.85881,0.85896,1.50,2.85
2012.11.29 02:28:12.231,0.85879,0.85896,3.23,2.85
2012.11.29 02:28:12.291,0.85879,0.85896,2.10,1.73
2012.11.29 02:28:15.351,0.8588,0.85898,3.98,2.48
2012.11.29 02:28:15.901,0.8588,0.85896,1.88,1.73
2012.11.29 02:28:16.260,0.85879,0.85896,2.48,2.48
2012.11.29 02:28:17.372,0.85879,0.85897,1.73,2.10
2012.11.29 02:28:17.560,0.8588,0.85897,3.23,1.35
2012.11.29 02:28:18.610,0.85878,0.85893,3.23,1.73
2012.11.29 02:29:30.821,0.85875,0.85892,2.85,4.58
2012.11.29 02:29:31.435,0.85875,0.8589,1.73,1.35
2012.11.29 02:29:44.329,0.85874,0.8589,1.73,2.10
2012.11.29 02:29:44.732,0.85877,0.85891,1.35,2.33
2012.11.29 02:29:44.861,0.85877,0.85891,1.73,1.73
2012.11.29 02:29:45.219,0.85876,0.85892,2.85,1.73
2012.11.29 02:29:45.520,0.85875,0.85892,1.73,2.10
2012.11.29 02:29:46.060,0.85875,0.85892,1.73,3.60
2012.11.29 02:30:14.913,0.8587,0.85889,3.60,3.23
2012.11.29 02:30:15.222,0.8587,0.85883,2.25,1.35
2012.11.29 02:30:15.350,0.8587,0.85883,2.25,1.35
2012.11.29 02:30:16.118,0.85866,0.85882,3.23,1.35
2012.11.29 02:30:16.191,0.85866,0.85884,3.23,1.73
2012.11.29 02:30:18.503,0.8587,0.85885,1.50,2.85
2012.11.29 02:30:19.010,0.85869,0.85885,1.50,2.48
2012.11.29 02:30:19.192,0.85871,0.85885,1.73,2.48
2012.11.29 02:30:30.781,0.85871,0.85889,3.23,1.73
2012.11.29 02:30:39.107,0.85871,0.85889,3.98,1.35
2012.11.29 02:31:07.710,0.85874,0.85889,2.48,1.73
2012.11.29 02:31:09.946,0.85876,0.85888,1.73,1.50
2012.11.29 02:31:11.909,0.85876,0.85891,1.73,4.35
2012.11.29 02:31:49.190,0.85879,0.85893,2.48,3.98
2012.11.29 02:31:49.670,0.85879,0.85896,3.23,5.10
2012.11.29 02:31:53.761,0.85883,0.85897,2.10,2.48
2012.11.29 02:31:53.820,0.85883,0.85897,2.33,1.73
2012.11.29 02:31:53.942,0.85883,0.85898,1.73,2.10
2012.11.29 02:31:54.003,0.85883,0.85898,2.48,1.35
2012.11.29 02:31:57.831,0.85885,0.85899,1.58,1.73
2012.11.29 02:31:58.341,0.85881,0.85898,4.58,1.35
2012.11.29 02:32:04.903,0.85881,0.85897,4.58,1.35
2012.11.29 02:32:05.211,0.85882,0.85899,1.35,4.73
2012.11.29 02:32:36.051,0.85885,0.85899,2.48,1.73
2012.11.29 02:32:40.832,0.85887,0.85902,1.73,1.73
2012.11.29 02:32:43.290,0.85887,0.85903,3.23,2.48
2012.11.29 02:32:43.411,0.85887,0.85903,4.73,2.48
2012.11.29 02:32:46.361,0.85889,0.85906,3.23,4.73
2012.11.29 02:32:46.721,0.85894,0.85906,1.35,1.73
2012.11.29 02:32:49.054,0.85893,0.85908,3.98,2.10
2012.11.29 02:32:49.361,0.85893,0.8591,3.98,2.10
2012.11.29 02:32:51.542,0.85894,0.8591,2.48,5.10
2012.11.29 02:32:52.090,0.85891,0.85906,1.73,1.73
2012.11.29 02:32:54.203,0.85894,0.85909,1.35,3.23
2012.11.29 02:32:54.631,0.85892,0.85908,1.73,1.73
2012.11.29 02:32:54.932,0.85889,0.85903,3.00,1.35
2012.11.29 02:32:55.315,0.85888,0.85901,1.50,1.35
2012.11.29 02:32:55.382,0.85887,0.85901,1.50,3.60
2012.11.29 02:32:55.441,0.85884,0.859,3.98,1.73
2012.11.29 02:32:56.631,0.85881,0.85897,2.48,2.85
2012.11.29 02:32:57.421,0.85881,0.85897,2.48,1.35
2012.11.29 02:32:57.980,0.85881,0.85897,1.73,1.35
2012.11.29 02:33:00.350,0.85882,0.85898,3.23,1.35
2012.11.29 02:33:00.651,0.8588,0.85897,2.48,1.35
2012.11.29 02:33:01.581,0.85879,0.85893,1.73,1.73
2012.11.29 02:33:10.251,0.85876,0.85892,2.48,1.35
2012.11.29 02:33:12.881,0.85875,0.85893,1.73,2.10
2012.11.29 02:33:14.131,0.85875,0.8589,1.73,1.73
2012.11.29 02:33:15.622,0.8587,0.85887,3.98,3.23
2012.11.29 02:33:30.391,0.8587,0.85886,3.23,1.73
2012.11.29 02:33:37.383,0.85873,0.85888,1.73,1.73
2012.11.29 02:33:37.456,0.85873,0.85888,1.73,1.73
2012.11.29 02:33:49.012,0.85872,0.85887,1.73,1.50
2012.11.29 02:33:49.072,0.85872,0.85887,1.73,2.25
2012.11.29 02:33:49.132,0.85871,0.85887,3.98,3.23
2012.11.29 02:34:06.842,0.85875,0.85891,2.48,2.48
2012.11.29 02:34:07.351,0.85873,0.85886,1.73,1.73
2012.11.29 02:34:40.802,0.85871,0.8589,3.23,2.10
2012.11.29 02:34:41.164,0.85876,0.85892,1.73,1.73
2012.11.29 02:34:41.592,0.85877,0.85894,1.73,1.73
2012.11.29 02:34:41.714,0.85877,0.85895,1.73,2.48
2012.11.29 02:35:16.563,0.85875,0.85892,1.73,2.85
2012.11.29 02:35:17.071,0.85873,0.85892,3.23,2.85
2012.11.29 02:35:48.412,0.85872,0.8589,1.73,2.85
2012.11.29 02:35:53.213,0.8587,0.85884,1.73,2.25
2012.11.29 02:35:53.523,0.8587,0.85883,1.50,1.35
2012.11.29 02:35:54.113,0.85869,0.85882,1.50,1.35
2012.11.29 02:35:54.361,0.85868,0.85885,1.73,3.23
2012.11.29 02:35:58.101,0.85866,0.85883,1.73,2.10
2012.11.29 02:36:02.691,0.85864,0.8588,1.35,1.73
2012.11.29 02:36:07.564,0.85863,0.85879,1.73,1.73
2012.11.29 02:36:27.722,0.8586,0.85876,1.50,1.73
2012.11.29 02:36:27.912,0.85858,0.85874,2.48,1.35
2012.11.29 02:36:29.433,0.85858,0.85875,2.48,1.35
2012.11.29 02:36:29.563,0.85864,0.85876,1.73,1.50
2012.11.29 02:36:29.762,0.85864,0.8588,1.73,4.35
2012.11.29 02:36:30.583,0.85866,0.85882,2.48,2.85
2012.11.29 02:36:32.541,0.85864,0.85882,2.85,2.10
2012.11.29 02:36:32.662,0.85866,0.85883,2.10,3.23
2012.11.29 02:36:50.903,0.85865,0.8588,1.73,2.48
2012.11.29 02:36:51.730,0.85865,0.8588,1.73,3.83
2012.11.29 02:36:52.342,0.85864,0.85878,1.50,2.70
2012.11.29 02:36:53.321,0.85864,0.85878,1.73,2.70
2012.11.29 02:37:09.072,0.85863,0.85879,2.85,1.50
2012.11.29 02:37:09.372,0.85863,0.85879,2.48,1.73
2012.11.29 02:37:11.793,0.85863,0.85881,3.60,1.73
2012.11.29 02:37:20.535,0.85862,0.85879,2.48,1.73
2012.11.29 02:37:20.963,0.85862,0.85878,1.73,2.10
2012.11.29 02:37:23.362,0.85863,0.8588,3.23,2.85
2012.11.29 02:37:30.457,0.85862,0.8588,1.35,2.85
2012.11.29 02:37:30.523,0.85861,0.85879,2.85,3.23
2012.11.29 02:37:48.043,0.85862,0.85878,2.10,2.48
2012.11.29 02:37:48.112,0.85863,0.85878,1.35,2.48
2012.11.29 02:38:06.212,0.85861,0.85876,3.23,1.73
2012.11.29 02:38:06.392,0.85861,0.85878,1.73,3.98
2012.11.29 02:38:07.706,0.85862,0.8588,3.98,1.73
2012.11.29 02:38:33.803,0.85866,0.85881,2.25,1.73
2012.11.29 02:38:34.163,0.85868,0.85885,3.23,2.48
2012.11.29 02:38:34.411,0.85867,0.85884,2.48,2.48
2012.11.29 02:38:35.783,0.85871,0.85883,2.25,1.73
2012.11.29 02:38:35.856,0.8587,0.85883,1.50,1.73
2012.11.29 02:38:35.923,0.8587,0.85885,1.73,1.73
2012.11.29 02:38:58.832,0.85871,0.85885,2.48,1.73
2012.11.29 02:38:59.377,0.85871,0.85887,4.73,1.73
2012.11.29 02:39:03.112,0.85871,0.85887,3.23,1.73
2012.11.29 02:39:03.672,0.85872,0.85889,2.10,1.73
2012.11.29 02:39:04.392,0.85875,0.85887,1.50,1.73
2012.11.29 02:39:04.454,0.85875,0.8589,1.73,2.48
2012.11.29 02:39:15.722,0.85875,0.85891,2.85,1.73
2012.11.29 02:39:18.333,0.85878,0.85893,1.35,1.73
2012.11.29 02:39:22.871,0.85879,0.85897,2.48,3.98
2012.11.29 02:39:28.146,0.85878,0.85896,1.35,2.10
2012.11.29 02:39:40.605,0.85878,0.85895,1.35,1.73
2012.11.29 02:39:42.582,0.85878,0.85895,1.35,1.73
2012.11.29 02:39:44.463,0.85878,0.85895,1.73,1.73
2012.11.29 02:39:44.703,0.8588,0.85897,4.35,2.48
2012.11.29 02:39:44.824,0.8588,0.85895,1.50,1.73
2012.11.29 02:39:44.953,0.8588,0.85895,1.50,1.73
2012.11.29 02:39:47.483,0.85879,0.85895,1.35,1.73
2012.11.29 02:39:49.828,0.85879,0.85895,1.35,1.73
2012.11.29 02:39:50.028,0.8588,0.85894,2.48,1.35
2012.11.29 02:39:50.703,0.8588,0.85895,1.73,1.73
2012.11.29 02:39:53.062,0.85879,0.85895,1.35,1.73
2012.11.29 02:39:53.314,0.85878,0.85894,2.48,1.35
2012.11.29 02:39:53.443,0.85878,0.85894,4.73,1.35
2012.11.29 02:39:53.502,0.85878,0.85894,4.73,1.35
2012.11.29 02:39:53.683,0.85878,0.85895,3.60,1.73
2012.11.29 02:39:54.281,0.85877,0.85894,5.10,1.73
2012.11.29 02:39:55.440,0.85877,0.85893,3.60,1.73
2012.11.29 02:39:56.743,0.85877,0.85893,3.60,1.73
2012.11.29 02:40:01.722,0.85879,0.85893,2.25,1.73
2012.11.29 02:40:02.092,0.85881,0.85896,1.50,1.73
2012.11.29 02:40:02.152,0.85881,0.85896,1.50,1.73
2012.11.29 02:40:02.213,0.85881,0.85896,1.50,1.73
2012.11.29 02:40:02.813,0.85881,0.85897,3.75,1.73
2012.11.29 02:40:06.533,0.85882,0.85898,1.50,1.73
2012.11.29 02:40:08.671,0.85881,0.85898,3.00,1.73
2012.11.29 02:40:08.979,0.85883,0.859,1.50,2.85
2012.11.29 02:40:09.292,0.85885,0.859,1.73,1.35
2012.11.29 02:40:09.653,0.85886,0.85901,2.48,1.35
2012.11.29 02:40:10.013,0.85888,0.85905,1.13,1.73
2012.11.29 02:40:10.591,0.85888,0.85905,1.35,1.73
2012.11.29 02:40:14.781,0.85889,0.85906,2.48,1.73
2012.11.29 02:40:17.631,0.85889,0.85906,1.73,1.73
2012.11.29 02:40:35.743,0.85889,0.85903,2.10,1.73
2012.11.29 02:40:44.884,0.8589,0.85905,2.85,1.73
2012.11.29 02:40:58.523,0.8589,0.85905,1.35,1.73
2012.11.29 02:41:12.053,0.8589,0.85905,2.85,1.73
2012.11.29 02:41:12.363,0.85893,0.8591,1.35,1.73
2012.11.29 02:41:12.883,0.85893,0.85908,2.25,1.73
2012.11.29 02:41:12.944,0.85893,0.85908,2.25,1.73
2012.11.29 02:41:16.453,0.85894,0.85909,4.13,1.73
2012.11.29 02:41:16.574,0.85895,0.85909,1.73,1.73
2012.11.29 02:41:17.127,0.85894,0.85908,4.35,1.73
2012.11.29 02:41:17.193,0.85894,0.85908,4.13,1.73
2012.11.29 02:41:18.680,0.85893,0.85907,1.50,1.73
2012.11.29 02:41:21.818,0.8589,0.85903,1.73,1.73
2012.11.29 02:41:23.972,0.85889,0.85904,1.73,2.48
2012.11.29 02:41:32.493,0.85889,0.85905,3.60,2.48
2012.11.29 02:41:39.043,0.85892,0.85907,2.48,3.98
2012.11.29 02:41:39.222,0.85893,0.85907,1.73,1.73
2012.11.29 02:41:39.902,0.85892,0.85906,2.48,2.48
2012.11.29 02:41:41.603,0.85889,0.85906,1.73,2.48
2012.11.29 02:41:41.733,0.85887,0.85906,2.48,3.98
2012.11.29 02:41:42.043,0.85886,0.85901,1.73,1.73
2012.11.29 02:41:42.372,0.85884,0.85901,1.73,1.73
2012.11.29 02:41:42.882,0.85883,0.85901,1.73,2.48
2012.11.29 02:41:44.873,0.85884,0.85901,1.73,1.73
2012.11.29 02:41:45.133,0.85886,0.85902,1.35,3.98
2012.11.29 02:41:45.193,0.85884,0.85902,1.73,3.60
2012.11.29 02:41:45.732,0.85882,0.85899,2.48,1.73
2012.11.29 02:41:46.803,0.85882,0.85899,1.73,1.73
2012.11.29 02:41:48.192,0.85887,0.85903,1.35,2.48
2012.11.29 02:41:49.392,0.85884,0.85901,1.73,2.48
2012.11.29 02:41:50.895,0.85882,0.85899,3.60,1.73
2012.11.29 02:41:55.152,0.85885,0.85899,2.48,1.73
2012.11.29 02:41:55.512,0.85887,0.85905,2.10,2.48
2012.11.29 02:41:55.632,0.85887,0.85905,2.10,2.48
2012.11.29 02:41:55.933,0.85887,0.85904,2.48,2.48
2012.11.29 02:41:58.361,0.85886,0.85904,2.48,3.23
2012.11.29 02:41:58.722,0.85889,0.85906,3.23,2.48
2012.11.29 02:41:59.512,0.85889,0.85903,2.48,1.50
2012.11.29 02:41:59.573,0.85889,0.85903,1.50,1.73
2012.11.29 02:42:01.672,0.85889,0.85905,2.48,2.85
2012.11.29 02:42:02.032,0.85889,0.85903,1.50,2.48
2012.11.29 02:42:02.971,0.85885,0.85903,3.23,2.48
2012.11.29 02:42:03.793,0.85885,0.85903,3.23,2.48
2012.11.29 02:42:04.222,0.85886,0.85905,3.23,4.35
2012.11.29 02:42:04.342,0.85886,0.85903,2.48,2.48
2012.11.29 02:42:05.962,0.85886,0.85903,1.73,2.48
2012.11.29 02:42:06.572,0.85889,0.85905,2.10,4.73
2012.11.29 02:42:06.633,0.85889,0.85905,2.10,3.98
2012.11.29 02:42:06.932,0.85888,0.85903,1.73,2.48
2012.11.29 02:42:08.602,0.85885,0.85901,1.73,1.73
2012.11.29 02:42:08.662,0.85885,0.85901,1.73,1.73
2012.11.29 02:42:09.212,0.85884,0.85902,3.98,3.60
2012.11.29 02:42:10.774,0.85886,0.85903,2.10,2.48
2012.11.29 02:42:11.735,0.85882,0.85901,6.98,1.35
2012.11.29 02:42:15.942,0.85882,0.85901,2.48,1.35
2012.11.29 02:42:16.062,0.8588,0.85896,1.73,1.35
2012.11.29 02:42:16.380,0.85882,0.85899,1.73,2.10
2012.11.29 02:42:17.047,0.85882,0.85896,1.73,1.73
2012.11.29 02:42:17.363,0.85877,0.85896,2.48,4.35
2012.11.29 02:42:22.125,0.85883,0.85895,1.50,1.73
2012.11.29 02:42:22.193,0.85883,0.85898,1.73,3.98
2012.11.29 02:42:22.252,0.85883,0.85898,2.48,3.23
2012.11.29 02:42:22.432,0.85881,0.85898,9.23,2.48
2012.11.29 02:42:22.491,0.85881,0.85898,8.48,2.48
2012.11.29 02:42:34.921,0.85878,0.85896,2.10,4.35
2012.11.29 02:42:35.162,0.85881,0.85898,1.73,1.73
2012.11.29 02:42:41.182,0.85885,0.85901,1.73,4.35
2012.11.29 02:42:41.422,0.85883,0.85901,3.60,3.38
2012.11.29 02:42:41.542,0.85886,0.85901,1.73,1.73
2012.11.29 02:42:41.663,0.85888,0.85904,1.73,3.98
2012.11.29 02:42:48.992,0.85886,0.85903,1.73,3.23
2012.11.29 02:42:51.174,0.85885,0.85897,1.73,1.50
2012.11.29 02:42:53.252,0.85885,0.85901,1.73,1.35
2012.11.29 02:43:04.953,0.85885,0.85901,1.73,1.35
2012.11.29 02:43:23.542,0.85889,0.85905,1.73,2.48
2012.11.29 02:43:24.021,0.85889,0.85904,3.23,1.50
2012.11.29 02:43:25.192,0.8589,0.85904,3.23,2.25
2012.11.29 02:43:25.552,0.8589,0.85901,4.73,1.35
2012.11.29 02:43:25.861,0.8589,0.85902,3.98,1.50
2012.11.29 02:43:26.102,0.8589,0.85905,3.98,2.48
2012.11.29 02:43:34.513,0.85892,0.85905,1.73,1.73
2012.11.29 02:43:40.072,0.85888,0.85904,3.98,4.73
2012.11.29 02:43:40.132,0.85888,0.85903,1.73,2.85
2012.11.29 02:43:40.493,0.85887,0.85902,2.48,1.73
2012.11.29 02:43:40.794,0.85887,0.85901,1.73,1.73
2012.11.29 02:43:41.324,0.85887,0.859,1.73,2.48
2012.11.29 02:43:41.832,0.85882,0.85898,3.98,1.13
2012.11.29 02:43:41.954,0.85882,0.85897,1.73,1.35
2012.11.29 02:43:42.572,0.85882,0.85898,1.73,1.73
2012.11.29 02:43:47.694,0.85887,0.85898,1.50,1.73
2012.11.29 02:43:47.942,0.85887,0.85901,3.23,1.50
2012.11.29 02:43:48.654,0.85888,0.85901,1.73,1.88
2012.11.29 02:43:48.844,0.85887,0.85901,2.25,2.10
2012.11.29 02:43:49.273,0.85884,0.85897,2.48,1.73
2012.11.29 02:43:49.853,0.85884,0.85897,1.73,1.73
2012.11.29 02:43:50.407,0.85884,0.85897,1.73,1.73
2012.11.29 02:43:50.963,0.85884,0.85897,1.73,1.73
2012.11.29 02:43:55.383,0.85884,0.85901,2.48,1.35
2012.11.29 02:43:55.623,0.85888,0.85904,1.88,1.73
2012.11.29 02:43:55.683,0.85888,0.85904,2.10,1.73
2012.11.29 02:43:58.006,0.85888,0.85903,1.88,1.73
2012.11.29 02:43:58.548,0.85887,0.85899,2.25,1.73
2012.11.29 02:43:59.062,0.85885,0.859,1.73,1.73
2012.11.29 02:43:59.124,0.85885,0.859,1.73,1.73
2012.11.29 02:44:08.513,0.85885,0.859,1.73,1.73
2012.11.29 02:44:22.062,0.85888,0.85904,1.35,1.73
2012.11.29 02:44:28.213,0.85889,0.85903,3.00,1.35
2012.11.29 02:44:28.813,0.85889,0.85904,1.73,1.35
2012.11.29 02:44:31.723,0.85886,0.859,4.73,1.13
2012.11.29 02:44:31.852,0.85886,0.859,2.48,1.35
2012.11.29 02:44:32.833,0.85886,0.859,1.73,1.35
2012.11.29 02:44:34.163,0.85887,0.85902,1.50,2.48
2012.11.29 02:44:35.016,0.85884,0.859,1.50,3.23
2012.11.29 02:44:35.085,0.85884,0.859,1.50,3.23
2012.11.29 02:44:38.509,0.85882,0.85899,1.73,2.85
2012.11.29 02:44:45.073,0.8588,0.85897,1.73,1.35
2012.11.29 02:44:45.253,0.8588,0.85897,1.73,1.35
2012.11.29 02:44:46.933,0.85879,0.85895,1.50,3.60
2012.11.29 02:44:48.353,0.85881,0.85894,2.25,1.73
2012.11.29 02:44:49.172,0.85877,0.85894,3.23,1.73
2012.11.29 02:44:52.142,0.85881,0.85895,1.35,1.73
2012.11.29 02:44:52.703,0.85881,0.85896,2.85,1.73
2012.11.29 02:44:53.604,0.85886,0.85897,2.25,3.23
2012.11.29 02:44:53.858,0.85886,0.859,5.48,1.73
2012.11.29 02:44:53.924,0.85886,0.859,5.48,1.50
2012.11.29 02:44:54.593,0.85886,0.85901,3.23,2.10
2012.11.29 02:45:33.493,0.85884,0.85899,1.73,1.73
2012.11.29 02:45:33.798,0.85882,0.85897,1.73,2.85
2012.11.29 02:45:57.093,0.85882,0.85895,2.48,1.35
2012.11.29 02:45:57.223,0.85882,0.85896,2.48,1.73
2012.11.29 02:45:57.772,0.85884,0.85899,1.73,2.85
2012.11.29 02:45:58.133,0.85883,0.85899,1.73,3.60
2012.11.29 02:45:58.313,0.85882,0.85897,1.73,2.10
2012.11.29 02:46:07.156,0.85884,0.85899,1.73,1.73
2012.11.29 02:46:07.675,0.85887,0.85899,1.73,1.73
2012.11.29 02:46:25.988,0.85888,0.85902,1.35,1.73
2012.11.29 02:46:26.055,0.85888,0.85905,1.35,2.48
2012.11.29 02:46:28.383,0.85889,0.85905,1.73,1.73
2012.11.29 02:46:31.895,0.85887,0.85904,1.73,2.10
2012.11.29 02:46:32.142,0.85887,0.85903,1.73,3.23
2012.11.29 02:46:32.965,0.85884,0.85899,2.48,2.10
2012.11.29 02:46:39.188,0.85878,0.85895,2.48,1.73
2012.11.29 02:46:39.313,0.85878,0.85895,2.48,2.85
2012.11.29 02:46:46.805,0.85875,0.85891,1.73,1.35
2012.11.29 02:46:46.873,0.85875,0.85891,1.73,1.35
2012.11.29 02:46:48.560,0.85873,0.85891,2.85,1.35
2012.11.29 02:46:54.624,0.85876,0.85893,1.73,2.48
2012.11.29 02:46:54.744,0.85878,0.85895,2.10,1.73
2012.11.29 02:46:54.815,0.85878,0.85896,2.85,2.10
2012.11.29 02:47:13.345,0.85881,0.85899,1.73,2.48
2012.11.29 02:47:21.634,0.85882,0.859,2.48,2.10
2012.11.29 02:47:21.755,0.85885,0.859,2.48,2.10
2012.11.29 02:47:22.275,0.85888,0.859,1.73,1.35
2012.11.29 02:47:25.604,0.85889,0.85905,1.73,2.48
2012.11.29 02:47:26.144,0.85891,0.85907,2.48,1.73
2012.11.29 02:47:37.034,0.85893,0.85908,1.73,1.73
2012.11.29 02:47:37.153,0.85892,0.85908,2.25,2.10
2012.11.29 02:47:37.514,0.85891,0.85904,2.25,1.73
2012.11.29 02:47:37.693,0.85892,0.85904,1.73,1.50
2012.11.29 02:47:38.243,0.85892,0.85907,1.50,1.35
2012.11.29 02:47:38.362,0.8589,0.85906,2.48,1.73
2012.11.29 02:47:54.303,0.85889,0.85905,1.35,1.73
2012.11.29 02:47:54.543,0.85892,0.85907,1.73,1.73
2012.11.29 02:47:55.093,0.85889,0.85907,2.48,4.73
2012.11.29 02:47:55.429,0.85889,0.85907,2.48,2.85
2012.11.29 02:47:56.286,0.85889,0.85904,1.73,1.35
2012.11.29 02:48:09.484,0.85887,0.85901,1.73,3.23
2012.11.29 02:48:09.733,0.85883,0.85899,1.73,2.70
2012.11.29 02:48:09.913,0.85882,0.85898,1.50,2.48
2012.11.29 02:48:09.974,0.8588,0.85897,2.48,2.10
2012.11.29 02:48:10.521,0.8588,0.85896,1.73,1.35
2012.11.29 02:48:36.284,0.85882,0.85897,3.00,2.48
2012.11.29 02:48:36.594,0.85887,0.85898,1.73,1.50
2012.11.29 02:48:37.043,0.85888,0.85903,1.35,1.73
2012.11.29 02:48:47.164,0.85891,0.85905,1.35,1.73
2012.11.29 02:48:51.063,0.8589,0.85906,1.50,3.23
2012.11.29 02:48:51.484,0.85888,0.85904,1.73,2.33
2012.11.29 02:48:52.233,0.85888,0.85904,2.10,1.73
2012.11.29 02:48:53.513,0.85891,0.85907,1.35,5.48
2012.11.29 02:48:53.943,0.85892,0.85907,1.73,3.98
2012.11.29 02:49:02.796,0.8589,0.85907,1.73,3.23
2012.11.29 02:49:03.993,0.85887,0.85904,2.10,3.23
2012.11.29 02:49:04.232,0.85888,0.85904,1.73,3.98
2012.11.29 02:49:04.474,0.8589,0.85905,1.35,3.23
2012.11.29 02:49:05.033,0.85888,0.85905,2.10,2.48
2012.11.29 02:49:05.332,0.85888,0.85905,1.73,1.35
2012.11.29 02:49:05.852,0.85888,0.85906,1.73,3.98
2012.11.29 02:49:09.713,0.8589,0.85906,2.48,2.48
2012.11.29 02:49:10.193,0.85889,0.85906,2.10,1.73
2012.11.29 02:49:10.265,0.85889,0.85906,2.10,1.73
2012.11.29 02:49:22.823,0.85892,0.85905,1.73,2.48
2012.11.29 02:49:22.883,0.8589,0.85905,1.73,3.23
2012.11.29 02:49:25.244,0.85886,0.85904,1.73,4.58
2012.11.29 02:49:25.852,0.85889,0.85904,1.73,2.33
2012.11.29 02:49:30.464,0.85888,0.85903,1.73,1.73
2012.11.29 02:49:31.203,0.85889,0.85904,1.73,2.48
2012.11.29 02:49:31.743,0.85887,0.85905,3.23,3.60
2012.11.29 02:49:32.434,0.85889,0.85905,1.73,3.23
2012.11.29 02:49:32.614,0.85889,0.85905,1.73,1.73
2012.11.29 02:49:33.344,0.8589,0.85907,1.73,2.85
2012.11.29 02:49:33.893,0.85892,0.85908,1.73,3.23
2012.11.29 02:49:34.323,0.85889,0.85907,2.48,3.98
2012.11.29 02:49:34.443,0.85889,0.85907,1.73,4.73
2012.11.29 02:49:43.493,0.85889,0.85904,1.73,3.08
2012.11.29 02:49:44.173,0.85888,0.85904,1.73,2.48
2012.11.29 02:49:46.803,0.85888,0.85904,1.73,1.20
2012.11.29 02:49:47.352,0.85888,0.85904,1.73,1.58
2012.11.29 02:49:47.852,0.85888,0.85905,3.23,2.48
2012.11.29 02:49:57.857,0.85888,0.85901,1.73,1.73
2012.11.29 02:49:58.403,0.85888,0.85903,2.10,1.73
2012.11.29 02:49:58.583,0.85888,0.85903,2.10,1.73
2012.11.29 02:49:58.644,0.85888,0.85903,1.73,1.73
2012.11.29 02:49:59.003,0.85888,0.85905,2.10,3.98
2012.11.29 02:49:59.132,0.85888,0.85905,2.10,3.98
2012.11.29 02:49:59.523,0.85888,0.85905,1.73,3.98
2012.11.29 02:50:00.994,0.85888,0.85904,1.73,1.73
2012.11.29 02:50:01.173,0.85888,0.85905,1.73,2.48
2012.11.29 02:50:01.494,0.85888,0.85903,1.73,1.73
2012.11.29 02:50:01.733,0.85888,0.85905,1.73,2.48
2012.11.29 02:50:02.064,0.85888,0.85903,1.50,2.48
2012.11.29 02:50:02.125,0.85888,0.85901,1.50,2.10
2012.11.29 02:50:02.257,0.85885,0.85899,2.48,1.35
2012.11.29 02:50:02.324,0.85885,0.85899,1.73,3.60
2012.11.29 02:50:02.573,0.85882,0.85896,1.50,1.73
2012.11.29 02:50:03.063,0.85882,0.85896,1.73,1.73
2012.11.29 02:50:03.124,0.85882,0.85898,1.50,2.48
2012.11.29 02:50:04.025,0.85881,0.85895,1.73,1.73
2012.11.29 02:50:14.524,0.85882,0.85898,1.73,2.48
2012.11.29 02:50:14.893,0.85887,0.859,1.73,2.48
2012.11.29 02:50:15.014,0.85888,0.859,1.73,2.25
2012.11.29 02:50:15.608,0.85888,0.85903,1.73,3.23
2012.11.29 02:50:24.543,0.85888,0.85903,1.73,2.48
2012.11.29 02:50:30.713,0.85885,0.85901,1.73,2.48
2012.11.29 02:50:30.834,0.85884,0.85897,1.73,1.73
2012.11.29 02:50:38.432,0.85882,0.85897,1.73,1.73
2012.11.29 02:50:40.385,0.85882,0.85897,3.60,1.73
2012.11.29 02:50:43.588,0.85885,0.859,1.73,1.73
2012.11.29 02:50:43.897,0.85885,0.859,1.73,1.73
2012.11.29 02:50:51.632,0.85885,0.85899,1.73,2.25
2012.11.29 02:50:51.694,0.85885,0.859,1.73,1.73
2012.11.29 02:50:51.754,0.85888,0.85902,1.73,3.60
2012.11.29 02:50:52.054,0.85888,0.859,1.73,1.73
2012.11.29 02:50:52.968,0.85887,0.859,1.73,1.73
2012.11.29 02:51:13.944,0.85889,0.85904,1.73,1.73
2012.11.29 02:51:14.484,0.85891,0.85906,1.35,1.73
2012.11.29 02:51:15.242,0.8589,0.85908,1.73,1.20
2012.11.29 02:51:15.775,0.8589,0.85906,2.48,1.73
2012.11.29 02:51:19.884,0.85891,0.85906,1.35,1.73
2012.11.29 02:51:20.875,0.8589,0.85907,3.23,2.85
2012.11.29 02:51:26.274,0.85886,0.85902,1.73,2.10
2012.11.29 02:51:31.023,0.85887,0.85902,1.73,2.70
2012.11.29 02:51:32.212,0.85887,0.85902,1.73,3.45
2012.11.29 02:52:14.209,0.85889,0.85903,1.73,3.08
2012.11.29 02:52:19.963,0.8589,0.85905,1.73,1.73
2012.11.29 02:52:20.383,0.85892,0.85908,1.73,2.48
2012.11.29 02:52:24.333,0.85892,0.85906,1.73,2.10
2012.11.29 02:52:25.143,0.85888,0.85904,1.73,1.35
2012.11.29 02:52:25.266,0.85888,0.85904,1.73,1.35
2012.11.29 02:52:26.979,0.85888,0.85905,2.10,3.98
2012.11.29 02:52:27.224,0.85885,0.85902,1.35,2.48
2012.11.29 02:52:27.548,0.85884,0.859,1.73,1.73
2012.11.29 02:52:58.174,0.85883,0.85898,1.73,2.10
2012.11.29 02:53:10.049,0.8588,0.85898,2.85,5.10
2012.11.29 02:53:54.633,0.8588,0.85898,2.10,3.60
2012.11.29 02:53:55.353,0.85879,0.85896,1.73,1.35
2012.11.29 02:54:20.435,0.85879,0.85897,2.10,2.48
2012.11.29 02:54:20.684,0.85879,0.85896,1.73,2.85
2012.11.29 02:54:48.164,0.8588,0.85897,1.73,2.85
2012.11.29 02:54:48.403,0.8588,0.85897,1.73,2.85
2012.11.29 02:55:01.319,0.85864,0.85883,1.73,2.48
2012.11.29 02:55:05.318,0.85862,0.85881,1.35,2.10
2012.11.29 02:55:06.758,0.85859,0.85876,1.35,1.73
2012.11.29 02:55:07.458,0.85858,0.85873,1.50,1.73
2012.11.29 02:55:07.576,0.85856,0.85871,2.10,3.23
2012.11.29 02:55:10.058,0.8585,0.85866,1.35,1.73
2012.11.29 02:55:10.439,0.85843,0.85858,1.73,1.73
2012.11.29 02:55:10.559,0.85839,0.85859,1.73,1.35
2012.11.29 02:55:11.289,0.8584,0.8586,0.23,0.23
2012.11.29 02:55:11.649,0.85844,0.85865,2.10,3.23
2012.11.29 02:55:32.009,0.8585,0.85869,1.73,1.73
2012.11.29 02:55:32.309,0.85852,0.8587,2.10,1.50
2012.11.29 02:55:36.469,0.85853,0.85873,2.85,1.73
2012.11.29 02:55:36.588,0.85855,0.85875,1.50,0.23
2012.11.29 02:55:42.859,0.85859,0.8588,2.85,1.73
2012.11.29 02:55:49.564,0.85865,0.85886,1.73,2.63
2012.11.29 02:55:52.660,0.85868,0.85884,1.73,2.48
2012.11.29 02:55:53.397,0.85862,0.8588,1.73,2.63
2012.11.29 02:55:54.210,0.8586,0.85876,1.73,2.10
2012.11.29 02:55:55.339,0.85856,0.85874,0.23,0.23
2012.11.29 02:55:55.699,0.85855,0.85874,1.50,1.73
2012.11.29 02:55:56.868,0.8586,0.85871,2.85,1.73
2012.11.29 02:55:57.376,0.85863,0.85873,1.50,0.23
2012.11.29 02:55:57.929,0.85866,0.85877,1.73,2.48
2012.11.29 02:55:58.430,0.8587,0.8588,1.73,1.35
2012.11.29 02:56:01.433,0.85879,0.85897,3.23,1.35
2012.11.29 02:56:17.365,0.85879,0.85896,3.23,1.35
2012.11.29 02:56:18.374,0.85878,0.85893,1.73,1.35
2012.11.29 02:56:20.153,0.85878,0.85893,1.73,1.95
2012.11.29 02:56:23.154,0.85879,0.85891,1.50,1.35
2012.11.29 02:56:23.214,0.85874,0.85891,4.73,2.70
2012.11.29 02:56:33.365,0.85874,0.85886,1.73,2.85
2012.11.29 02:56:33.554,0.85869,0.85884,2.48,2.10
2012.11.29 02:56:33.795,0.85866,0.85882,3.75,2.33
2012.11.29 02:56:34.462,0.85866,0.85882,2.48,2.33
2012.11.29 02:56:45.316,0.85866,0.85883,3.23,2.33
2012.11.29 02:56:45.935,0.85866,0.85884,4.35,1.73
2012.11.29 02:56:52.754,0.85866,0.85883,1.73,2.48
2012.11.29 02:56:59.773,0.85865,0.85883,3.23,3.08
2012.11.29 02:57:01.873,0.85865,0.85883,3.23,1.73
2012.11.29 02:57:01.966,0.85865,0.85883,3.23,1.73
2012.11.29 02:57:44.754,0.85867,0.85882,3.23,1.35
2012.11.29 02:58:04.045,0.85866,0.85883,3.23,1.73
2012.11.29 02:58:04.233,0.85866,0.85882,2.48,1.73
2012.11.29 02:58:06.345,0.85866,0.8588,1.50,2.48
2012.11.29 02:58:06.464,0.85863,0.85877,2.48,3.23
2012.11.29 02:58:10.755,0.8586,0.85876,2.48,1.73
2012.11.29 02:58:14.596,0.85859,0.85874,1.73,2.10
2012.11.29 02:58:15.145,0.85858,0.85875,3.23,2.48
2012.11.29 02:58:20.768,0.85859,0.85875,1.73,1.73
2012.11.29 02:58:40.092,0.85863,0.85878,1.73,1.73
2012.11.29 02:58:40.394,0.85865,0.8588,2.85,2.33
2012.11.29 02:58:40.755,0.85865,0.8588,2.85,2.33
2012.11.29 02:58:49.334,0.85864,0.8588,1.73,1.73
2012.11.29 02:59:07.934,0.8587,0.85882,1.73,2.25
2012.11.29 02:59:08.126,0.85866,0.85882,4.73,1.73
2012.11.29 02:59:19.004,0.85866,0.85882,2.48,2.48
2012.11.29 02:59:30.114,0.85864,0.85882,2.48,2.48
2012.11.29 02:59:30.235,0.85864,0.8588,2.48,2.10
2012.11.29 02:59:30.474,0.8586,0.85876,3.98,1.35
2012.11.29 02:59:30.534,0.8586,0.85876,1.73,1.35
2012.11.29 02:59:38.852,0.85857,0.85875,3.23,3.23
2012.11.29 02:59:38.916,0.85857,0.85874,1.73,2.48
2012.11.29 02:59:42.247,0.85858,0.85875,2.48,3.23
2012.11.29 02:59:43.014,0.85858,0.85875,2.48,2.48
2012.11.29 02:59:57.296,0.85858,0.85873,3.23,1.35
2012.11.29 02:59:57.425,0.85858,0.85874,3.23,1.35
