2011.08.01 05:00:01.253,0.8569,0.85709,2.78,1.50
2011.08.01 05:00:03.365,0.85689,0.8571,1.50,1.88
2011.08.01 05:00:06.894,0.85689,0.85711,1.13,2.63
2011.08.01 05:00:09.693,0.85689,0.85709,1.13,1.13
2011.08.01 05:00:10.662,0.85689,0.85711,1.50,2.63
2011.08.01 05:00:11.744,0.85691,0.85711,1.50,1.50
2011.08.01 05:00:11.868,0.85693,0.85711,1.88,1.50
2011.08.01 05:00:12.205,0.85693,0.85714,1.50,2.25
2011.08.01 05:00:12.543,0.85698,0.85715,2.78,1.50
2011.08.01 05:00:12.764,0.85699,0.85719,1.35,2.25
2011.08.01 05:00:14.454,0.85699,0.85719,1.35,1.50
2011.08.01 05:00:17.893,0.85692,0.85711,1.73,1.13
2011.08.01 05:00:18.443,0.85692,0.8571,1.88,1.50
2011.08.01 05:00:19.214,0.8569,0.8571,1.50,1.13
2011.08.01 05:00:21.223,0.8569,0.8571,1.13,2.25
2011.08.01 05:00:22.636,0.85697,0.8571,2.25,2.25
2011.08.01 05:00:22.976,0.85699,0.85718,2.40,1.88
2011.08.01 05:00:26.494,0.85698,0.85718,1.13,1.13
2011.08.01 05:00:27.052,0.85698,0.85719,1.13,1.88
2011.08.01 05:00:29.003,0.85698,0.85719,1.13,1.50
2011.08.01 05:00:33.425,0.85698,0.85719,1.13,3.00
2011.08.01 05:00:36.692,0.85697,0.85718,2.25,1.13
2011.08.01 05:00:40.173,0.85698,0.85719,1.13,2.63
2011.08.01 05:00:42.803,0.85698,0.85719,1.50,1.50
2011.08.01 05:00:44.254,0.85699,0.85719,1.13,2.25
2011.08.01 05:00:45.052,0.85698,0.85719,1.13,2.25
2011.08.01 05:00:49.355,0.85698,0.85718,1.13,1.13
2011.08.01 05:00:55.923,0.85698,0.85719,1.13,2.63
2011.08.01 05:00:57.534,0.85698,0.85719,1.50,3.00
2011.08.01 05:00:58.523,0.85698,0.85719,1.13,2.63
2011.08.01 05:01:00.174,0.85697,0.85717,1.13,1.13
2011.08.01 05:01:02.413,0.85695,0.85715,1.50,2.25
2011.08.01 05:01:03.814,0.85695,0.85714,1.50,1.50
2011.08.01 05:01:04.373,0.85696,0.85715,3.38,1.50
2011.08.01 05:01:06.894,0.85696,0.85716,4.88,2.25
2011.08.01 05:01:10.912,0.85698,0.85718,1.50,1.50
2011.08.01 05:01:12.203,0.85698,0.85717,1.50,1.50
2011.08.01 05:01:13.462,0.85698,0.85717,1.50,1.50
2011.08.01 05:01:15.534,0.85697,0.85716,1.50,1.13
2011.08.01 05:01:15.653,0.85697,0.85715,1.50,1.50
2011.08.01 05:01:15.774,0.85693,0.85712,1.50,1.13
2011.08.01 05:01:16.004,0.85693,0.85712,1.50,1.13
2011.08.01 05:01:16.126,0.85693,0.85712,1.50,1.13
2011.08.01 05:01:18.673,0.85693,0.85711,1.13,1.50
2011.08.01 05:01:19.013,0.85692,0.85709,1.50,1.50
2011.08.01 05:01:19.232,0.8569,0.85709,1.13,1.50
2011.08.01 05:01:21.946,0.85691,0.85709,1.13,1.50
2011.08.01 05:01:22.588,0.85692,0.85711,1.50,1.50
2011.08.01 05:01:23.362,0.85692,0.85713,1.50,1.50
2011.08.01 05:01:23.914,0.85692,0.85713,3.53,2.25
2011.08.01 05:01:24.368,0.85697,0.85714,1.50,1.50
2011.08.01 05:01:24.484,0.85695,0.85714,2.10,1.50
2011.08.01 05:01:25.043,0.85696,0.85718,1.50,1.50
2011.08.01 05:01:25.634,0.85696,0.85717,1.50,1.13
2011.08.01 05:01:25.755,0.85696,0.85715,1.50,1.50
2011.08.01 05:01:26.204,0.85696,0.85715,1.50,1.50
2011.08.01 05:01:26.767,0.85696,0.85715,1.88,1.50
2011.08.01 05:01:28.065,0.85694,0.85712,1.50,1.13
2011.08.01 05:01:29.845,0.85692,0.85709,1.50,1.13
2011.08.01 05:01:29.965,0.85692,0.85712,1.13,2.78
2011.08.01 05:01:30.082,0.85692,0.85712,1.13,2.78
2011.08.01 05:01:30.304,0.85692,0.85712,1.13,1.50
2011.08.01 05:01:31.086,0.85692,0.85712,1.50,2.25
2011.08.01 05:01:31.643,0.85695,0.85714,1.13,1.50
2011.08.01 05:01:32.093,0.85695,0.85714,1.50,1.50
2011.08.01 05:01:38.403,0.85695,0.85714,1.50,1.50
2011.08.01 05:01:38.842,0.85695,0.85713,1.50,1.50
2011.08.01 05:01:40.804,0.85694,0.85712,1.50,1.50
2011.08.01 05:01:41.252,0.85694,0.85712,1.50,1.50
2011.08.01 05:01:42.021,0.85694,0.85712,1.50,1.50
2011.08.01 05:01:42.246,0.85694,0.85711,1.13,1.50
2011.08.01 05:01:42.805,0.85692,0.85711,1.50,1.88
2011.08.01 05:01:42.925,0.85692,0.85711,1.50,1.88
2011.08.01 05:01:43.266,0.85692,0.8571,1.50,1.20
2011.08.01 05:01:43.496,0.85688,0.85703,3.53,1.13
2011.08.01 05:01:43.617,0.85686,0.85703,1.50,1.13
2011.08.01 05:01:43.736,0.85687,0.85705,1.13,1.95
2011.08.01 05:01:43.860,0.85687,0.85705,1.13,2.25
2011.08.01 05:01:44.525,0.85684,0.85705,1.50,2.25
2011.08.01 05:01:45.470,0.85684,0.85705,2.25,1.50
2011.08.01 05:01:46.023,0.85684,0.85705,1.50,1.50
2011.08.01 05:01:46.795,0.85684,0.85705,1.50,2.25
2011.08.01 05:01:47.354,0.85684,0.85705,1.50,2.25
2011.08.01 05:01:47.872,0.85684,0.85705,1.50,2.63
2011.08.01 05:01:50.353,0.85684,0.85705,1.50,2.25
2011.08.01 05:01:50.902,0.85684,0.85705,1.50,2.25
2011.08.01 05:01:51.452,0.85684,0.85705,1.50,2.25
2011.08.01 05:01:52.444,0.85684,0.85705,1.50,2.25
2011.08.01 05:01:54.653,0.85684,0.85705,1.50,2.25
2011.08.01 05:01:58.502,0.85684,0.85704,1.50,1.50
2011.08.01 05:01:59.273,0.85684,0.85705,1.50,3.00
2011.08.01 05:01:59.663,0.85682,0.85702,3.90,1.13
2011.08.01 05:02:00.222,0.85682,0.85702,1.88,1.13
2011.08.01 05:02:02.400,0.85682,0.85702,1.13,1.88
2011.08.01 05:02:02.622,0.85682,0.85702,1.13,1.88
2011.08.01 05:02:03.173,0.85682,0.85702,3.00,1.50
2011.08.01 05:02:03.506,0.85686,0.85702,3.00,1.50
2011.08.01 05:02:03.843,0.85688,0.85705,2.78,1.50
2011.08.01 05:02:04.065,0.85688,0.85705,2.78,1.50
2011.08.01 05:02:04.183,0.85688,0.85705,2.03,1.88
2011.08.01 05:02:04.733,0.85685,0.85704,1.50,1.50
2011.08.01 05:02:05.724,0.85683,0.85702,1.88,1.50
2011.08.01 05:02:05.845,0.85683,0.85701,1.88,1.50
2011.08.01 05:02:06.075,0.85681,0.85701,1.50,2.25
2011.08.01 05:02:06.416,0.85678,0.85698,3.53,2.25
2011.08.01 05:02:06.644,0.85679,0.85697,2.25,1.50
2011.08.01 05:02:06.764,0.85679,0.85698,2.25,1.50
2011.08.01 05:02:07.106,0.8568,0.85698,2.40,2.25
2011.08.01 05:02:07.832,0.85677,0.85696,1.13,1.13
2011.08.01 05:02:07.951,0.85677,0.85695,1.13,1.50
2011.08.01 05:02:08.179,0.85678,0.85698,1.13,1.88
2011.08.01 05:02:08.734,0.85678,0.85697,1.13,1.88
2011.08.01 05:02:10.056,0.85676,0.85693,1.88,1.50
2011.08.01 05:02:10.286,0.85676,0.85693,1.13,1.50
2011.08.01 05:02:10.403,0.85676,0.85693,1.13,1.50
2011.08.01 05:02:10.737,0.85673,0.85692,1.13,1.88
2011.08.01 05:02:11.292,0.85672,0.85692,1.13,1.88
2011.08.01 05:02:12.722,0.85672,0.85691,1.13,1.50
2011.08.01 05:02:13.272,0.85672,0.85691,1.13,1.50
2011.08.01 05:02:14.382,0.85672,0.85691,1.13,1.50
2011.08.01 05:02:14.973,0.85671,0.8569,1.50,1.13
2011.08.01 05:02:15.193,0.8567,0.85689,1.13,1.13
2011.08.01 05:02:15.774,0.8567,0.85689,1.13,1.88
2011.08.01 05:02:16.005,0.8567,0.85689,1.50,1.50
2011.08.01 05:02:16.457,0.85673,0.85691,1.50,1.50
2011.08.01 05:02:16.578,0.85673,0.85693,1.50,3.00
2011.08.01 05:02:18.475,0.85673,0.85691,1.13,1.13
2011.08.01 05:02:18.596,0.85673,0.85691,1.13,1.88
2011.08.01 05:02:19.266,0.85669,0.85688,1.50,1.13
2011.08.01 05:02:19.825,0.85668,0.85686,1.50,1.50
2011.08.01 05:02:20.383,0.85668,0.85686,1.50,1.50
2011.08.01 05:02:23.944,0.8567,0.85688,1.13,1.50
2011.08.01 05:02:24.064,0.8567,0.85689,1.13,2.25
2011.08.01 05:02:26.224,0.8567,0.85689,1.50,1.50
2011.08.01 05:02:26.454,0.85672,0.85692,1.50,2.25
2011.08.01 05:02:26.575,0.8567,0.85691,1.88,1.13
2011.08.01 05:02:26.694,0.8567,0.85691,1.88,1.88
2011.08.01 05:02:28.945,0.85672,0.85691,1.50,1.50
2011.08.01 05:02:29.065,0.85672,0.85691,1.50,1.50
2011.08.01 05:02:29.185,0.85676,0.85692,1.35,1.50
2011.08.01 05:02:29.525,0.85677,0.85696,1.73,1.50
2011.08.01 05:02:30.084,0.85677,0.85697,1.73,1.88
2011.08.01 05:02:30.708,0.85677,0.85697,1.73,1.88
2011.08.01 05:02:34.135,0.85676,0.85697,1.50,1.88
2011.08.01 05:02:34.693,0.85676,0.85696,1.50,1.88
2011.08.01 05:02:35.904,0.85676,0.85697,1.50,1.13
2011.08.01 05:02:36.026,0.85678,0.85698,2.25,3.00
2011.08.01 05:02:36.365,0.85679,0.85702,2.25,2.63
2011.08.01 05:02:36.488,0.85682,0.85702,2.25,2.25
2011.08.01 05:02:37.043,0.85683,0.85702,1.88,1.88
2011.08.01 05:02:37.155,0.85683,0.85702,1.88,1.13
2011.08.01 05:02:39.703,0.85683,0.85702,1.50,1.50
2011.08.01 05:02:40.035,0.85681,0.85698,1.50,1.13
2011.08.01 05:02:40.704,0.85683,0.85701,1.50,1.50
2011.08.01 05:02:41.153,0.85685,0.85703,1.13,1.50
2011.08.01 05:02:41.712,0.85685,0.85703,1.13,1.50
2011.08.01 05:02:41.824,0.85685,0.85702,1.13,1.50
2011.08.01 05:02:42.166,0.85685,0.85703,1.50,1.50
2011.08.01 05:02:43.762,0.85688,0.85708,1.50,1.50
2011.08.01 05:02:43.877,0.85688,0.85708,1.50,1.50
2011.08.01 05:02:45.483,0.85688,0.85708,1.50,1.50
2011.08.01 05:02:46.034,0.85691,0.85709,1.13,1.50
2011.08.01 05:02:46.374,0.85691,0.85709,1.50,1.50
2011.08.01 05:02:46.937,0.85696,0.8571,2.25,1.50
2011.08.01 05:02:47.166,0.85696,0.85717,3.00,2.25
2011.08.01 05:02:47.722,0.85697,0.85717,2.25,1.50
2011.08.01 05:02:48.164,0.85699,0.8572,1.50,1.50
2011.08.01 05:02:49.554,0.857,0.8572,2.25,1.50
2011.08.01 05:02:49.674,0.857,0.8572,1.50,1.50
2011.08.01 05:02:58.815,0.85701,0.8572,2.25,2.25
2011.08.01 05:03:03.308,0.85699,0.8572,1.88,2.25
2011.08.01 05:03:03.827,0.85699,0.85719,1.13,1.50
2011.08.01 05:03:03.952,0.85696,0.85717,1.50,1.13
2011.08.01 05:03:06.155,0.85694,0.85714,1.35,2.25
2011.08.01 05:03:08.975,0.85697,0.85714,2.25,1.50
2011.08.01 05:03:09.207,0.85697,0.85717,3.00,1.50
2011.08.01 05:03:10.529,0.85697,0.85716,1.13,1.50
2011.08.01 05:03:11.683,0.85694,0.85714,2.10,1.50
2011.08.01 05:03:49.953,0.857,0.85714,1.35,2.25
2011.08.01 05:03:50.630,0.857,0.85721,1.35,1.88
2011.08.01 05:03:51.189,0.85702,0.85721,1.13,2.63
2011.08.01 05:03:52.527,0.85703,0.85721,1.50,1.50
2011.08.01 05:03:53.084,0.85703,0.85724,1.35,1.50
2011.08.01 05:03:55.014,0.85702,0.85722,1.50,1.13
2011.08.01 05:03:56.015,0.85705,0.85723,1.50,1.50
2011.08.01 05:03:56.631,0.85706,0.85725,1.35,2.25
2011.08.01 05:03:56.744,0.85708,0.85726,1.13,2.25
2011.08.01 05:03:57.404,0.85708,0.85726,1.13,1.50
2011.08.01 05:03:57.857,0.8571,0.85729,1.50,1.50
2011.08.01 05:03:57.979,0.85709,0.85729,1.13,1.50
2011.08.01 05:04:00.517,0.85711,0.85728,1.35,1.50
2011.08.01 05:04:07.616,0.8571,0.85729,1.13,1.88
2011.08.01 05:04:08.173,0.8571,0.85728,1.13,1.50
2011.08.01 05:04:11.255,0.8571,0.85728,1.50,1.50
2011.08.01 05:04:19.204,0.85714,0.85729,1.35,1.50
2011.08.01 05:04:19.434,0.85714,0.85734,2.10,1.50
2011.08.01 05:04:20.664,0.85715,0.85734,2.25,1.50
2011.08.01 05:04:21.004,0.85716,0.85736,1.50,1.50
2011.08.01 05:04:27.715,0.85716,0.85736,1.50,1.50
2011.08.01 05:04:27.948,0.85715,0.85733,1.50,1.50
2011.08.01 05:04:28.068,0.85712,0.85731,1.13,1.13
2011.08.01 05:04:28.295,0.8571,0.8573,1.50,1.13
2011.08.01 05:04:29.706,0.85707,0.85729,1.73,1.13
2011.08.01 05:04:29.825,0.85707,0.85728,1.88,1.88
2011.08.01 05:04:30.055,0.85704,0.85725,1.13,1.50
2011.08.01 05:04:30.613,0.85703,0.85722,1.13,1.50
2011.08.01 05:04:31.962,0.85704,0.85724,1.13,1.88
2011.08.01 05:04:32.512,0.85707,0.85726,1.13,1.50
2011.08.01 05:04:34.605,0.85707,0.85726,3.00,1.50
2011.08.01 05:04:34.945,0.85707,0.85727,3.75,1.50
2011.08.01 05:04:35.503,0.85711,0.85729,1.50,2.25
2011.08.01 05:04:38.046,0.85712,0.85729,2.25,1.50
2011.08.01 05:04:38.169,0.85711,0.85731,1.50,1.50
2011.08.01 05:04:41.047,0.8571,0.85729,2.25,1.50
2011.08.01 05:04:41.495,0.85709,0.85729,1.50,2.25
2011.08.01 05:04:42.558,0.85712,0.85729,2.25,2.25
2011.08.01 05:04:42.685,0.85713,0.85731,1.13,1.50
2011.08.01 05:04:42.807,0.85715,0.85733,2.25,1.50
2011.08.01 05:04:42.924,0.85715,0.85734,2.25,1.50
2011.08.01 05:04:43.498,0.85715,0.85735,3.00,1.50
2011.08.01 05:04:44.973,0.85715,0.85735,1.35,1.50
2011.08.01 05:04:45.744,0.85715,0.85734,1.35,1.50
2011.08.01 05:04:46.304,0.85715,0.85734,1.73,1.50
2011.08.01 05:04:47.163,0.85715,0.85734,1.73,1.50
2011.08.01 05:04:48.363,0.85715,0.85734,1.73,1.50
2011.08.01 05:04:48.806,0.8571,0.8573,1.73,2.25
2011.08.01 05:04:49.367,0.85709,0.85728,1.50,2.25
2011.08.01 05:04:50.775,0.85708,0.85726,1.50,2.25
2011.08.01 05:04:51.964,0.85706,0.85724,1.88,1.13
2011.08.01 05:04:52.197,0.85704,0.85723,1.50,1.50
2011.08.01 05:04:52.583,0.85701,0.8572,3.00,4.35
2011.08.01 05:04:52.696,0.85701,0.8572,3.75,1.50
2011.08.01 05:04:52.816,0.85703,0.85721,1.50,1.50
2011.08.01 05:04:53.044,0.85706,0.85723,1.13,1.50
2011.08.01 05:04:53.714,0.85705,0.85723,1.50,1.88
2011.08.01 05:04:54.274,0.85707,0.85723,1.13,1.50
2011.08.01 05:04:56.403,0.85707,0.85723,1.13,1.50
2011.08.01 05:04:57.346,0.85707,0.85723,1.13,1.50
2011.08.01 05:04:57.903,0.85707,0.85723,1.13,1.50
2011.08.01 05:04:59.824,0.85707,0.85723,1.50,1.50
2011.08.01 05:05:00.045,0.85703,0.85724,1.50,1.35
2011.08.01 05:05:00.169,0.85702,0.85722,1.50,1.13
2011.08.01 05:05:00.288,0.85701,0.8572,1.88,1.50
2011.08.01 05:05:00.734,0.85701,0.8572,1.88,1.50
2011.08.01 05:05:02.085,0.85703,0.85718,1.13,1.50
2011.08.01 05:05:02.205,0.85703,0.8572,1.13,1.50
2011.08.01 05:05:03.203,0.85703,0.85721,1.13,1.50
2011.08.01 05:05:06.666,0.85703,0.85718,1.13,1.35
2011.08.01 05:05:10.485,0.85701,0.85719,1.88,1.13
2011.08.01 05:05:10.824,0.85699,0.85718,1.50,1.50
2011.08.01 05:05:11.495,0.85698,0.85716,1.50,1.13
2011.08.01 05:05:11.614,0.85698,0.85716,1.50,1.13
2011.08.01 05:05:11.734,0.85696,0.85715,1.13,1.50
2011.08.01 05:05:12.294,0.85696,0.85715,1.13,1.50
2011.08.01 05:05:14.103,0.85694,0.85712,1.50,2.25
2011.08.01 05:05:14.434,0.85692,0.85711,1.88,1.88
2011.08.01 05:05:14.555,0.85692,0.85709,1.13,1.50
2011.08.01 05:05:15.333,0.85691,0.85708,1.13,1.50
2011.08.01 05:05:16.674,0.85691,0.85708,1.50,1.50
2011.08.01 05:05:17.013,0.85691,0.85709,1.50,1.50
2011.08.01 05:05:17.537,0.85694,0.8571,1.13,1.50
2011.08.01 05:05:17.657,0.85694,0.85711,1.50,1.50
2011.08.01 05:05:33.464,0.85696,0.85714,1.13,1.50
2011.08.01 05:05:33.793,0.85696,0.85716,3.00,2.85
2011.08.01 05:05:37.534,0.85696,0.85716,3.00,2.10
2011.08.01 05:05:38.835,0.85696,0.85716,4.88,1.50
2011.08.01 05:05:39.754,0.85697,0.85716,2.25,1.50
2011.08.01 05:05:43.364,0.85697,0.85716,2.25,1.50
2011.08.01 05:05:48.906,0.85697,0.85716,2.25,1.50
2011.08.01 05:05:49.135,0.857,0.8572,1.50,1.50
2011.08.01 05:05:49.259,0.85702,0.85721,2.25,2.25
2011.08.01 05:05:49.594,0.85705,0.85725,1.50,2.25
2011.08.01 05:05:49.714,0.85705,0.85725,1.50,2.25
2011.08.01 05:05:49.835,0.85705,0.85724,1.50,1.50
2011.08.01 05:05:50.728,0.85705,0.85725,1.50,2.25
2011.08.01 05:05:50.845,0.85709,0.85726,1.13,1.50
2011.08.01 05:05:51.073,0.85709,0.85727,1.13,1.50
2011.08.01 05:05:51.625,0.85706,0.85725,1.88,1.50
2011.08.01 05:05:51.963,0.85706,0.85724,1.13,1.35
2011.08.01 05:05:53.382,0.85706,0.85724,1.13,1.35
2011.08.01 05:05:56.554,0.85706,0.85724,1.13,1.35
2011.08.01 05:05:57.665,0.85706,0.85724,1.13,1.35
2011.08.01 05:06:02.918,0.85706,0.85722,1.13,1.35
2011.08.01 05:06:05.684,0.85706,0.85723,1.50,1.35
2011.08.01 05:06:05.806,0.85706,0.85727,1.50,2.25
2011.08.01 05:06:05.926,0.85707,0.85727,1.50,1.50
2011.08.01 05:06:06.485,0.8571,0.85729,2.25,1.50
2011.08.01 05:06:07.044,0.85714,0.85732,1.13,1.50
2011.08.01 05:06:07.163,0.85714,0.85732,1.13,1.50
2011.08.01 05:06:13.516,0.85711,0.85731,1.88,1.13
2011.08.01 05:06:13.853,0.85711,0.85729,1.13,2.10
2011.08.01 05:06:15.254,0.85711,0.85729,1.50,2.10
2011.08.01 05:06:16.754,0.85711,0.8573,1.50,1.50
2011.08.01 05:06:28.226,0.85711,0.8573,1.50,1.50
2011.08.01 05:06:36.834,0.85714,0.85731,1.13,1.35
2011.08.01 05:06:36.958,0.85714,0.85731,3.00,1.35
2011.08.01 05:06:37.074,0.85715,0.85735,1.50,1.50
2011.08.01 05:06:37.874,0.85717,0.85736,1.50,1.50
2011.08.01 05:06:39.383,0.85717,0.85735,1.50,1.13
2011.08.01 05:06:39.718,0.85714,0.85734,1.88,3.60
2011.08.01 05:06:39.840,0.85709,0.85731,2.25,1.13
2011.08.01 05:06:40.658,0.85709,0.85729,2.25,2.25
2011.08.01 05:06:43.694,0.85707,0.85728,1.13,1.88
2011.08.01 05:06:44.254,0.85707,0.85728,1.13,1.88
2011.08.01 05:06:44.697,0.8571,0.85729,1.50,3.90
2011.08.01 05:06:44.815,0.85707,0.85728,2.25,1.13
2011.08.01 05:06:44.937,0.85707,0.85727,1.50,1.13
2011.08.01 05:06:47.163,0.85704,0.85725,1.88,1.88
2011.08.01 05:06:47.385,0.85704,0.85725,1.50,6.90
2011.08.01 05:06:47.727,0.85701,0.85718,1.13,1.50
2011.08.01 05:06:47.845,0.85699,0.85718,1.50,1.50
2011.08.01 05:06:50.265,0.85698,0.85717,1.50,1.73
2011.08.01 05:06:50.500,0.85697,0.85714,1.50,1.13
2011.08.01 05:06:50.620,0.85695,0.85714,1.50,1.88
2011.08.01 05:06:50.738,0.85695,0.85713,1.50,1.13
2011.08.01 05:06:50.856,0.85692,0.85713,1.13,1.13
2011.08.01 05:06:51.413,0.85692,0.8571,1.13,1.50
2011.08.01 05:06:53.455,0.85693,0.8571,1.50,1.50
2011.08.01 05:06:53.795,0.85697,0.85712,1.50,1.50
2011.08.01 05:06:53.914,0.85697,0.85714,1.50,1.50
2011.08.01 05:06:56.984,0.857,0.85718,1.13,1.50
2011.08.01 05:06:59.183,0.857,0.85718,1.13,1.50
2011.08.01 05:07:13.215,0.85699,0.85717,2.25,2.10
2011.08.01 05:07:14.706,0.857,0.85721,2.25,1.50
2011.08.01 05:07:15.317,0.857,0.85722,2.25,2.63
2011.08.01 05:07:16.184,0.85704,0.85722,1.13,2.63
2011.08.01 05:07:16.306,0.85704,0.85722,1.50,1.50
2011.08.01 05:07:38.293,0.85706,0.85726,1.13,1.50
2011.08.01 05:07:38.407,0.85707,0.85726,2.25,1.50
2011.08.01 05:07:39.129,0.85712,0.85729,1.13,1.50
2011.08.01 05:07:40.246,0.85712,0.8573,1.50,1.50
2011.08.01 05:07:40.366,0.85711,0.8573,1.13,1.50
2011.08.01 05:07:40.485,0.85712,0.8573,1.50,1.50
2011.08.01 05:07:50.384,0.85713,0.85732,2.25,2.25
2011.08.01 05:07:51.787,0.85713,0.85731,1.50,1.73
2011.08.01 05:07:52.343,0.85711,0.85731,1.13,2.48
2011.08.01 05:07:52.454,0.85711,0.85731,1.50,2.10
2011.08.01 05:07:53.015,0.85714,0.85732,1.50,1.50
2011.08.01 05:07:53.135,0.85715,0.85733,1.50,1.50
2011.08.01 05:07:53.256,0.85714,0.85733,1.88,1.50
2011.08.01 05:07:53.375,0.85715,0.85735,2.25,1.13
2011.08.01 05:07:53.975,0.85715,0.85735,1.50,1.13
2011.08.01 05:07:56.162,0.85714,0.85733,1.13,1.50
2011.08.01 05:07:56.494,0.85712,0.85731,2.10,1.13
2011.08.01 05:07:56.726,0.85711,0.85731,1.73,1.88
2011.08.01 05:08:00.496,0.85711,0.85729,1.35,1.13
2011.08.01 05:08:00.948,0.8571,0.85729,1.50,2.25
2011.08.01 05:08:01.285,0.85706,0.85727,1.13,1.35
2011.08.01 05:08:03.916,0.85706,0.85724,1.50,1.50
2011.08.01 05:08:04.145,0.85704,0.85725,1.13,1.88
2011.08.01 05:08:04.704,0.85706,0.85726,1.13,1.88
2011.08.01 05:08:17.897,0.85706,0.85727,1.50,1.50
2011.08.01 05:08:18.018,0.85709,0.85727,1.13,1.50
2011.08.01 05:08:19.420,0.85709,0.8573,1.88,2.25
2011.08.01 05:08:23.176,0.85709,0.85728,1.88,1.13
2011.08.01 05:08:45.554,0.85709,0.85726,1.50,1.13
2011.08.01 05:08:45.883,0.85708,0.85727,1.50,1.88
2011.08.01 05:08:46.433,0.85708,0.85726,1.50,1.13
2011.08.01 05:08:46.874,0.85707,0.85726,1.50,1.13
2011.08.01 05:08:47.434,0.85706,0.85726,2.25,1.13
2011.08.01 05:08:48.874,0.85707,0.85727,1.88,1.13
2011.08.01 05:09:09.296,0.85707,0.85726,1.50,1.50
2011.08.01 05:09:15.548,0.85704,0.85724,1.13,1.13
2011.08.01 05:09:15.994,0.85704,0.85723,2.25,2.25
2011.08.01 05:09:16.336,0.85704,0.85719,1.50,4.28
2011.08.01 05:09:16.786,0.85697,0.85717,1.88,1.50
2011.08.01 05:09:17.412,0.85697,0.85715,1.13,1.13
2011.08.01 05:09:18.245,0.85697,0.85716,1.73,1.13
2011.08.01 05:09:20.436,0.85698,0.85717,1.35,1.50
2011.08.01 05:09:20.779,0.85705,0.8572,1.13,2.03
2011.08.01 05:09:20.896,0.85706,0.85726,1.13,1.13
2011.08.01 05:09:21.020,0.85709,0.8573,1.13,1.88
2011.08.01 05:09:21.356,0.85711,0.8573,1.50,1.13
2011.08.01 05:09:21.914,0.85712,0.85732,1.88,1.50
2011.08.01 05:09:22.475,0.85712,0.85732,1.13,1.50
2011.08.01 05:09:24.365,0.85711,0.8573,1.50,1.13
2011.08.01 05:09:24.925,0.8571,0.8573,1.50,1.88
2011.08.01 05:09:25.485,0.85709,0.8573,1.13,2.63
2011.08.01 05:09:25.604,0.85708,0.8573,1.13,2.63
2011.08.01 05:09:25.946,0.85707,0.85726,1.50,2.25
2011.08.01 05:09:26.174,0.85704,0.85723,1.50,2.25
2011.08.01 05:09:26.404,0.85702,0.85722,1.13,1.13
2011.08.01 05:09:26.965,0.85702,0.85722,1.13,1.50
2011.08.01 05:09:28.903,0.85702,0.85723,1.88,2.63
2011.08.01 05:09:30.444,0.85702,0.85723,1.88,2.63
2011.08.01 05:09:32.354,0.85702,0.85723,1.13,2.63
2011.08.01 05:09:33.977,0.85702,0.85723,2.25,1.50
2011.08.01 05:09:38.393,0.85704,0.85723,3.00,1.50
2011.08.01 05:09:38.505,0.85706,0.85727,1.50,2.25
2011.08.01 05:09:38.737,0.85706,0.85725,1.13,1.13
2011.08.01 05:09:39.736,0.85705,0.85724,1.13,1.13
2011.08.01 05:09:44.794,0.85706,0.85724,1.13,1.88
2011.08.01 05:09:45.028,0.85706,0.85724,1.13,1.13
2011.08.01 05:09:45.474,0.85707,0.85727,1.50,1.50
2011.08.01 05:09:45.914,0.85707,0.85727,2.63,1.50
2011.08.01 05:09:52.765,0.85707,0.85728,1.88,1.88
2011.08.01 05:09:53.323,0.85707,0.85728,1.88,1.88
2011.08.01 05:10:01.055,0.85708,0.85728,3.00,1.13
2011.08.01 05:10:01.179,0.8571,0.8573,1.13,2.25
2011.08.01 05:10:01.298,0.85711,0.8573,1.73,1.50
2011.08.01 05:10:01.856,0.85711,0.85733,2.48,2.25
2011.08.01 05:10:03.406,0.85713,0.85733,1.13,1.88
2011.08.01 05:10:03.964,0.85713,0.85732,1.13,1.13
2011.08.01 05:10:05.764,0.8571,0.85734,3.00,3.00
2011.08.01 05:10:06.095,0.85714,0.85734,1.13,2.25
2011.08.01 05:10:07.104,0.85715,0.85734,1.13,1.50
2011.08.01 05:10:08.455,0.85716,0.85735,1.88,1.13
2011.08.01 05:10:09.014,0.85716,0.85736,1.88,3.00
2011.08.01 05:10:10.495,0.85717,0.85736,1.13,1.88
2011.08.01 05:10:10.947,0.85716,0.85736,1.50,2.25
2011.08.01 05:10:11.067,0.85714,0.85734,1.88,2.25
2011.08.01 05:10:12.865,0.85713,0.85731,1.13,1.50
2011.08.01 05:10:13.098,0.85709,0.8573,2.63,1.50
2011.08.01 05:10:13.873,0.8571,0.8573,1.13,1.50
2011.08.01 05:10:14.006,0.85712,0.85732,1.13,1.50
2011.08.01 05:10:14.898,0.85711,0.85729,1.50,1.13
2011.08.01 05:10:15.124,0.85709,0.85729,1.13,1.88
2011.08.01 05:10:15.238,0.85708,0.85729,1.50,1.50
2011.08.01 05:10:15.468,0.85709,0.85729,1.13,1.13
2011.08.01 05:10:17.458,0.85708,0.85729,1.50,3.00
2011.08.01 05:10:18.017,0.85708,0.85728,1.13,2.25
2011.08.01 05:10:20.466,0.85708,0.85728,2.25,1.50
2011.08.01 05:10:20.585,0.85708,0.85728,2.63,1.50
2011.08.01 05:10:23.945,0.85708,0.85728,1.50,1.50
2011.08.01 05:10:24.068,0.85709,0.8573,1.13,1.88
2011.08.01 05:10:24.516,0.85708,0.85728,1.50,1.50
2011.08.01 05:10:25.514,0.85707,0.85727,1.73,2.25
2011.08.01 05:10:26.155,0.85714,0.85734,1.50,1.50
2011.08.01 05:10:27.934,0.85713,0.85733,1.50,1.50
2011.08.01 05:10:30.006,0.85716,0.85735,1.13,1.88
2011.08.01 05:10:31.638,0.85714,0.85734,1.50,1.13
2011.08.01 05:10:31.865,0.85713,0.85732,1.50,1.50
2011.08.01 05:10:31.984,0.85712,0.85732,1.88,1.50
2011.08.01 05:10:32.325,0.85714,0.85733,1.13,1.50
2011.08.01 05:10:33.974,0.85714,0.85733,1.50,1.50
2011.08.01 05:10:34.726,0.85714,0.85734,1.13,1.88
2011.08.01 05:10:35.284,0.85712,0.85733,2.25,1.50
2011.08.01 05:10:49.723,0.85713,0.85733,2.25,1.50
2011.08.01 05:10:50.054,0.85715,0.85735,2.25,1.50
2011.08.01 05:10:50.824,0.85715,0.85735,3.75,1.50
2011.08.01 05:10:54.837,0.85716,0.85735,3.00,1.50
2011.08.01 05:10:55.065,0.85721,0.85739,1.13,1.50
2011.08.01 05:10:55.408,0.85719,0.85738,1.50,1.13
2011.08.01 05:10:55.526,0.85717,0.85737,1.13,1.50
2011.08.01 05:10:56.085,0.85717,0.85737,1.13,1.50
2011.08.01 05:10:57.895,0.85717,0.85737,1.50,1.50
2011.08.01 05:10:58.910,0.85718,0.85737,2.25,1.50
2011.08.01 05:10:59.030,0.85718,0.85738,2.25,2.25
2011.08.01 05:10:59.886,0.85722,0.85741,1.50,2.25
2011.08.01 05:11:00.448,0.85724,0.85741,2.25,1.50
2011.08.01 05:11:00.895,0.85725,0.85744,1.50,2.25
2011.08.01 05:11:03.356,0.85725,0.85743,1.13,1.50
2011.08.01 05:11:04.159,0.85725,0.85743,1.50,1.50
2011.08.01 05:11:05.486,0.85726,0.85743,1.13,1.50
2011.08.01 05:11:06.045,0.85725,0.85743,1.13,1.50
2011.08.01 05:11:06.493,0.85725,0.85743,1.13,1.50
2011.08.01 05:11:06.713,0.85725,0.85743,1.13,1.50
2011.08.01 05:11:08.226,0.85724,0.85741,1.13,1.50
2011.08.01 05:11:08.770,0.85719,0.85739,1.88,1.50
2011.08.01 05:11:08.884,0.85719,0.85739,1.13,1.50
2011.08.01 05:11:10.115,0.85722,0.85739,1.35,1.50
2011.08.01 05:11:10.460,0.85727,0.85745,1.13,1.50
2011.08.01 05:11:10.687,0.85727,0.85746,3.75,1.20
2011.08.01 05:11:10.915,0.8573,0.85747,1.50,1.20
2011.08.01 05:11:14.455,0.8573,0.85747,1.13,1.20
2011.08.01 05:11:16.666,0.85728,0.85747,2.25,1.95
2011.08.01 05:11:17.005,0.8573,0.85747,3.75,1.20
2011.08.01 05:11:17.459,0.85734,0.85751,1.50,1.20
2011.08.01 05:11:17.938,0.85735,0.85753,1.50,2.25
2011.08.01 05:11:18.066,0.85742,0.85759,1.13,1.50
2011.08.01 05:11:18.297,0.85741,0.85761,3.00,1.50
2011.08.01 05:11:18.420,0.85741,0.85762,3.00,1.50
2011.08.01 05:11:18.976,0.85741,0.85763,3.00,2.25
2011.08.01 05:11:21.878,0.85741,0.85761,1.13,1.13
2011.08.01 05:11:22.412,0.85742,0.85762,2.25,1.50
2011.08.01 05:11:23.408,0.85745,0.85763,2.25,1.50
2011.08.01 05:11:23.856,0.85744,0.85763,1.88,1.50
2011.08.01 05:11:23.981,0.85744,0.85762,1.13,1.50
2011.08.01 05:11:24.208,0.85741,0.85762,3.00,1.50
2011.08.01 05:11:25.805,0.85741,0.85762,3.00,1.50
2011.08.01 05:11:26.254,0.85741,0.85762,3.00,1.50
2011.08.01 05:11:26.916,0.85741,0.85762,3.00,1.50
2011.08.01 05:11:28.177,0.85743,0.85762,1.50,1.50
2011.08.01 05:11:29.595,0.85744,0.85763,2.25,1.50
2011.08.01 05:11:31.665,0.85744,0.85765,3.00,2.25
2011.08.01 05:11:32.224,0.85744,0.85765,3.00,1.50
2011.08.01 05:11:33.127,0.85749,0.85766,2.25,1.50
2011.08.01 05:11:33.355,0.85749,0.85767,2.25,2.25
2011.08.01 05:11:34.298,0.8575,0.85767,1.13,1.50
2011.08.01 05:11:34.855,0.85748,0.85766,1.50,1.50
2011.08.01 05:11:37.345,0.85748,0.85766,1.50,1.50
2011.08.01 05:11:40.624,0.85748,0.85766,1.13,1.50
2011.08.01 05:11:43.305,0.85748,0.85766,1.50,1.50
2011.08.01 05:11:43.922,0.85751,0.85768,1.50,1.50
2011.08.01 05:11:45.377,0.85751,0.85769,1.50,1.50
2011.08.01 05:11:46.265,0.85751,0.85772,1.13,2.63
2011.08.01 05:11:46.714,0.85751,0.85772,1.13,1.88
2011.08.01 05:11:47.627,0.85754,0.85774,1.35,5.03
2011.08.01 05:11:47.855,0.85757,0.85775,1.13,1.50
2011.08.01 05:11:48.417,0.85755,0.85774,1.50,1.50
2011.08.01 05:11:48.536,0.85755,0.85773,1.50,1.13
2011.08.01 05:11:50.752,0.85753,0.85771,1.50,1.50
2011.08.01 05:11:51.088,0.85757,0.85774,1.13,1.50
2011.08.01 05:11:51.314,0.85757,0.85774,1.13,1.50
2011.08.01 05:11:52.086,0.85757,0.85776,1.50,1.95
2011.08.01 05:11:52.978,0.85757,0.85776,1.50,1.95
2011.08.01 05:11:53.554,0.85757,0.85776,1.50,1.95
2011.08.01 05:11:54.326,0.85757,0.85775,1.50,1.20
2011.08.01 05:11:54.664,0.8576,0.85776,1.50,1.95
2011.08.01 05:11:57.988,0.8576,0.85775,1.13,1.20
2011.08.01 05:11:59.317,0.8576,0.85776,1.13,1.20
2011.08.01 05:12:00.805,0.85761,0.85779,1.88,1.20
2011.08.01 05:12:02.479,0.85763,0.85779,1.13,1.20
2011.08.01 05:12:03.037,0.85763,0.85779,1.50,1.20
2011.08.01 05:12:03.485,0.85763,0.85781,1.13,1.50
2011.08.01 05:12:03.607,0.85762,0.85782,1.13,1.50
2011.08.01 05:12:03.726,0.85762,0.85781,1.13,2.25
2011.08.01 05:12:05.115,0.85762,0.85781,1.50,1.88
2011.08.01 05:12:07.477,0.8576,0.8578,2.63,1.13
2011.08.01 05:12:10.824,0.85761,0.85779,1.88,1.50
2011.08.01 05:12:12.180,0.85761,0.8578,1.50,1.50
2011.08.01 05:12:13.067,0.85762,0.8578,1.13,1.50
2011.08.01 05:12:14.176,0.85761,0.8578,1.13,1.50
2011.08.01 05:12:15.886,0.85761,0.8578,1.88,1.50
2011.08.01 05:12:16.841,0.8576,0.85779,1.50,1.50
2011.08.01 05:12:18.498,0.85762,0.85782,1.13,3.00
2011.08.01 05:12:18.836,0.85765,0.85785,1.50,1.50
2011.08.01 05:12:19.175,0.85768,0.85787,1.13,1.13
2011.08.01 05:12:19.296,0.85768,0.85787,1.13,1.13
2011.08.01 05:12:19.856,0.85767,0.85786,1.13,1.88
2011.08.01 05:12:25.854,0.85764,0.85784,1.13,1.88
2011.08.01 05:12:28.913,0.85766,0.85784,2.63,1.13
2011.08.01 05:12:29.034,0.85768,0.85787,1.73,1.13
2011.08.01 05:12:30.574,0.85769,0.85789,1.50,2.25
2011.08.01 05:12:31.784,0.8577,0.85789,1.13,1.88
2011.08.01 05:12:32.238,0.85771,0.85793,2.25,1.50
2011.08.01 05:12:32.355,0.85774,0.85793,1.13,1.50
2011.08.01 05:12:33.136,0.85772,0.85792,1.35,1.13
2011.08.01 05:12:34.219,0.85774,0.85793,1.13,1.50
2011.08.01 05:12:38.518,0.85771,0.85792,2.63,1.13
2011.08.01 05:12:41.797,0.85774,0.85791,1.35,1.88
2011.08.01 05:12:42.726,0.85773,0.85791,2.25,1.88
2011.08.01 05:12:42.956,0.85775,0.85791,2.10,1.50
2011.08.01 05:12:44.225,0.85775,0.85792,2.10,1.88
2011.08.01 05:12:48.187,0.85776,0.85792,1.50,1.13
2011.08.01 05:12:49.189,0.85776,0.85794,2.10,1.50
2011.08.01 05:12:49.530,0.85776,0.85795,2.85,1.13
2011.08.01 05:12:50.087,0.85781,0.85795,2.10,1.13
2011.08.01 05:12:50.316,0.85781,0.85799,2.10,2.63
2011.08.01 05:12:54.237,0.85783,0.85799,2.10,2.63
2011.08.01 05:12:57.434,0.85779,0.85799,1.13,2.63
2011.08.01 05:13:00.338,0.85779,0.85799,3.98,2.63
2011.08.01 05:13:00.674,0.85782,0.858,2.10,1.50
2011.08.01 05:13:00.785,0.85785,0.858,2.10,1.50
2011.08.01 05:13:01.344,0.85785,0.858,2.10,1.50
2011.08.01 05:13:02.755,0.85785,0.858,2.10,1.50
2011.08.01 05:13:12.776,0.85779,0.85799,2.25,1.50
2011.08.01 05:13:13.336,0.8578,0.85798,2.48,1.50
2011.08.01 05:13:13.894,0.8578,0.85798,2.48,1.50
2011.08.01 05:13:17.475,0.85776,0.85795,1.73,1.88
2011.08.01 05:13:18.036,0.85776,0.85795,1.13,2.63
2011.08.01 05:13:19.035,0.85774,0.85794,1.50,1.50
2011.08.01 05:13:19.267,0.85771,0.85793,1.88,2.25
2011.08.01 05:13:20.546,0.85771,0.85789,1.50,1.13
2011.08.01 05:13:21.327,0.8577,0.85789,1.50,1.13
2011.08.01 05:13:21.888,0.85768,0.85788,1.50,1.13
2011.08.01 05:13:28.545,0.8577,0.8579,2.48,1.13
2011.08.01 05:13:28.885,0.85774,0.85791,1.35,1.13
2011.08.01 05:13:31.766,0.85774,0.85792,1.35,2.25
2011.08.01 05:13:34.617,0.85774,0.85792,1.35,1.88
2011.08.01 05:13:35.946,0.85774,0.85793,1.35,3.15
2011.08.01 05:13:41.516,0.85776,0.85794,1.35,1.50
2011.08.01 05:13:41.854,0.85775,0.85795,2.25,1.50
2011.08.01 05:13:42.885,0.85778,0.85795,2.48,1.50
2011.08.01 05:13:58.395,0.85778,0.85792,2.10,1.88
2011.08.01 05:13:58.882,0.85778,0.85792,2.10,1.88
2011.08.01 05:13:59.335,0.85773,0.85791,3.23,1.50
2011.08.01 05:13:59.784,0.85773,0.85791,2.85,1.88
2011.08.01 05:14:01.664,0.85771,0.85791,1.50,1.88
2011.08.01 05:14:07.167,0.85771,0.85789,1.50,1.13
2011.08.01 05:14:07.396,0.85769,0.85788,1.50,1.13
2011.08.01 05:14:07.629,0.85768,0.85787,1.13,1.35
2011.08.01 05:14:08.089,0.85766,0.85785,1.13,1.13
2011.08.01 05:14:08.216,0.85766,0.85787,1.50,1.88
2011.08.01 05:14:08.557,0.85767,0.85785,1.13,1.50
2011.08.01 05:14:09.337,0.85766,0.85785,1.50,1.50
2011.08.01 05:14:10.365,0.85767,0.85785,1.13,1.50
2011.08.01 05:14:10.924,0.85765,0.85784,1.88,1.13
2011.08.01 05:14:13.696,0.85765,0.85783,1.88,1.13
2011.08.01 05:14:13.815,0.85765,0.85783,1.88,1.13
2011.08.01 05:14:14.655,0.85765,0.85783,1.50,1.13
2011.08.01 05:14:15.171,0.85765,0.85783,1.50,1.13
2011.08.01 05:14:23.825,0.85767,0.85784,1.50,1.88
2011.08.01 05:14:27.025,0.85767,0.85785,1.50,1.50
2011.08.01 05:14:27.891,0.85767,0.85785,1.50,2.25
2011.08.01 05:14:28.555,0.85767,0.85784,1.50,1.13
2011.08.01 05:14:29.339,0.85767,0.85785,1.88,1.50
2011.08.01 05:14:29.898,0.85767,0.85784,1.50,1.13
2011.08.01 05:14:30.125,0.85766,0.85784,1.50,1.13
2011.08.01 05:14:30.576,0.85764,0.85783,1.88,1.13
2011.08.01 05:14:30.915,0.85764,0.85783,1.88,1.13
2011.08.01 05:14:32.696,0.85764,0.85783,1.50,1.13
2011.08.01 05:14:35.616,0.85764,0.85783,1.50,1.13
2011.08.01 05:14:40.318,0.85764,0.85784,2.25,1.88
2011.08.01 05:14:40.767,0.85766,0.85785,1.13,2.25
2011.08.01 05:14:40.999,0.85767,0.85785,2.25,1.50
2011.08.01 05:14:42.617,0.85764,0.85781,1.50,1.13
2011.08.01 05:14:43.397,0.85763,0.85782,2.63,1.50
2011.08.01 05:14:44.286,0.85763,0.85784,2.63,1.13
2011.08.01 05:14:50.996,0.85763,0.85782,1.50,1.13
2011.08.01 05:14:51.325,0.85762,0.85779,1.50,1.50
2011.08.01 05:14:51.450,0.8576,0.85777,1.50,1.13
2011.08.01 05:14:51.676,0.85761,0.85779,1.13,1.50
2011.08.01 05:14:53.075,0.8576,0.85778,1.50,1.13
2011.08.01 05:14:53.418,0.85759,0.85776,1.50,1.50
2011.08.01 05:14:53.537,0.85755,0.85775,1.50,1.50
2011.08.01 05:14:55.315,0.85755,0.85773,1.50,1.50
2011.08.01 05:14:55.876,0.85756,0.85774,1.13,1.50
2011.08.01 05:14:57.428,0.85755,0.85773,1.50,1.50
2011.08.01 05:14:57.548,0.85755,0.85774,1.88,1.50
2011.08.01 05:14:58.874,0.85755,0.85774,1.88,2.25
2011.08.01 05:14:59.215,0.85757,0.85777,2.10,3.00
2011.08.01 05:15:00.006,0.85757,0.85777,2.10,2.63
2011.08.01 05:15:00.236,0.85758,0.85777,1.50,1.50
2011.08.01 05:15:00.357,0.85758,0.85777,1.50,1.50
2011.08.01 05:15:00.475,0.85758,0.85777,1.50,1.50
2011.08.01 05:15:01.916,0.85757,0.85777,2.85,1.88
2011.08.01 05:15:03.996,0.85757,0.85777,1.50,2.63
2011.08.01 05:15:04.584,0.85757,0.85777,1.50,2.63
2011.08.01 05:15:05.034,0.85757,0.85777,1.50,2.63
2011.08.01 05:15:05.605,0.85757,0.85776,1.50,2.25
2011.08.01 05:15:06.276,0.85754,0.85773,1.13,1.50
2011.08.01 05:15:06.944,0.85753,0.85771,1.50,1.13
2011.08.01 05:15:07.176,0.85751,0.8577,1.50,1.88
2011.08.01 05:15:09.206,0.85752,0.85772,1.88,1.13
2011.08.01 05:15:09.325,0.85754,0.85773,1.13,1.50
2011.08.01 05:15:10.114,0.85754,0.85774,1.13,1.50
2011.08.01 05:15:10.667,0.85754,0.85774,1.13,1.13
2011.08.01 05:15:12.224,0.85754,0.85775,1.50,1.13
2011.08.01 05:15:12.948,0.85758,0.85782,3.00,3.38
2011.08.01 05:15:15.285,0.8576,0.85782,1.50,1.88
2011.08.01 05:15:16.066,0.85763,0.85783,1.13,1.50
2011.08.01 05:15:16.625,0.8576,0.85781,1.50,1.50
2011.08.01 05:15:17.186,0.8576,0.85781,1.50,1.88
2011.08.01 05:15:19.864,0.8576,0.8578,1.13,1.13
2011.08.01 05:15:20.865,0.8576,0.8578,1.13,1.13
2011.08.01 05:15:21.458,0.8576,0.8578,1.13,1.13
2011.08.01 05:15:25.018,0.85761,0.8578,1.13,1.13
2011.08.01 05:15:25.677,0.85761,0.8578,1.13,1.13
2011.08.01 05:15:29.215,0.85761,0.85781,1.13,1.13
2011.08.01 05:15:29.780,0.85762,0.85784,2.25,2.63
2011.08.01 05:15:30.335,0.85765,0.85787,1.35,3.38
2011.08.01 05:15:30.785,0.85766,0.85787,1.13,1.13
2011.08.01 05:15:31.775,0.85767,0.85788,1.50,1.88
2011.08.01 05:15:40.706,0.85767,0.85789,1.13,1.13
2011.08.01 05:15:41.265,0.85767,0.85788,1.13,1.88
2011.08.01 05:15:43.346,0.85767,0.85788,1.13,1.88
2011.08.01 05:15:44.236,0.85767,0.85788,1.50,1.50
2011.08.01 05:15:44.794,0.85767,0.8579,1.50,3.98
2011.08.01 05:15:45.487,0.85767,0.8579,1.50,3.98
2011.08.01 05:15:46.123,0.85767,0.85789,1.50,1.13
2011.08.01 05:15:46.846,0.85767,0.85789,1.50,1.13
2011.08.01 05:15:47.734,0.85767,0.85789,2.25,1.13
2011.08.01 05:15:48.534,0.85767,0.85789,2.25,1.13
2011.08.01 05:15:48.667,0.85767,0.85786,1.50,1.13
2011.08.01 05:15:48.896,0.85765,0.85786,1.13,1.13
2011.08.01 05:15:49.454,0.85765,0.85786,1.13,1.88
2011.08.01 05:15:49.686,0.85763,0.85784,1.13,1.13
2011.08.01 05:15:49.807,0.85762,0.85783,1.13,1.50
2011.08.01 05:15:50.476,0.85759,0.85779,1.50,1.13
2011.08.01 05:15:50.925,0.85758,0.85781,1.88,2.78
2011.08.01 05:15:53.644,0.85758,0.8578,1.73,1.13
2011.08.01 05:15:53.975,0.8576,0.85783,1.35,3.38
2011.08.01 05:15:57.108,0.8576,0.85782,2.10,1.88
2011.08.01 05:15:57.666,0.8576,0.85781,1.50,1.88
2011.08.01 05:15:58.225,0.85758,0.8578,1.50,1.13
2011.08.01 05:15:58.677,0.85758,0.85781,3.00,1.50
2011.08.01 05:15:59.237,0.8576,0.85782,1.50,1.50
2011.08.01 05:16:00.673,0.8576,0.85782,2.10,1.50
2011.08.01 05:16:01.005,0.85761,0.85782,1.50,1.50
2011.08.01 05:16:01.514,0.85761,0.85782,1.50,1.50
2011.08.01 05:16:05.194,0.85761,0.85781,1.50,1.50
2011.08.01 05:16:06.335,0.85761,0.85781,1.50,1.50
2011.08.01 05:16:06.927,0.85761,0.85781,1.50,1.50
2011.08.01 05:16:11.754,0.85762,0.85781,1.13,1.88
2011.08.01 05:16:11.865,0.8576,0.8578,1.35,1.50
2011.08.01 05:16:13.798,0.85759,0.8578,1.35,1.88
2011.08.01 05:16:14.135,0.85759,0.8578,1.35,1.88
2011.08.01 05:16:16.836,0.85759,0.8578,1.35,1.88
2011.08.01 05:16:17.067,0.8576,0.8578,1.35,1.50
2011.08.01 05:16:17.295,0.8576,0.85782,1.35,2.63
2011.08.01 05:16:17.854,0.85762,0.85782,1.50,1.88
2011.08.01 05:16:21.597,0.85764,0.85783,1.13,1.13
2011.08.01 05:16:22.684,0.85764,0.85783,1.13,1.88
2011.08.01 05:16:23.284,0.85761,0.85783,2.10,1.88
2011.08.01 05:16:26.477,0.85764,0.85783,1.13,2.63
2011.08.01 05:16:34.257,0.85759,0.85781,1.50,1.13
2011.08.01 05:16:34.378,0.85759,0.85781,1.50,1.13
2011.08.01 05:16:34.604,0.85759,0.85781,1.50,1.13
2011.08.01 05:16:35.175,0.85759,0.85782,3.00,1.13
2011.08.01 05:16:35.733,0.8576,0.85782,1.50,1.13
2011.08.01 05:16:39.475,0.8576,0.85782,1.13,1.13
2011.08.01 05:16:39.705,0.85759,0.85782,1.50,2.63
2011.08.01 05:16:40.265,0.85759,0.85782,1.50,2.63
2011.08.01 05:16:43.646,0.8576,0.85782,2.25,2.25
2011.08.01 05:16:43.766,0.8576,0.85783,2.25,2.63
2011.08.01 05:16:45.434,0.85759,0.85782,1.13,1.88
2011.08.01 05:16:46.873,0.8576,0.85781,1.13,1.50
2011.08.01 05:16:47.204,0.85762,0.85784,1.50,1.50
2011.08.01 05:16:51.465,0.85764,0.85785,1.13,1.88
2011.08.01 05:16:53.065,0.85764,0.85785,1.13,1.88
2011.08.01 05:16:56.976,0.85764,0.85784,1.13,1.50
2011.08.01 05:16:57.564,0.85764,0.85784,1.13,1.50
2011.08.01 05:16:59.225,0.85764,0.85784,1.50,1.88
2011.08.01 05:16:59.454,0.85764,0.85784,1.50,1.88
2011.08.01 05:17:02.588,0.8577,0.8579,1.13,1.13
2011.08.01 05:17:02.708,0.8577,0.8579,1.88,1.13
2011.08.01 05:17:02.826,0.8577,0.8579,1.88,1.13
2011.08.01 05:17:03.716,0.8577,0.8579,1.88,2.25
2011.08.01 05:17:05.045,0.85771,0.85791,1.13,2.78
2011.08.01 05:17:05.386,0.8577,0.85787,1.50,1.35
2011.08.01 05:17:05.616,0.85769,0.8579,1.13,1.88
2011.08.01 05:17:06.175,0.85768,0.8579,1.13,1.88
2011.08.01 05:17:08.015,0.85766,0.85789,1.50,1.50
2011.08.01 05:17:08.815,0.85765,0.85786,2.25,3.00
2011.08.01 05:17:09.552,0.85763,0.85785,2.10,1.13
2011.08.01 05:17:10.224,0.85764,0.85786,1.88,2.40
2011.08.01 05:17:11.225,0.85762,0.85785,2.25,2.25
2011.08.01 05:17:11.565,0.85763,0.85786,1.50,1.50
2011.08.01 05:17:16.474,0.85763,0.85787,1.13,2.78
2011.08.01 05:17:16.584,0.85766,0.85787,1.50,2.03
2011.08.01 05:17:16.915,0.85771,0.85793,1.73,1.50
2011.08.01 05:17:17.256,0.85772,0.85795,1.50,1.88
2011.08.01 05:17:21.593,0.85774,0.85795,1.13,1.13
2011.08.01 05:17:22.144,0.85772,0.85795,3.00,1.13
2011.08.01 05:17:24.835,0.85773,0.85794,1.13,1.50
2011.08.01 05:17:25.398,0.85772,0.85794,2.63,4.28
2011.08.01 05:17:27.954,0.85772,0.85794,1.50,3.90
2011.08.01 05:17:29.054,0.85772,0.85794,1.13,3.53
2011.08.01 05:17:37.066,0.85771,0.85792,1.13,1.50
2011.08.01 05:17:37.624,0.85769,0.85789,1.50,2.40
2011.08.01 05:17:38.465,0.85768,0.85789,1.88,2.40
2011.08.01 05:17:39.048,0.85768,0.85789,1.13,3.15
2011.08.01 05:17:45.246,0.85766,0.85786,2.25,1.13
2011.08.01 05:17:45.475,0.85764,0.85786,2.63,3.15
2011.08.01 05:17:46.474,0.85762,0.85786,2.25,3.15
2011.08.01 05:17:47.647,0.85762,0.85781,1.50,2.25
2011.08.01 05:17:47.878,0.8576,0.8578,1.13,1.35
2011.08.01 05:17:48.217,0.8576,0.85781,3.00,2.03
2011.08.01 05:17:48.336,0.8576,0.85784,3.00,1.13
2011.08.01 05:17:49.193,0.85761,0.85785,1.50,3.15
2011.08.01 05:17:50.546,0.8576,0.85785,1.13,3.53
2011.08.01 05:17:52.197,0.8576,0.8578,1.13,2.03
2011.08.01 05:17:52.774,0.8576,0.85781,1.13,2.40
2011.08.01 05:17:57.553,0.8576,0.85781,1.13,2.40
2011.08.01 05:17:59.144,0.85761,0.85782,1.13,2.78
2011.08.01 05:18:00.337,0.85761,0.85783,1.50,3.00
2011.08.01 05:18:05.935,0.85763,0.85784,1.50,2.63
2011.08.01 05:18:06.056,0.85763,0.85786,1.50,4.65
2011.08.01 05:18:06.505,0.85762,0.85784,2.63,1.35
2011.08.01 05:18:06.845,0.85763,0.85783,1.50,2.03
2011.08.01 05:18:06.965,0.85763,0.85786,1.50,2.63
2011.08.01 05:18:08.467,0.85762,0.85785,1.13,1.50
2011.08.01 05:18:08.700,0.85761,0.85784,1.13,2.10
2011.08.01 05:18:09.545,0.8576,0.85782,1.50,1.13
2011.08.01 05:18:12.084,0.8576,0.85783,1.13,2.25
2011.08.01 05:18:12.196,0.85759,0.85782,2.48,3.00
2011.08.01 05:18:12.754,0.85757,0.8578,3.60,1.50
2011.08.01 05:18:12.975,0.85758,0.85781,1.35,1.88
2011.08.01 05:18:13.533,0.85759,0.85781,1.73,1.13
2011.08.01 05:18:14.637,0.8576,0.85781,1.13,1.13
2011.08.01 05:18:14.978,0.85768,0.85787,1.13,1.50
2011.08.01 05:18:15.205,0.85768,0.85788,1.13,1.13
2011.08.01 05:18:16.188,0.85768,0.85789,1.50,3.53
2011.08.01 05:18:16.528,0.8577,0.85793,1.50,4.65
2011.08.01 05:18:17.085,0.85772,0.85793,1.13,3.15
2011.08.01 05:18:18.286,0.85772,0.85793,1.13,3.15
2011.08.01 05:18:18.873,0.85772,0.85793,1.13,2.40
2011.08.01 05:18:20.405,0.85772,0.85793,1.13,3.15
2011.08.01 05:18:22.769,0.85772,0.85793,1.13,2.40
2011.08.01 05:18:24.304,0.85772,0.85795,1.13,3.53
2011.08.01 05:18:28.807,0.85772,0.85793,1.13,1.88
2011.08.01 05:18:32.204,0.85772,0.85793,1.13,1.13
2011.08.01 05:18:32.536,0.85769,0.85791,1.13,1.50
2011.08.01 05:18:32.655,0.85768,0.85789,2.63,3.15
2011.08.01 05:18:32.775,0.85768,0.85789,2.25,3.53
2011.08.01 05:18:33.846,0.85768,0.85789,1.13,3.90
2011.08.01 05:18:34.229,0.85768,0.85789,1.50,3.53
2011.08.01 05:18:34.459,0.85771,0.85791,1.13,1.13
2011.08.01 05:18:34.576,0.85772,0.85794,1.13,2.78
2011.08.01 05:18:34.698,0.85774,0.85794,1.50,2.03
2011.08.01 05:18:35.254,0.85775,0.85795,1.13,1.13
2011.08.01 05:18:35.805,0.85776,0.85796,1.13,3.90
2011.08.01 05:18:39.464,0.85774,0.85796,1.50,3.90
2011.08.01 05:18:40.096,0.85774,0.85796,1.13,3.90
2011.08.01 05:18:40.938,0.85775,0.85795,1.13,2.40
2011.08.01 05:18:46.435,0.85775,0.85795,1.13,2.40
2011.08.01 05:18:47.136,0.85775,0.85795,1.13,2.40
2011.08.01 05:18:52.267,0.85776,0.85795,1.13,2.40
2011.08.01 05:18:54.276,0.85779,0.85799,1.13,1.88
2011.08.01 05:18:54.616,0.8578,0.85799,1.88,1.13
2011.08.01 05:19:01.644,0.8578,0.85802,1.50,3.53
2011.08.01 05:19:01.755,0.85779,0.85802,1.35,4.28
2011.08.01 05:19:02.534,0.85778,0.85796,1.50,2.03
2011.08.01 05:19:03.083,0.85778,0.85796,1.50,2.03
2011.08.01 05:19:03.745,0.85778,0.85797,1.50,2.40
2011.08.01 05:19:06.050,0.85777,0.85793,2.63,2.03
2011.08.01 05:19:06.274,0.85777,0.85795,2.25,2.40
2011.08.01 05:19:06.718,0.85779,0.85795,1.13,2.03
2011.08.01 05:19:06.948,0.85779,0.85798,1.13,1.13
2011.08.01 05:19:08.946,0.85779,0.85799,1.13,2.40
2011.08.01 05:19:10.635,0.85778,0.85799,1.88,2.78
2011.08.01 05:19:26.204,0.85778,0.85799,2.25,2.78
2011.08.01 05:19:45.124,0.85778,0.85799,2.25,2.78
2011.08.01 05:19:51.865,0.85779,0.85799,1.50,1.50
2011.08.01 05:19:52.735,0.85779,0.85799,2.25,1.50
2011.08.01 05:19:53.406,0.85779,0.858,1.50,2.25
2011.08.01 05:19:54.667,0.85779,0.85798,2.25,1.35
2011.08.01 05:19:56.004,0.85779,0.85798,1.50,1.35
2011.08.01 05:19:57.704,0.85779,0.858,2.25,5.03
2011.08.01 05:20:02.464,0.85779,0.858,1.50,4.28
2011.08.01 05:20:10.964,0.85779,0.85799,1.50,2.25
2011.08.01 05:20:11.673,0.85779,0.85799,1.50,2.25
2011.08.01 05:20:14.386,0.85778,0.85799,1.50,2.25
2011.08.01 05:20:18.796,0.85778,0.85799,1.50,2.25
2011.08.01 05:20:19.354,0.85778,0.85799,1.50,2.10
2011.08.01 05:20:21.007,0.85778,0.85799,1.50,2.25
2011.08.01 05:20:24.224,0.85779,0.85801,1.50,4.28
2011.08.01 05:20:26.985,0.85779,0.85801,1.50,4.28
2011.08.01 05:20:28.874,0.85779,0.85801,1.50,4.28
2011.08.01 05:20:31.334,0.85779,0.85801,1.50,4.28
2011.08.01 05:20:35.976,0.85777,0.85799,2.85,2.25
2011.08.01 05:20:59.467,0.85778,0.858,1.50,1.35
2011.08.01 05:21:04.474,0.85779,0.858,1.50,1.35
2011.08.01 05:21:07.405,0.85779,0.858,1.50,1.35
2011.08.01 05:21:15.954,0.85778,0.858,2.25,1.35
2011.08.01 05:21:17.808,0.85778,0.858,2.25,2.85
2011.08.01 05:21:23.005,0.85776,0.85799,2.25,1.50
2011.08.01 05:21:33.136,0.85776,0.85799,1.50,1.50
2011.08.01 05:21:38.230,0.85774,0.85796,1.50,2.25
2011.08.01 05:21:38.347,0.85772,0.85796,2.10,5.78
2011.08.01 05:21:38.576,0.85772,0.85795,2.10,1.13
2011.08.01 05:21:39.796,0.85776,0.85796,1.13,1.50
2011.08.01 05:21:40.923,0.85775,0.85798,1.13,2.25
2011.08.01 05:21:55.545,0.85778,0.858,1.13,1.50
2011.08.01 05:21:59.176,0.8578,0.85801,2.25,1.50
2011.08.01 05:21:59.406,0.8578,0.85802,3.00,1.50
2011.08.01 05:21:59.524,0.8578,0.85804,3.00,1.50
2011.08.01 05:21:59.854,0.8578,0.85804,4.13,1.50
2011.08.01 05:22:01.315,0.85781,0.85804,1.50,1.50
2011.08.01 05:22:07.174,0.85781,0.85804,1.50,1.50
2011.08.01 05:22:10.916,0.85783,0.85806,1.50,2.25
2011.08.01 05:22:11.477,0.85785,0.85805,1.73,1.50
2011.08.01 05:22:12.037,0.85784,0.85805,1.50,1.50
2011.08.01 05:22:16.472,0.85786,0.85809,1.35,2.25
2011.08.01 05:22:22.095,0.85786,0.85808,3.60,1.13
2011.08.01 05:22:22.219,0.85789,0.85809,1.35,1.50
2011.08.01 05:22:22.446,0.85789,0.85811,1.35,1.50
2011.08.01 05:22:22.898,0.85788,0.85811,3.60,2.25
2011.08.01 05:22:23.462,0.85786,0.8581,2.85,1.88
2011.08.01 05:22:24.678,0.85785,0.85806,1.50,2.25
2011.08.01 05:22:25.234,0.85782,0.85805,2.10,3.53
2011.08.01 05:22:26.227,0.85782,0.85803,1.35,1.50
2011.08.01 05:22:31.614,0.85782,0.85803,2.10,2.25
2011.08.01 05:22:32.275,0.85781,0.85802,2.63,1.50
2011.08.01 05:22:32.604,0.8578,0.85802,3.15,1.50
2011.08.01 05:22:33.191,0.85782,0.85802,3.53,1.13
2011.08.01 05:22:33.746,0.85784,0.85806,1.13,3.75
2011.08.01 05:22:34.317,0.85784,0.85802,1.13,1.13
2011.08.01 05:22:34.867,0.85782,0.85803,1.50,1.13
2011.08.01 05:22:36.745,0.8578,0.85804,2.85,1.50
2011.08.01 05:22:38.162,0.85782,0.85805,1.13,2.25
2011.08.01 05:22:41.157,0.85784,0.85805,1.13,1.50
2011.08.01 05:22:41.606,0.85786,0.85807,1.13,1.13
2011.08.01 05:22:42.635,0.85786,0.85807,1.88,1.88
2011.08.01 05:22:44.905,0.85786,0.85807,1.13,1.88
2011.08.01 05:22:45.429,0.85786,0.85809,1.13,1.50
2011.08.01 05:22:47.106,0.85789,0.85811,1.13,1.88
2011.08.01 05:22:47.337,0.85791,0.85812,2.03,1.50
2011.08.01 05:22:50.748,0.85791,0.85814,3.15,3.53
2011.08.01 05:22:51.320,0.85791,0.85814,3.53,1.50
2011.08.01 05:22:58.508,0.85791,0.8581,1.13,1.50
2011.08.01 05:22:58.850,0.85789,0.85807,2.18,1.50
2011.08.01 05:22:59.188,0.85782,0.858,1.73,1.35
2011.08.01 05:22:59.308,0.8578,0.85799,1.50,2.25
2011.08.01 05:22:59.426,0.85778,0.85799,1.50,2.25
2011.08.01 05:22:59.546,0.8578,0.858,1.13,3.38
2011.08.01 05:22:59.885,0.85781,0.858,1.50,1.35
2011.08.01 05:23:01.185,0.85781,0.858,1.50,2.85
2011.08.01 05:23:01.518,0.85778,0.858,3.38,4.88
2011.08.01 05:23:01.745,0.85778,0.858,3.38,4.88
2011.08.01 05:23:06.976,0.8578,0.858,1.50,2.40
2011.08.01 05:23:07.314,0.85781,0.85801,2.25,1.50
2011.08.01 05:23:07.534,0.85781,0.85801,2.25,1.50
2011.08.01 05:23:08.526,0.85781,0.85804,3.00,5.03
2011.08.01 05:23:09.497,0.85783,0.85803,1.50,1.50
2011.08.01 05:23:09.839,0.85778,0.858,1.50,2.78
2011.08.01 05:23:09.958,0.85778,0.858,1.50,2.78
2011.08.01 05:23:10.516,0.85778,0.85798,1.50,2.78
2011.08.01 05:23:11.074,0.85777,0.85798,1.88,2.78
2011.08.01 05:23:18.496,0.85777,0.85798,1.73,2.78
2011.08.01 05:23:19.614,0.85775,0.85799,3.00,2.78
2011.08.01 05:23:20.387,0.85775,0.85798,2.25,2.78
2011.08.01 05:23:20.946,0.85775,0.85798,2.25,2.78
2011.08.01 05:23:21.786,0.85775,0.85798,1.88,4.28
2011.08.01 05:23:23.277,0.85777,0.85798,1.13,4.28
2011.08.01 05:23:29.486,0.85777,0.85798,1.88,4.28
2011.08.01 05:23:33.305,0.85777,0.85794,1.13,1.13
2011.08.01 05:23:33.647,0.85774,0.85785,1.50,2.10
2011.08.01 05:23:33.771,0.85773,0.85782,1.50,2.03
2011.08.01 05:23:34.304,0.85773,0.85787,1.50,1.13
2011.08.01 05:23:34.416,0.85772,0.85782,1.50,2.25
2011.08.01 05:23:34.540,0.85767,0.85782,1.13,2.25
2011.08.01 05:23:34.877,0.85761,0.85782,2.25,2.25
2011.08.01 05:23:41.745,0.85763,0.85782,1.88,1.13
2011.08.01 05:23:41.866,0.85763,0.85782,2.25,1.13
2011.08.01 05:23:42.424,0.85766,0.85786,1.50,2.25
2011.08.01 05:23:48.326,0.85765,0.85786,1.13,2.25
2011.08.01 05:23:48.554,0.85765,0.85786,1.13,2.25
2011.08.01 05:24:10.509,0.85765,0.85783,1.13,3.00
2011.08.01 05:24:10.848,0.85759,0.85778,1.88,2.25
2011.08.01 05:24:12.175,0.85757,0.85778,1.88,2.25
2011.08.01 05:24:31.214,0.85755,0.85777,1.88,1.50
2011.08.01 05:24:35.124,0.85755,0.85777,1.88,1.50
2011.08.01 05:24:35.235,0.85755,0.85777,1.88,1.50
2011.08.01 05:24:36.986,0.85755,0.85777,2.25,1.50
2011.08.01 05:24:37.545,0.85757,0.85778,1.13,2.25
2011.08.01 05:24:38.065,0.85756,0.85778,1.13,2.25
2011.08.01 05:24:39.845,0.85756,0.85778,1.13,1.50
2011.08.01 05:24:40.937,0.85755,0.85778,3.23,1.50
2011.08.01 05:24:41.055,0.85756,0.85778,1.50,1.50
2011.08.01 05:24:49.415,0.85756,0.85778,1.50,1.50
2011.08.01 05:24:54.007,0.85755,0.85778,2.85,2.25
2011.08.01 05:24:54.126,0.85755,0.85777,2.85,3.00
2011.08.01 05:24:55.236,0.85754,0.85776,1.50,2.25
2011.08.01 05:25:02.745,0.85753,0.85775,1.88,1.50
2011.08.01 05:25:10.488,0.85754,0.85776,1.50,1.50
2011.08.01 05:25:14.096,0.85756,0.85779,1.50,1.88
2011.08.01 05:25:14.694,0.85757,0.85779,3.15,1.13
2011.08.01 05:25:17.485,0.85757,0.8578,3.53,1.13
2011.08.01 05:25:23.265,0.85757,0.85779,3.53,1.50
2011.08.01 05:25:24.005,0.85757,0.85776,2.78,1.13
2011.08.01 05:25:24.555,0.85755,0.85775,1.13,1.13
2011.08.01 05:25:27.514,0.85755,0.85778,1.88,2.25
2011.08.01 05:25:29.107,0.85757,0.85779,1.13,3.90
2011.08.01 05:25:30.538,0.85758,0.85779,1.13,1.88
2011.08.01 05:25:31.525,0.85757,0.85779,1.13,1.88
2011.08.01 05:25:32.377,0.85759,0.85779,1.13,1.50
2011.08.01 05:25:32.718,0.85758,0.85779,1.13,3.00
2011.08.01 05:25:33.058,0.85755,0.85775,1.50,1.50
2011.08.01 05:25:33.395,0.85753,0.85776,1.13,5.03
2011.08.01 05:25:34.505,0.85753,0.85776,1.88,4.28
2011.08.01 05:25:35.274,0.85754,0.85776,1.13,3.53
2011.08.01 05:25:35.607,0.85754,0.85776,1.13,3.53
2011.08.01 05:25:36.425,0.85753,0.85776,1.88,3.53
2011.08.01 05:25:37.959,0.85753,0.85775,1.88,2.40
2011.08.01 05:25:38.415,0.85753,0.85775,1.88,2.40
2011.08.01 05:25:39.006,0.85753,0.85775,1.88,2.78
2011.08.01 05:25:39.225,0.85753,0.85776,1.88,3.53
2011.08.01 05:25:40.105,0.85753,0.85776,1.88,3.53
2011.08.01 05:25:41.976,0.85753,0.85776,1.13,4.28
2011.08.01 05:25:42.476,0.85755,0.85776,1.50,3.15
2011.08.01 05:25:42.816,0.85755,0.85775,1.50,2.78
2011.08.01 05:25:43.375,0.85753,0.85775,2.63,2.78
2011.08.01 05:25:49.814,0.85754,0.85775,1.13,2.40
2011.08.01 05:25:53.995,0.85754,0.85776,1.88,1.13
2011.08.01 05:25:54.799,0.85754,0.85775,1.88,1.13
2011.08.01 05:25:55.435,0.85755,0.85777,1.88,1.88
2011.08.01 05:25:56.054,0.85755,0.85777,1.88,1.88
2011.08.01 05:25:56.275,0.85755,0.85777,1.88,1.88
2011.08.01 05:25:59.605,0.85755,0.85777,1.13,1.88
2011.08.01 05:26:01.245,0.85755,0.85777,2.25,1.13
2011.08.01 05:26:05.095,0.85755,0.85777,1.13,1.13
2011.08.01 05:26:06.256,0.85755,0.85777,1.50,1.13
2011.08.01 05:26:11.126,0.85755,0.85776,1.50,1.13
2011.08.01 05:26:13.416,0.85755,0.85777,1.50,1.13
2011.08.01 05:26:30.436,0.85755,0.85775,1.50,1.50
2011.08.01 05:26:30.776,0.85753,0.85775,1.13,1.50
2011.08.01 05:26:33.766,0.85754,0.85776,1.50,3.90
2011.08.01 05:26:34.739,0.85753,0.85775,1.88,3.00
2011.08.01 05:26:37.886,0.85756,0.85778,1.88,1.50
2011.08.01 05:26:38.886,0.85757,0.85778,1.50,1.50
2011.08.01 05:26:40.335,0.85757,0.85778,1.50,1.50
2011.08.01 05:26:42.037,0.85759,0.85778,1.13,2.78
2011.08.01 05:26:47.815,0.85761,0.8578,1.50,1.13
2011.08.01 05:26:48.647,0.85761,0.8578,1.50,1.13
2011.08.01 05:26:49.867,0.85761,0.85782,1.88,1.13
2011.08.01 05:26:51.965,0.8576,0.85781,2.63,1.13
2011.08.01 05:26:59.329,0.8576,0.85778,1.50,1.13
2011.08.01 05:26:59.885,0.85761,0.85779,1.50,1.13
2011.08.01 05:27:03.270,0.85762,0.85782,1.50,1.13
2011.08.01 05:27:03.825,0.85764,0.85782,1.13,1.13
2011.08.01 05:27:04.354,0.85765,0.85782,1.50,1.13
2011.08.01 05:27:11.709,0.85762,0.8578,1.88,1.13
2011.08.01 05:27:11.828,0.85762,0.8578,1.88,1.13
2011.08.01 05:27:16.646,0.85761,0.85778,1.50,1.50
2011.08.01 05:27:17.206,0.85759,0.85778,2.85,1.50
2011.08.01 05:27:18.207,0.85759,0.85779,3.23,1.13
2011.08.01 05:27:18.766,0.85761,0.85779,1.50,1.13
2011.08.01 05:27:22.007,0.85761,0.85778,1.50,2.25
2011.08.01 05:27:22.966,0.85758,0.85778,1.50,5.03
2011.08.01 05:27:23.550,0.85757,0.85778,1.50,5.03
2011.08.01 05:27:25.758,0.85757,0.85778,1.50,3.53
2011.08.01 05:27:27.837,0.85755,0.85776,1.13,1.50
2011.08.01 05:27:28.067,0.85755,0.85776,1.13,1.50
2011.08.01 05:27:28.648,0.85758,0.85779,1.13,3.90
2011.08.01 05:27:28.767,0.85758,0.85779,1.13,3.90
2011.08.01 05:27:28.996,0.85758,0.85782,1.50,1.50
2011.08.01 05:27:30.606,0.85761,0.85784,1.50,1.88
2011.08.01 05:27:30.947,0.85767,0.85784,1.13,1.50
2011.08.01 05:27:31.068,0.85767,0.85784,1.13,1.50
2011.08.01 05:27:31.296,0.85762,0.85783,4.88,1.13
2011.08.01 05:27:31.418,0.85762,0.85783,4.13,1.13
2011.08.01 05:27:32.196,0.85762,0.85783,3.38,1.88
2011.08.01 05:27:32.785,0.85762,0.85783,3.00,1.88
2011.08.01 05:27:35.166,0.85762,0.85782,3.00,1.13
2011.08.01 05:27:38.825,0.8576,0.85782,3.53,1.13
2011.08.01 05:27:39.157,0.8576,0.85782,3.53,1.13
2011.08.01 05:27:39.277,0.8576,0.85779,2.78,1.13
2011.08.01 05:27:39.908,0.85758,0.85775,1.50,1.50
2011.08.01 05:27:40.026,0.85756,0.85775,2.10,1.50
2011.08.01 05:27:55.309,0.85756,0.85774,1.35,1.13
2011.08.01 05:27:55.648,0.85753,0.85773,2.78,1.13
2011.08.01 05:28:02.537,0.85753,0.85773,1.50,1.13
2011.08.01 05:28:03.109,0.85753,0.85774,1.50,1.50
2011.08.01 05:28:04.208,0.85753,0.85774,1.50,3.00
2011.08.01 05:28:04.767,0.85752,0.85773,1.35,1.50
2011.08.01 05:28:06.711,0.85752,0.85772,1.35,2.25
2011.08.01 05:28:12.605,0.85752,0.85772,1.50,2.25
2011.08.01 05:28:13.165,0.85752,0.85774,1.50,5.78
2011.08.01 05:28:14.077,0.8575,0.85774,1.50,5.78
2011.08.01 05:28:14.739,0.85752,0.85773,1.50,1.50
2011.08.01 05:28:14.976,0.8575,0.8577,2.25,2.25
2011.08.01 05:28:17.726,0.85752,0.85771,2.25,2.03
2011.08.01 05:28:17.956,0.85754,0.85778,1.13,6.53
2011.08.01 05:28:18.987,0.85753,0.85775,3.53,3.00
2011.08.01 05:28:19.326,0.85751,0.85771,1.50,2.25
2011.08.01 05:28:19.666,0.85749,0.8577,1.35,1.13
2011.08.01 05:28:20.339,0.85749,0.8577,1.35,2.25
2011.08.01 05:28:20.567,0.8575,0.8577,1.50,1.50
2011.08.01 05:28:21.158,0.8575,0.85771,1.13,1.88
2011.08.01 05:28:21.277,0.85748,0.85769,3.53,1.50
2011.08.01 05:28:21.728,0.85746,0.85769,4.65,1.50
2011.08.01 05:28:27.729,0.85748,0.8577,3.00,2.78
2011.08.01 05:28:28.067,0.85752,0.85772,1.50,1.50
2011.08.01 05:28:28.822,0.85752,0.85772,2.25,1.50
2011.08.01 05:28:29.376,0.85752,0.85771,2.25,1.13
2011.08.01 05:28:29.946,0.85752,0.8577,1.50,1.50
2011.08.01 05:28:30.178,0.85749,0.8577,2.25,3.53
2011.08.01 05:28:32.864,0.8575,0.8577,1.50,2.78
2011.08.01 05:28:32.977,0.85751,0.8577,2.10,2.03
2011.08.01 05:28:33.097,0.85754,0.85774,3.15,1.88
2011.08.01 05:28:33.216,0.85754,0.85773,2.78,1.50
2011.08.01 05:28:33.775,0.85753,0.85772,1.50,1.50
2011.08.01 05:28:39.196,0.85753,0.85771,1.50,1.13
2011.08.01 05:28:57.837,0.85752,0.85771,1.50,1.13
2011.08.01 05:28:57.956,0.85751,0.85772,1.50,1.50
2011.08.01 05:28:58.555,0.85751,0.85772,1.50,1.50
2011.08.01 05:29:01.199,0.85753,0.85774,1.13,1.13
2011.08.01 05:29:01.428,0.85754,0.85774,1.88,1.13
2011.08.01 05:29:07.076,0.85754,0.85774,1.88,1.50
2011.08.01 05:29:10.179,0.85753,0.85774,2.03,3.00
2011.08.01 05:29:10.736,0.85751,0.85772,1.88,1.50
2011.08.01 05:29:13.345,0.85752,0.85774,3.15,2.25
2011.08.01 05:29:26.555,0.85749,0.85772,2.48,2.25
2011.08.01 05:29:42.065,0.85748,0.8577,2.48,1.13
2011.08.01 05:29:42.178,0.85748,0.8577,2.10,1.50
2011.08.01 05:29:42.298,0.85748,0.8577,1.50,1.50
2011.08.01 05:29:44.196,0.85748,0.8577,1.13,1.50
2011.08.01 05:29:44.819,0.85749,0.85771,2.78,1.13
2011.08.01 05:29:45.378,0.85749,0.85773,4.13,2.63
2011.08.01 05:29:46.265,0.85752,0.85773,1.13,1.13
2011.08.01 05:29:46.487,0.85751,0.85773,1.88,1.50
2011.08.01 05:29:47.045,0.85751,0.85771,1.13,1.13
2011.08.01 05:29:53.096,0.85749,0.85771,4.13,1.50
2011.08.01 05:29:54.268,0.85751,0.85772,3.53,1.88
2011.08.01 05:30:03.237,0.85751,0.85773,6.90,1.88
2011.08.01 05:30:04.438,0.85751,0.85772,4.88,1.50
2011.08.01 05:30:04.825,0.8575,0.85771,1.13,2.25
2011.08.01 05:30:05.208,0.85751,0.85772,3.15,1.88
2011.08.01 05:30:05.764,0.85751,0.85772,3.15,1.13
2011.08.01 05:30:27.165,0.85751,0.85772,3.15,1.50
2011.08.01 05:30:32.178,0.8575,0.85772,4.50,4.35
2011.08.01 05:30:48.477,0.85751,0.85772,1.13,3.75
2011.08.01 05:30:48.597,0.85754,0.85773,3.75,1.13
2011.08.01 05:30:48.936,0.85749,0.85772,6.38,2.25
2011.08.01 05:30:49.695,0.85752,0.85773,1.13,1.88
2011.08.01 05:30:50.245,0.85753,0.85773,3.75,1.13
2011.08.01 05:30:50.465,0.85753,0.85773,3.75,1.13
2011.08.01 05:30:51.017,0.85752,0.85773,1.13,1.13
2011.08.01 05:30:51.357,0.85754,0.85774,4.50,1.50
2011.08.01 05:30:59.269,0.85754,0.85774,3.75,1.50
2011.08.01 05:30:59.825,0.85752,0.85774,1.88,1.50
2011.08.01 05:31:05.595,0.85752,0.85771,4.88,1.13
2011.08.01 05:31:06.038,0.85752,0.85772,1.50,1.13
2011.08.01 05:31:07.255,0.85752,0.85772,1.50,1.13
2011.08.01 05:31:08.255,0.85752,0.85772,1.50,1.13
2011.08.01 05:31:08.810,0.85751,0.85769,4.88,1.50
2011.08.01 05:31:09.366,0.8575,0.85767,1.35,1.13
2011.08.01 05:31:11.509,0.85748,0.85767,4.50,1.13
2011.08.01 05:31:18.288,0.85748,0.85767,4.13,1.13
2011.08.01 05:31:20.315,0.85747,0.85767,1.50,1.13
2011.08.01 05:31:21.139,0.85744,0.85765,2.78,3.00
2011.08.01 05:31:21.259,0.85744,0.85764,2.03,4.50
2011.08.01 05:31:21.598,0.85741,0.85761,4.50,1.13
2011.08.01 05:31:21.718,0.85741,0.85765,5.25,3.00
2011.08.01 05:31:22.989,0.85745,0.85765,1.13,1.88
2011.08.01 05:31:23.551,0.85745,0.85764,1.13,1.50
2011.08.01 05:31:23.775,0.85742,0.85762,2.78,1.13
2011.08.01 05:31:24.809,0.85744,0.85765,6.15,1.50
2011.08.01 05:31:25.166,0.85744,0.85766,6.15,2.63
2011.08.01 05:31:26.897,0.85744,0.85765,6.15,2.25
2011.08.01 05:31:28.905,0.85741,0.85764,6.90,3.75
2011.08.01 05:31:29.566,0.85741,0.85763,1.50,1.88
2011.08.01 05:31:30.126,0.85742,0.85763,6.15,1.13
2011.08.01 05:31:31.136,0.85742,0.85764,6.53,1.50
2011.08.01 05:31:31.698,0.85743,0.85766,6.15,1.88
2011.08.01 05:31:32.863,0.85743,0.85766,6.15,2.63
2011.08.01 05:31:32.981,0.85743,0.85765,2.40,1.50
2011.08.01 05:31:33.534,0.85743,0.85765,2.40,1.88
2011.08.01 05:31:34.517,0.85741,0.85762,5.25,1.13
2011.08.01 05:31:37.497,0.85741,0.85764,7.28,1.13
2011.08.01 05:31:42.235,0.85741,0.85764,7.28,1.50
2011.08.01 05:31:42.570,0.85747,0.85765,5.10,1.50
2011.08.01 05:31:42.691,0.85747,0.85769,5.48,2.25
2011.08.01 05:31:43.246,0.85747,0.85767,3.00,1.13
2011.08.01 05:31:43.477,0.85747,0.85769,4.88,1.50
2011.08.01 05:31:43.926,0.85751,0.85771,1.13,1.88
2011.08.01 05:31:45.425,0.85751,0.85771,5.25,1.50
2011.08.01 05:31:46.011,0.85751,0.85771,5.25,1.50
2011.08.01 05:31:48.437,0.85749,0.85768,3.15,1.13
2011.08.01 05:31:48.667,0.85748,0.85768,1.13,1.13
2011.08.01 05:31:49.266,0.85747,0.85768,2.78,1.88
2011.08.01 05:31:52.093,0.85749,0.85771,3.53,2.25
2011.08.01 05:31:52.735,0.8575,0.85771,4.50,1.50
2011.08.01 05:31:52.847,0.8575,0.85771,4.88,1.50
2011.08.01 05:31:54.647,0.85753,0.85772,1.13,2.25
2011.08.01 05:31:54.988,0.85758,0.85774,2.40,1.13
2011.08.01 05:31:55.438,0.85758,0.85777,1.13,1.13
2011.08.01 05:31:55.556,0.85759,0.85777,1.13,1.13
2011.08.01 05:31:55.786,0.8576,0.85777,1.13,1.13
2011.08.01 05:31:56.336,0.8576,0.85782,8.40,1.13
2011.08.01 05:31:59.978,0.85763,0.85783,1.50,1.13
2011.08.01 05:32:00.316,0.85763,0.85783,1.50,1.13
2011.08.01 05:32:04.176,0.85765,0.85786,1.88,2.25
2011.08.01 05:32:04.288,0.85765,0.85786,1.13,1.50
2011.08.01 05:32:07.504,0.85766,0.85786,1.50,1.50
2011.08.01 05:32:07.623,0.85767,0.85787,1.13,1.13
2011.08.01 05:32:09.465,0.85765,0.85786,1.88,1.50
2011.08.01 05:32:09.795,0.85765,0.85786,1.50,1.50
2011.08.01 05:32:09.906,0.85765,0.85786,1.50,1.50
2011.08.01 05:32:13.366,0.85765,0.85786,2.25,1.50
2011.08.01 05:32:14.931,0.85766,0.85786,1.50,1.50
2011.08.01 05:32:15.161,0.85766,0.85786,1.50,1.50
2011.08.01 05:32:15.894,0.85766,0.85786,5.25,1.50
2011.08.01 05:32:16.228,0.85766,0.85784,1.13,1.13
2011.08.01 05:32:17.006,0.85764,0.85784,1.50,4.88
2011.08.01 05:32:20.555,0.85763,0.85783,2.78,1.13
2011.08.01 05:32:21.216,0.85761,0.85782,3.15,4.50
2011.08.01 05:32:22.609,0.85762,0.85782,1.50,4.88
2011.08.01 05:32:23.434,0.85762,0.85782,1.50,4.88
2011.08.01 05:32:23.949,0.85761,0.85782,1.13,4.88
2011.08.01 05:32:31.319,0.8576,0.85778,2.03,1.88
2011.08.01 05:32:31.438,0.85757,0.85778,1.13,1.88
2011.08.01 05:32:32.801,0.85757,0.85778,6.00,1.50
2011.08.01 05:32:32.919,0.8576,0.85778,2.40,2.25
2011.08.01 05:32:33.039,0.85757,0.85778,5.63,2.63
2011.08.01 05:32:33.271,0.85757,0.85778,4.88,2.63
2011.08.01 05:32:36.565,0.85755,0.85777,4.13,1.13
2011.08.01 05:32:37.796,0.85755,0.85778,4.50,1.88
2011.08.01 05:32:38.127,0.85758,0.85779,2.78,1.50
2011.08.01 05:32:38.246,0.85758,0.85778,2.40,1.13
2011.08.01 05:32:38.475,0.85756,0.85777,2.25,1.13
2011.08.01 05:32:38.915,0.85756,0.85779,2.25,2.25
2011.08.01 05:32:39.026,0.85758,0.85779,1.50,1.50
2011.08.01 05:32:41.968,0.85757,0.85776,1.13,1.13
2011.08.01 05:32:42.525,0.85756,0.85776,1.13,1.13
2011.08.01 05:32:45.447,0.85755,0.85774,1.50,3.15
2011.08.01 05:32:45.567,0.85754,0.85774,1.13,3.15
2011.08.01 05:32:50.726,0.85754,0.85775,1.50,3.53
2011.08.01 05:32:51.169,0.85754,0.85774,1.13,1.13
2011.08.01 05:32:51.287,0.85754,0.85774,1.13,1.13
2011.08.01 05:32:52.438,0.85752,0.85772,4.50,1.13
2011.08.01 05:32:54.400,0.85754,0.85772,1.13,2.78
2011.08.01 05:32:58.655,0.85755,0.85775,1.13,1.13
2011.08.01 05:33:08.560,0.85754,0.85774,1.88,6.53
2011.08.01 05:33:09.006,0.85754,0.85774,1.88,6.53
2011.08.01 05:33:10.107,0.85753,0.85774,1.50,6.90
2011.08.01 05:33:10.772,0.85758,0.85778,2.25,4.88
2011.08.01 05:33:11.220,0.85761,0.85779,1.13,1.50
2011.08.01 05:33:18.497,0.85761,0.8578,1.50,1.50
2011.08.01 05:33:19.055,0.85762,0.85784,1.13,1.88
2011.08.01 05:33:19.632,0.8576,0.85781,1.13,1.88
2011.08.01 05:33:19.747,0.85758,0.85779,6.00,1.13
2011.08.01 05:33:19.868,0.85758,0.85779,5.25,1.13
2011.08.01 05:33:20.207,0.85757,0.85776,3.75,1.13
2011.08.01 05:33:20.326,0.85755,0.85776,1.50,1.13
2011.08.01 05:33:21.216,0.85755,0.85776,1.50,1.13
2011.08.01 05:33:21.831,0.8576,0.85777,1.50,4.50
2011.08.01 05:33:22.061,0.85762,0.85778,1.88,1.50
2011.08.01 05:33:22.616,0.85764,0.85786,1.88,1.13
2011.08.01 05:33:26.987,0.85765,0.85785,1.13,1.50
2011.08.01 05:33:27.327,0.85767,0.85786,1.13,1.50
2011.08.01 05:33:27.449,0.85769,0.85787,1.13,1.50
2011.08.01 05:33:28.007,0.8577,0.85789,1.50,1.50
2011.08.01 05:33:28.786,0.85771,0.85793,1.13,4.88
2011.08.01 05:33:29.345,0.85773,0.85793,1.13,4.88
2011.08.01 05:33:29.787,0.85769,0.85792,2.25,5.63
2011.08.01 05:33:32.686,0.8577,0.85791,1.13,2.63
2011.08.01 05:33:34.667,0.8577,0.85791,1.13,3.38
2011.08.01 05:33:35.007,0.85767,0.85789,1.88,4.88
2011.08.01 05:33:35.239,0.85768,0.8579,4.50,1.50
2011.08.01 05:33:35.358,0.85768,0.85791,4.50,3.00
2011.08.01 05:33:35.916,0.85769,0.85791,1.35,2.25
2011.08.01 05:33:38.357,0.8577,0.85792,1.50,1.50
2011.08.01 05:33:38.916,0.85772,0.85794,1.13,1.88
2011.08.01 05:33:39.478,0.85773,0.85794,1.13,1.88
2011.08.01 05:33:40.079,0.85774,0.85795,1.13,3.90
2011.08.01 05:33:46.707,0.85774,0.85795,1.50,2.03
2011.08.01 05:33:47.266,0.85775,0.85798,1.50,1.13
2011.08.01 05:33:48.047,0.85778,0.85799,1.35,1.50
2011.08.01 05:33:48.278,0.85778,0.85801,2.10,1.13
2011.08.01 05:33:48.946,0.8578,0.85801,4.50,1.13
2011.08.01 05:33:49.387,0.85781,0.85801,1.50,1.13
2011.08.01 05:33:51.520,0.85782,0.85802,4.88,1.50
2011.08.01 05:33:51.856,0.85783,0.85803,2.25,1.13
2011.08.01 05:33:52.416,0.85787,0.85805,4.13,1.50
2011.08.01 05:33:52.856,0.85785,0.85805,4.50,1.13
2011.08.01 05:33:53.417,0.85784,0.85805,4.88,1.13
2011.08.01 05:33:59.517,0.85786,0.85806,1.13,3.53
2011.08.01 05:34:00.547,0.85784,0.85805,1.13,1.88
2011.08.01 05:34:01.110,0.85784,0.85805,1.13,1.88
2011.08.01 05:34:02.047,0.85782,0.85803,1.13,1.88
2011.08.01 05:34:02.717,0.85782,0.85803,5.63,1.13
2011.08.01 05:34:07.467,0.85784,0.85806,1.50,8.78
2011.08.01 05:34:07.589,0.85784,0.85806,5.25,3.00
2011.08.01 05:34:14.238,0.85784,0.85804,1.13,1.13
2011.08.01 05:34:14.579,0.85781,0.85801,1.50,1.13
2011.08.01 05:34:14.697,0.85781,0.85799,1.13,1.13
2011.08.01 05:34:18.566,0.85781,0.85801,1.13,1.13
2011.08.01 05:34:19.305,0.85782,0.85801,1.13,1.13
2011.08.01 05:34:20.768,0.8578,0.858,4.50,1.13
2011.08.01 05:34:31.177,0.85779,0.858,1.13,1.13
2011.08.01 05:34:35.239,0.85778,0.85798,2.25,2.78
2011.08.01 05:34:35.577,0.85775,0.85797,1.50,1.13
2011.08.01 05:34:35.699,0.85776,0.85797,6.00,1.50
2011.08.01 05:34:35.817,0.85775,0.85797,1.50,5.63
2011.08.01 05:34:36.157,0.85774,0.85796,2.55,1.13
2011.08.01 05:34:36.497,0.85774,0.85797,1.80,6.38
2011.08.01 05:34:46.188,0.85778,0.85799,6.00,4.28
2011.08.01 05:34:46.526,0.85777,0.85799,1.13,1.50
2011.08.01 05:34:47.086,0.85777,0.85797,1.88,1.13
2011.08.01 05:34:54.497,0.85778,0.85797,1.13,1.13
2011.08.01 05:35:00.036,0.85778,0.85798,1.13,1.13
2011.08.01 05:35:02.818,0.85778,0.858,2.25,3.53
2011.08.01 05:35:06.837,0.85781,0.85801,1.50,1.50
2011.08.01 05:35:13.446,0.85782,0.85801,2.25,1.50
2011.08.01 05:35:15.336,0.85783,0.85804,1.35,4.88
2011.08.01 05:35:17.559,0.85783,0.85801,1.35,1.50
2011.08.01 05:35:17.680,0.85781,0.858,1.13,1.13
2011.08.01 05:35:18.131,0.85777,0.85799,1.50,1.50
2011.08.01 05:35:18.471,0.85774,0.85796,5.85,1.13
2011.08.01 05:35:18.591,0.85774,0.85794,3.60,1.50
2011.08.01 05:35:19.335,0.85771,0.85792,1.20,4.13
2011.08.01 05:35:19.668,0.85775,0.85795,1.50,1.50
2011.08.01 05:35:20.898,0.85776,0.85799,1.35,2.25
2011.08.01 05:35:21.897,0.85778,0.858,6.00,1.13
2011.08.01 05:35:23.058,0.85777,0.85797,1.13,1.13
2011.08.01 05:35:23.671,0.85772,0.85793,1.95,1.13
2011.08.01 05:35:23.794,0.85772,0.85793,1.20,1.13
2011.08.01 05:35:24.791,0.85778,0.85795,3.00,6.53
2011.08.01 05:35:24.911,0.8578,0.85795,4.50,2.03
2011.08.01 05:35:25.029,0.85778,0.85799,1.50,2.25
2011.08.01 05:35:25.151,0.85776,0.85796,1.13,1.13
2011.08.01 05:35:25.708,0.85777,0.85795,1.13,1.13
2011.08.01 05:35:25.938,0.85773,0.85794,1.20,1.50
2011.08.01 05:35:26.575,0.85773,0.85792,1.20,1.50
2011.08.01 05:35:27.912,0.85771,0.85791,1.58,1.50
2011.08.01 05:35:28.261,0.85763,0.85786,1.60,4.50
2011.08.01 05:35:31.119,0.85761,0.85785,6.75,6.00
2011.08.01 05:35:31.346,0.85766,0.85785,2.25,6.00
2011.08.01 05:35:31.458,0.85764,0.85785,1.35,5.25
2011.08.01 05:35:31.580,0.85764,0.85785,5.10,1.50
2011.08.01 05:35:31.698,0.85766,0.85785,2.25,1.50
2011.08.01 05:35:31.930,0.85766,0.85787,4.50,1.88
2011.08.01 05:35:32.048,0.85764,0.85786,5.10,1.50
2011.08.01 05:35:32.168,0.85764,0.85786,5.10,1.50
2011.08.01 05:35:32.506,0.85764,0.85784,1.35,1.50
2011.08.01 05:35:32.959,0.85764,0.85784,1.35,1.50
2011.08.01 05:35:34.206,0.85764,0.85784,1.35,2.25
2011.08.01 05:35:34.988,0.85762,0.85783,1.13,4.50
2011.08.01 05:35:35.107,0.85762,0.85783,1.13,4.50
2011.08.01 05:35:36.524,0.85761,0.8578,1.13,1.13
2011.08.01 05:35:37.078,0.85761,0.8578,1.13,6.38
2011.08.01 05:35:38.968,0.85757,0.8578,1.50,6.00
2011.08.01 05:35:40.121,0.85757,0.8578,3.00,6.00
2011.08.01 05:35:40.245,0.85755,0.85777,2.25,3.90
2011.08.01 05:35:40.853,0.85756,0.85776,1.50,4.50
2011.08.01 05:35:41.529,0.85755,0.85777,2.25,2.25
2011.08.01 05:35:42.856,0.85755,0.85777,2.25,1.50
2011.08.01 05:35:45.330,0.85757,0.85777,1.35,1.50
2011.08.01 05:35:45.668,0.85759,0.85778,3.00,3.75
2011.08.01 05:35:46.202,0.85761,0.85783,4.50,2.25
2011.08.01 05:35:46.758,0.8576,0.85783,3.00,2.25
2011.08.01 05:35:47.316,0.8576,0.85782,3.00,1.50
2011.08.01 05:35:51.819,0.8576,0.85781,1.13,1.13
2011.08.01 05:35:52.463,0.85759,0.8578,1.35,5.63
2011.08.01 05:35:52.589,0.85751,0.8577,1.50,3.75
2011.08.01 05:35:52.818,0.85748,0.8577,1.50,4.50
2011.08.01 05:35:53.048,0.85748,0.85771,1.50,1.13
2011.08.01 05:35:53.278,0.85747,0.8577,1.50,1.50
2011.08.01 05:35:53.397,0.85749,0.8577,2.25,1.50
2011.08.01 05:35:55.056,0.85749,0.85771,2.25,1.50
2011.08.01 05:35:56.739,0.8575,0.85772,1.88,5.63
2011.08.01 05:35:56.860,0.8575,0.85769,1.88,4.50
2011.08.01 05:35:57.385,0.8575,0.85768,1.50,3.15
2011.08.01 05:35:58.378,0.85751,0.85769,1.13,4.50
2011.08.01 05:35:58.937,0.85746,0.85769,4.50,4.50
2011.08.01 05:36:00.939,0.85749,0.85769,2.25,4.50
2011.08.01 05:36:01.538,0.85749,0.85771,6.00,1.50
2011.08.01 05:36:01.768,0.85749,0.8577,4.50,1.13
2011.08.01 05:36:02.331,0.85746,0.85769,7.50,1.50
2011.08.01 05:36:02.779,0.85748,0.8577,2.25,1.50
2011.08.01 05:36:03.516,0.85748,0.8577,2.25,1.50
2011.08.01 05:36:04.737,0.85747,0.8577,1.35,2.25
2011.08.01 05:36:04.858,0.85749,0.8577,1.50,1.50
2011.08.01 05:36:06.030,0.85751,0.85772,1.50,3.53
2011.08.01 05:36:06.370,0.85751,0.85774,6.60,1.13
2011.08.01 05:36:06.823,0.85753,0.85775,4.50,5.78
2011.08.01 05:36:07.271,0.85757,0.85779,2.10,4.88
2011.08.01 05:36:07.610,0.85756,0.85778,5.10,1.13
2011.08.01 05:36:08.169,0.85753,0.85776,3.00,6.00
2011.08.01 05:36:08.725,0.85753,0.85775,1.50,2.78
2011.08.01 05:36:09.509,0.85752,0.85775,1.13,4.28
2011.08.01 05:36:10.391,0.85749,0.85771,5.25,3.53
2011.08.01 05:36:11.039,0.85749,0.85771,4.50,3.90
2011.08.01 05:36:13.020,0.85749,0.85771,3.75,4.28
2011.08.01 05:36:13.921,0.85747,0.85764,1.50,2.03
2011.08.01 05:36:14.261,0.85746,0.85768,6.00,1.50
2011.08.01 05:36:14.379,0.85746,0.8577,6.00,1.35
2011.08.01 05:36:14.607,0.85746,0.85769,5.25,2.78
2011.08.01 05:36:18.037,0.85746,0.85768,1.50,3.15
2011.08.01 05:36:19.965,0.85747,0.85768,1.13,3.53
2011.08.01 05:36:21.310,0.85745,0.85766,1.13,2.03
2011.08.01 05:36:25.037,0.85744,0.85766,3.00,2.78
2011.08.01 05:36:25.598,0.85745,0.85767,1.50,2.40
2011.08.01 05:36:26.158,0.85746,0.85768,1.13,3.90
2011.08.01 05:36:26.716,0.85746,0.85766,1.13,2.03
2011.08.01 05:36:27.646,0.85747,0.8577,2.25,6.38
2011.08.01 05:36:28.648,0.85746,0.85769,1.50,4.50
2011.08.01 05:36:29.209,0.85746,0.85769,1.50,4.50
2011.08.01 05:36:29.547,0.85746,0.85768,1.13,1.73
2011.08.01 05:36:29.780,0.85748,0.85768,1.50,1.35
2011.08.01 05:36:30.338,0.85748,0.85771,5.25,1.88
2011.08.01 05:36:32.448,0.85748,0.85771,6.00,1.13
2011.08.01 05:36:32.787,0.85753,0.85773,1.50,2.78
2011.08.01 05:36:33.018,0.85751,0.85773,6.90,1.50
2011.08.01 05:36:33.139,0.85748,0.8577,5.25,1.50
2011.08.01 05:36:33.371,0.85746,0.85768,1.13,3.15
2011.08.01 05:36:35.306,0.85745,0.85767,1.88,1.13
2011.08.01 05:36:37.144,0.85745,0.85767,1.50,4.88
2011.08.01 05:36:37.587,0.85744,0.85765,1.50,1.50
2011.08.01 05:36:43.982,0.85748,0.85765,2.25,1.50
2011.08.01 05:36:44.530,0.8575,0.85767,4.50,2.03
2011.08.01 05:36:44.656,0.85752,0.85771,1.13,1.50
2011.08.01 05:36:46.828,0.8575,0.85769,1.13,1.13
2011.08.01 05:36:49.227,0.85747,0.85769,1.13,7.28
2011.08.01 05:36:54.649,0.85745,0.85767,4.88,4.28
2011.08.01 05:36:54.988,0.85747,0.85766,1.50,3.75
2011.08.01 05:36:55.547,0.85747,0.85768,1.50,1.88
2011.08.01 05:36:56.105,0.85745,0.85768,8.10,1.13
2011.08.01 05:36:57.016,0.85745,0.85768,7.35,1.13
2011.08.01 05:37:00.609,0.85746,0.85767,1.13,1.50
2011.08.01 05:37:00.729,0.85744,0.85766,1.13,1.88
2011.08.01 05:37:01.618,0.85744,0.85766,1.50,1.50
2011.08.01 05:37:02.067,0.85746,0.85767,1.35,1.13
2011.08.01 05:37:10.490,0.85744,0.85767,1.13,1.50
2011.08.01 05:37:11.378,0.85741,0.85763,1.50,1.13
2011.08.01 05:37:11.937,0.8574,0.85763,2.25,1.88
2011.08.01 05:37:16.786,0.85753,0.85762,3.75,1.50
2011.08.01 05:37:17.906,0.8574,0.85762,1.50,1.50
2011.08.01 05:37:20.428,0.85746,0.85764,1.50,1.50
2011.08.01 05:37:21.113,0.85749,0.85766,1.50,3.75
2011.08.01 05:37:21.237,0.85749,0.85774,5.85,3.00
2011.08.01 05:37:22.020,0.85749,0.8577,2.25,4.50
2011.08.01 05:37:22.467,0.85749,0.85772,2.25,2.25
2011.08.01 05:37:23.026,0.85749,0.85772,3.00,1.50
2011.08.01 05:37:23.686,0.85749,0.85772,3.00,2.25
2011.08.01 05:37:24.102,0.85749,0.85771,3.00,1.50
2011.08.01 05:37:24.656,0.85751,0.85772,1.35,1.50
2011.08.01 05:37:25.476,0.85764,0.85772,3.75,1.50
2011.08.01 05:37:26.260,0.85764,0.85772,1.50,1.50
2011.08.01 05:37:26.957,0.85763,0.85777,1.95,1.13
2011.08.01 05:37:28.288,0.85763,0.85777,1.95,1.88
2011.08.01 05:37:28.409,0.85763,0.85775,1.95,2.40
2011.08.01 05:37:28.967,0.85763,0.85775,1.95,2.40
2011.08.01 05:37:42.087,0.85764,0.85776,1.95,4.50
2011.08.01 05:37:42.426,0.85764,0.85776,1.95,3.75
2011.08.01 05:37:42.975,0.85763,0.85779,1.95,2.10
2011.08.01 05:37:48.981,0.85765,0.8578,1.50,5.25
2011.08.01 05:37:49.102,0.85765,0.85781,1.50,2.03
2011.08.01 05:37:49.438,0.85767,0.85782,1.50,1.13
2011.08.01 05:37:49.998,0.85767,0.85783,1.50,1.13
2011.08.01 05:37:50.337,0.85766,0.85782,1.50,2.78
2011.08.01 05:37:51.374,0.85766,0.85782,1.50,3.38
2011.08.01 05:37:53.606,0.85766,0.85782,1.50,6.53
2011.08.01 05:37:54.497,0.85766,0.85781,1.50,2.25
2011.08.01 05:37:55.677,0.85766,0.85782,1.50,2.78
2011.08.01 05:37:56.268,0.85767,0.85784,1.50,1.13
2011.08.01 05:37:56.509,0.85768,0.85784,1.50,1.13
2011.08.01 05:37:57.070,0.85769,0.85784,1.50,1.13
2011.08.01 05:37:57.627,0.85769,0.85784,1.50,1.88
2011.08.01 05:37:58.186,0.8577,0.85784,1.50,1.13
2011.08.01 05:37:58.847,0.8577,0.85784,1.50,1.13
2011.08.01 05:38:02.337,0.85771,0.85788,1.50,2.78
2011.08.01 05:38:02.896,0.85771,0.85786,1.50,1.50
2011.08.01 05:38:04.922,0.85768,0.85786,1.50,4.13
2011.08.01 05:38:13.119,0.85769,0.85788,1.50,3.53
2011.08.01 05:38:13.678,0.85771,0.85788,1.50,1.50
2011.08.01 05:38:14.999,0.85771,0.8579,1.50,5.25
2011.08.01 05:38:18.176,0.85771,0.8579,1.50,1.50
2011.08.01 05:38:19.266,0.85771,0.8579,1.50,6.00
2011.08.01 05:38:22.177,0.85771,0.8579,1.50,5.25
2011.08.01 05:38:22.736,0.85771,0.8579,1.50,5.25
2011.08.01 05:38:24.977,0.85771,0.8579,1.50,1.13
2011.08.01 05:38:27.169,0.85771,0.85789,1.50,1.50
2011.08.01 05:38:27.288,0.8577,0.85789,1.50,2.25
2011.08.01 05:38:29.497,0.85769,0.85788,1.50,6.53
2011.08.01 05:38:38.057,0.8577,0.85788,1.50,4.13
2011.08.01 05:38:38.512,0.8577,0.85786,1.50,5.85
2011.08.01 05:38:38.628,0.85766,0.85784,1.50,5.25
2011.08.01 05:38:40.396,0.85766,0.85783,1.50,1.13
2011.08.01 05:38:40.730,0.85766,0.85783,1.50,2.25
2011.08.01 05:38:41.420,0.85764,0.85779,2.70,1.88
2011.08.01 05:38:41.543,0.85765,0.85782,1.50,1.13
2011.08.01 05:38:41.662,0.85768,0.85783,1.50,1.13
2011.08.01 05:38:42.117,0.85771,0.85792,1.13,7.28
2011.08.01 05:38:42.239,0.85774,0.85792,1.13,6.53
2011.08.01 05:38:42.468,0.85772,0.85792,1.13,1.50
2011.08.01 05:38:42.808,0.85773,0.85788,1.50,2.40
2011.08.01 05:38:42.927,0.8577,0.85788,1.50,2.40
2011.08.01 05:38:45.866,0.85772,0.85788,1.50,2.40
2011.08.01 05:38:47.407,0.85772,0.85788,1.50,4.28
2011.08.01 05:38:47.638,0.8577,0.85786,1.50,2.03
2011.08.01 05:38:48.196,0.8577,0.85788,1.50,2.40
2011.08.01 05:38:48.780,0.85768,0.85787,2.10,4.13
2011.08.01 05:38:48.898,0.85768,0.85787,2.10,4.50
2011.08.01 05:38:49.238,0.85768,0.85785,1.88,2.03
2011.08.01 05:38:49.359,0.85769,0.85788,1.50,3.15
2011.08.01 05:38:50.328,0.85772,0.85788,1.50,3.15
2011.08.01 05:38:53.237,0.85772,0.85788,1.50,3.53
2011.08.01 05:38:54.688,0.85771,0.85788,1.50,2.78
2011.08.01 05:38:54.920,0.85772,0.85792,1.50,5.25
2011.08.01 05:38:55.258,0.85774,0.85794,1.13,1.50
2011.08.01 05:38:55.707,0.85774,0.85795,1.13,2.40
2011.08.01 05:38:56.289,0.85772,0.85794,1.50,5.25
2011.08.01 05:38:56.629,0.85772,0.85791,1.88,2.40
2011.08.01 05:39:04.766,0.85772,0.85791,1.88,3.00
2011.08.01 05:39:04.883,0.85771,0.8579,1.50,1.35
2011.08.01 05:39:05.219,0.85766,0.85784,1.50,2.03
2011.08.01 05:39:05.343,0.85766,0.85786,1.50,2.40
2011.08.01 05:39:08.999,0.85768,0.85786,1.50,2.03
2011.08.01 05:39:09.558,0.85768,0.85786,1.50,2.63
2011.08.01 05:39:10.011,0.85767,0.85784,1.50,1.50
2011.08.01 05:39:10.566,0.85767,0.85782,1.50,3.15
2011.08.01 05:39:11.936,0.85767,0.85782,1.50,2.40
2011.08.01 05:39:12.458,0.85767,0.85782,1.50,2.78
2011.08.01 05:39:12.688,0.85764,0.85778,1.95,2.03
2011.08.01 05:39:13.028,0.85765,0.85781,1.50,3.75
2011.08.01 05:39:13.586,0.85765,0.85782,1.50,3.38
2011.08.01 05:39:15.596,0.85765,0.85782,1.50,3.38
2011.08.01 05:39:16.529,0.85765,0.85782,1.50,2.63
2011.08.01 05:39:17.457,0.85765,0.85782,1.50,3.00
2011.08.01 05:39:18.239,0.85767,0.85785,1.50,1.50
2011.08.01 05:39:18.357,0.85766,0.85786,1.88,2.48
2011.08.01 05:39:18.919,0.85771,0.85789,1.13,1.50
2011.08.01 05:39:19.444,0.85771,0.85789,1.13,1.50
2011.08.01 05:39:21.770,0.8577,0.85787,1.50,2.03
2011.08.01 05:39:23.636,0.8577,0.85787,1.50,2.78
2011.08.01 05:39:25.897,0.8577,0.85787,1.50,2.78
2011.08.01 05:39:26.457,0.8577,0.85787,1.50,1.13
2011.08.01 05:39:28.199,0.8577,0.85788,1.50,6.90
2011.08.01 05:39:28.998,0.8577,0.85787,1.50,1.13
2011.08.01 05:39:29.837,0.8577,0.85787,1.50,1.13
2011.08.01 05:39:30.506,0.8577,0.85788,1.50,7.65
2011.08.01 05:39:33.135,0.8577,0.85788,1.50,7.50
2011.08.01 05:39:33.996,0.8577,0.85787,1.50,1.35
2011.08.01 05:39:35.437,0.8577,0.85787,1.50,1.73
2011.08.01 05:39:36.001,0.85769,0.85786,1.13,2.78
2011.08.01 05:39:36.607,0.85768,0.85786,1.50,2.78
2011.08.01 05:39:37.717,0.85769,0.85787,1.50,1.73
2011.08.01 05:39:43.147,0.85769,0.85788,1.50,8.25
2011.08.01 05:39:44.606,0.85767,0.85787,1.88,1.13
2011.08.01 05:39:47.576,0.85767,0.85787,1.88,1.13
2011.08.01 05:39:49.518,0.85769,0.85788,3.00,2.78
2011.08.01 05:40:03.269,0.85776,0.85791,2.25,6.53
2011.08.01 05:40:03.609,0.85776,0.85791,1.50,3.75
2011.08.01 05:40:04.154,0.85775,0.85796,1.13,7.65
2011.08.01 05:40:11.834,0.85775,0.85794,1.13,1.88
2011.08.01 05:40:12.381,0.85774,0.85794,1.13,1.88
2011.08.01 05:40:12.935,0.85774,0.85794,1.13,1.13
2011.08.01 05:40:18.350,0.85773,0.85794,1.88,1.13
2011.08.01 05:40:18.471,0.85773,0.85793,1.50,2.78
2011.08.01 05:40:18.811,0.85771,0.85788,1.50,4.13
2011.08.01 05:40:18.930,0.85767,0.85786,1.88,2.03
2011.08.01 05:40:19.378,0.85769,0.85786,1.13,4.50
2011.08.01 05:40:19.606,0.8577,0.85788,1.13,7.13
2011.08.01 05:40:20.157,0.8577,0.85788,1.13,6.38
2011.08.01 05:40:20.716,0.85769,0.85788,1.13,6.15
2011.08.01 05:40:21.266,0.85769,0.85788,1.13,6.15
2011.08.01 05:40:24.639,0.85768,0.85788,1.50,6.15
2011.08.01 05:40:26.566,0.85768,0.85787,1.13,3.15
2011.08.01 05:40:27.116,0.85768,0.85788,1.13,1.13
2011.08.01 05:40:27.667,0.85769,0.85788,1.13,3.15
2011.08.01 05:40:30.526,0.85768,0.85788,1.13,2.40
2011.08.01 05:40:32.467,0.85768,0.85788,1.13,2.40
2011.08.01 05:40:33.110,0.85768,0.85787,1.13,2.03
2011.08.01 05:40:33.237,0.85766,0.85786,1.13,6.53
2011.08.01 05:40:33.906,0.85766,0.85786,1.13,6.53
2011.08.01 05:40:36.307,0.85764,0.85786,1.88,7.28
2011.08.01 05:40:37.790,0.85762,0.85783,1.88,6.53
2011.08.01 05:40:38.238,0.85763,0.85782,1.50,3.53
2011.08.01 05:40:38.467,0.85763,0.85784,1.50,1.88
2011.08.01 05:40:39.838,0.85763,0.85785,2.25,2.03
2011.08.01 05:40:40.398,0.85763,0.85786,2.25,5.63
2011.08.01 05:40:41.048,0.85764,0.85786,1.50,4.50
2011.08.01 05:40:45.747,0.85763,0.85785,4.50,2.03
2011.08.01 05:40:46.087,0.85763,0.85784,3.00,3.53
2011.08.01 05:40:49.988,0.85763,0.85784,2.25,1.50
2011.08.01 05:40:52.284,0.85763,0.85784,2.25,1.50
2011.08.01 05:40:56.586,0.85763,0.85783,1.50,1.13
2011.08.01 05:40:56.697,0.85763,0.85784,1.50,7.28
2011.08.01 05:40:57.247,0.85763,0.85784,1.50,6.00
2011.08.01 05:41:09.030,0.85763,0.85781,1.50,1.50
2011.08.01 05:41:09.477,0.85763,0.85785,1.50,4.65
2011.08.01 05:41:20.296,0.85764,0.85783,1.50,1.50
2011.08.01 05:41:21.198,0.85761,0.85782,1.13,1.50
2011.08.01 05:41:21.537,0.8576,0.85781,4.50,1.50
2011.08.01 05:41:22.207,0.85761,0.85781,1.50,1.50
2011.08.01 05:41:22.438,0.85759,0.85781,1.50,1.88
2011.08.01 05:41:26.263,0.8576,0.85781,2.25,1.50
2011.08.01 05:41:27.379,0.8576,0.8578,2.25,1.50
2011.08.01 05:41:27.498,0.85759,0.8578,3.00,1.88
2011.08.01 05:41:28.502,0.85759,0.8578,3.00,1.88
2011.08.01 05:41:33.388,0.85761,0.85781,2.25,5.25
2011.08.01 05:41:33.508,0.85761,0.85781,2.25,1.50
2011.08.01 05:41:35.077,0.85761,0.85783,2.25,5.25
2011.08.01 05:41:36.960,0.8576,0.85781,1.50,1.50
2011.08.01 05:41:37.082,0.85762,0.85781,2.25,1.50
2011.08.01 05:41:38.078,0.85759,0.85782,4.35,4.88
2011.08.01 05:41:39.087,0.8576,0.85782,2.25,6.53
2011.08.01 05:41:40.628,0.85761,0.85783,3.00,4.50
2011.08.01 05:41:45.927,0.85765,0.85784,2.25,1.50
2011.08.01 05:41:46.157,0.85767,0.85785,1.50,3.53
2011.08.01 05:41:46.711,0.85768,0.85787,1.13,2.03
2011.08.01 05:41:46.940,0.85769,0.85792,2.25,2.78
2011.08.01 05:41:47.496,0.85769,0.85792,2.25,7.28
2011.08.01 05:41:56.238,0.85769,0.8579,2.25,1.50
2011.08.01 05:41:56.797,0.85769,0.8579,2.25,1.50
2011.08.01 05:42:09.719,0.85768,0.8579,4.50,1.50
2011.08.01 05:42:10.279,0.85767,0.85787,1.50,1.50
2011.08.01 05:42:10.867,0.85765,0.85787,1.13,3.53
2011.08.01 05:42:11.419,0.85764,0.85786,4.50,1.50
2011.08.01 05:42:14.328,0.85765,0.85787,2.25,2.25
2011.08.01 05:42:19.159,0.85764,0.85785,6.00,1.50
2011.08.01 05:42:19.722,0.85764,0.85785,2.25,1.50
2011.08.01 05:42:21.157,0.85764,0.85786,1.50,4.50
2011.08.01 05:42:23.338,0.85762,0.85784,1.50,6.53
2011.08.01 05:42:27.961,0.85765,0.85786,2.25,2.78
2011.08.01 05:42:28.296,0.85765,0.85787,6.75,1.50
2011.08.01 05:42:28.858,0.85766,0.85787,2.25,1.50
2011.08.01 05:42:30.367,0.85766,0.85787,2.25,1.50
2011.08.01 05:42:30.847,0.85766,0.85787,2.25,1.50
2011.08.01 05:42:35.551,0.85769,0.85789,2.25,5.25
2011.08.01 05:42:35.888,0.85772,0.85795,2.25,5.63
2011.08.01 05:42:36.007,0.85772,0.85795,3.00,4.88
2011.08.01 05:42:37.408,0.85773,0.85794,2.25,1.35
2011.08.01 05:42:37.987,0.85773,0.85794,2.25,1.35
2011.08.01 05:42:38.429,0.85772,0.85792,1.88,1.13
2011.08.01 05:42:38.548,0.85772,0.85792,1.88,1.13
2011.08.01 05:42:42.878,0.85767,0.85791,3.00,6.53
2011.08.01 05:42:43.109,0.85767,0.85786,1.50,1.13
2011.08.01 05:42:43.231,0.85765,0.85786,2.25,3.15
2011.08.01 05:42:52.268,0.85765,0.85786,2.25,3.53
2011.08.01 05:42:56.098,0.85766,0.85787,2.25,3.53
2011.08.01 05:42:56.218,0.85764,0.85783,1.88,1.50
2011.08.01 05:42:56.341,0.85763,0.85783,1.13,1.50
2011.08.01 05:42:56.896,0.85764,0.85785,8.03,1.13
2011.08.01 05:42:57.338,0.85763,0.85785,5.63,1.13
2011.08.01 05:43:00.037,0.85765,0.85784,2.25,1.50
2011.08.01 05:43:03.767,0.85769,0.85785,2.25,1.50
2011.08.01 05:43:03.889,0.85769,0.85785,2.25,1.50
2011.08.01 05:43:04.450,0.85769,0.85789,2.25,2.25
2011.08.01 05:43:09.608,0.85767,0.85786,1.13,1.13
2011.08.01 05:43:09.728,0.85769,0.85789,2.25,2.25
2011.08.01 05:43:09.958,0.85769,0.85786,2.25,1.50
2011.08.01 05:43:18.656,0.85766,0.85786,6.00,1.13
2011.08.01 05:43:18.771,0.85769,0.85786,2.25,1.35
2011.08.01 05:43:19.497,0.85769,0.85786,2.25,3.53
2011.08.01 05:43:22.086,0.85769,0.85786,2.25,1.50
2011.08.01 05:43:23.968,0.85766,0.85786,1.50,1.50
2011.08.01 05:43:24.557,0.85766,0.85785,2.25,1.50
2011.08.01 05:43:28.907,0.85769,0.85786,2.25,1.50
2011.08.01 05:43:29.435,0.85769,0.85789,2.25,1.50
2011.08.01 05:43:30.749,0.85771,0.85789,2.25,1.50
2011.08.01 05:43:41.675,0.8577,0.85789,2.25,1.50
2011.08.01 05:43:46.548,0.85769,0.85791,1.50,1.88
2011.08.01 05:43:46.668,0.85768,0.8579,2.25,4.50
2011.08.01 05:43:47.008,0.85768,0.8579,2.25,4.50
2011.08.01 05:43:53.656,0.85767,0.85788,1.50,4.50
2011.08.01 05:44:03.171,0.85767,0.85786,1.13,1.13
2011.08.01 05:44:03.400,0.85764,0.85786,1.50,6.90
2011.08.01 05:44:04.015,0.85764,0.85786,1.50,6.90
2011.08.01 05:44:04.133,0.85764,0.85785,1.50,1.50
2011.08.01 05:44:06.627,0.85764,0.85783,1.13,4.88
2011.08.01 05:44:06.738,0.85764,0.85783,1.13,1.13
2011.08.01 05:44:06.969,0.85764,0.85785,1.50,5.25
2011.08.01 05:44:07.709,0.85762,0.85784,2.25,1.50
2011.08.01 05:44:09.013,0.85766,0.85784,2.25,2.78
2011.08.01 05:44:09.240,0.85766,0.85786,3.00,1.50
2011.08.01 05:44:15.880,0.85766,0.85786,1.50,1.13
2011.08.01 05:44:16.219,0.85765,0.85785,4.50,1.13
2011.08.01 05:44:20.988,0.85763,0.85785,2.85,6.53
2011.08.01 05:44:30.048,0.85763,0.85784,2.25,3.53
2011.08.01 05:44:30.278,0.85763,0.85785,2.25,2.10
2011.08.01 05:44:33.120,0.85768,0.85788,2.25,4.50
2011.08.01 05:44:36.268,0.85767,0.85789,3.00,1.50
2011.08.01 05:44:36.608,0.85767,0.85786,1.50,1.50
2011.08.01 05:44:36.837,0.85765,0.85786,3.00,2.25
2011.08.01 05:44:37.668,0.85765,0.85786,1.50,1.50
2011.08.01 05:44:40.961,0.85764,0.85784,1.13,1.50
2011.08.01 05:44:41.409,0.85761,0.85781,1.13,4.88
2011.08.01 05:44:42.076,0.85758,0.8578,2.25,4.13
2011.08.01 05:44:44.166,0.85761,0.8578,1.13,2.40
2011.08.01 05:44:46.147,0.85761,0.8578,1.13,2.40
2011.08.01 05:44:51.867,0.85758,0.8578,1.50,3.15
2011.08.01 05:44:52.381,0.85758,0.8578,1.50,3.15
2011.08.01 05:45:00.598,0.85758,0.8578,1.50,3.15
2011.08.01 05:45:11.978,0.85758,0.8578,1.50,3.15
2011.08.01 05:45:12.323,0.85761,0.8578,4.50,2.78
2011.08.01 05:45:12.658,0.85765,0.85783,2.25,1.50
2011.08.01 05:45:35.219,0.85764,0.85783,1.13,1.13
2011.08.01 05:45:35.791,0.85761,0.85781,1.13,3.53
2011.08.01 05:45:35.910,0.8576,0.85779,1.13,1.50
2011.08.01 05:45:36.322,0.85756,0.85774,1.20,4.50
2011.08.01 05:45:36.443,0.85752,0.8577,2.78,4.13
2011.08.01 05:45:37.056,0.8575,0.85769,3.00,6.53
2011.08.01 05:45:37.205,0.8575,0.85772,2.25,5.25
2011.08.01 05:45:39.993,0.85748,0.85769,5.25,1.50
2011.08.01 05:45:40.548,0.85748,0.85769,1.50,3.53
2011.08.01 05:45:47.007,0.85747,0.85769,3.75,4.28
2011.08.01 05:45:48.367,0.85747,0.85768,3.00,1.50
2011.08.01 05:46:03.606,0.85746,0.85766,1.13,1.13
2011.08.01 05:46:06.787,0.85747,0.85766,1.13,1.13
2011.08.01 05:46:08.111,0.85751,0.85769,1.13,1.13
2011.08.01 05:46:09.455,0.8575,0.85771,3.23,1.13
2011.08.01 05:46:10.637,0.8575,0.85771,2.48,1.50
2011.08.01 05:46:12.737,0.8575,0.85769,1.35,1.13
2011.08.01 05:46:13.078,0.85749,0.85768,1.35,2.78
2011.08.01 05:46:13.636,0.85748,0.85767,1.35,1.13
2011.08.01 05:46:21.420,0.85746,0.85766,2.85,3.00
2011.08.01 05:46:21.538,0.85745,0.85763,1.50,1.50
2011.08.01 05:46:22.096,0.85743,0.85763,5.63,1.50
2011.08.01 05:46:22.527,0.85743,0.85764,5.63,1.13
2011.08.01 05:46:26.711,0.85745,0.85766,1.50,3.53
2011.08.01 05:46:26.942,0.85746,0.85767,4.50,1.88
2011.08.01 05:46:31.567,0.85747,0.85767,1.13,1.13
2011.08.01 05:46:32.690,0.85746,0.85766,3.75,1.50
2011.08.01 05:46:32.809,0.85744,0.85766,1.88,1.50
2011.08.01 05:46:32.928,0.85744,0.85766,3.75,2.78
2011.08.01 05:46:34.836,0.85747,0.85767,4.50,1.13
2011.08.01 05:46:36.919,0.85747,0.85768,4.88,1.13
2011.08.01 05:46:37.661,0.85747,0.85768,4.13,1.13
2011.08.01 05:46:42.529,0.85747,0.85768,4.88,1.13
2011.08.01 05:46:44.199,0.85747,0.85767,3.75,1.13
2011.08.01 05:46:44.757,0.85747,0.85767,4.13,1.50
2011.08.01 05:46:49.849,0.85748,0.85768,1.13,1.13
2011.08.01 05:46:50.526,0.85747,0.85768,4.13,1.13
2011.08.01 05:47:12.227,0.85748,0.85768,1.13,1.13
2011.08.01 05:47:14.259,0.85747,0.85768,4.13,1.13
2011.08.01 05:47:14.929,0.85748,0.85768,1.13,1.13
2011.08.01 05:47:15.490,0.85749,0.85769,3.75,1.50
2011.08.01 05:47:15.718,0.85751,0.85771,4.50,2.25
2011.08.01 05:47:17.259,0.85751,0.85773,6.00,1.13
2011.08.01 05:47:17.381,0.85751,0.85774,7.50,1.50
2011.08.01 05:47:17.614,0.85753,0.85774,4.88,1.88
2011.08.01 05:47:17.839,0.85753,0.85774,1.88,1.13
2011.08.01 05:47:18.401,0.85752,0.85772,1.88,1.13
2011.08.01 05:47:18.738,0.85751,0.85771,1.13,1.13
2011.08.01 05:47:21.446,0.85751,0.85771,1.13,1.13
2011.08.01 05:47:21.998,0.85751,0.8577,1.13,1.13
2011.08.01 05:47:23.276,0.85751,0.8577,1.13,1.13
2011.08.01 05:47:24.017,0.8575,0.8577,1.13,1.13
2011.08.01 05:47:27.717,0.85749,0.8577,1.50,1.13
2011.08.01 05:47:27.827,0.85748,0.8577,4.88,1.13
2011.08.01 05:47:30.926,0.85749,0.8577,1.13,1.13
2011.08.01 05:47:32.938,0.85748,0.8577,4.13,1.13
2011.08.01 05:47:33.607,0.85749,0.8577,1.13,1.13
2011.08.01 05:47:34.178,0.85749,0.85771,1.88,1.88
2011.08.01 05:47:35.278,0.85751,0.85771,5.48,1.13
2011.08.01 05:47:36.266,0.85752,0.85771,1.13,1.13
2011.08.01 05:47:37.069,0.85751,0.85771,5.48,1.13
2011.08.01 05:47:37.776,0.85752,0.85771,1.13,1.13
2011.08.01 05:47:38.979,0.85751,0.85771,5.48,1.13
2011.08.01 05:47:39.536,0.85751,0.85771,1.73,1.13
2011.08.01 05:47:42.116,0.85751,0.85772,1.35,1.13
2011.08.01 05:47:42.779,0.8575,0.85772,1.50,1.13
2011.08.01 05:47:43.337,0.85749,0.85769,5.25,1.13
2011.08.01 05:47:44.677,0.85747,0.8577,5.25,1.88
2011.08.01 05:47:46.908,0.85747,0.85768,1.13,1.13
2011.08.01 05:47:47.028,0.85747,0.85768,1.13,1.13
2011.08.01 05:47:51.448,0.85743,0.85765,8.03,1.50
2011.08.01 05:47:55.729,0.85745,0.85767,4.50,1.88
2011.08.01 05:47:57.117,0.85745,0.85767,4.50,1.88
2011.08.01 05:47:59.759,0.85745,0.85765,3.75,1.13
2011.08.01 05:47:59.879,0.85743,0.85764,1.88,1.13
2011.08.01 05:48:00.219,0.8574,0.85761,5.63,1.50
2011.08.01 05:48:00.338,0.8574,0.85761,4.88,1.50
2011.08.01 05:48:02.938,0.85738,0.85758,4.50,2.85
2011.08.01 05:48:03.279,0.85735,0.85756,5.63,1.88
2011.08.01 05:48:17.772,0.85735,0.85757,6.75,2.78
2011.08.01 05:48:18.219,0.85739,0.85758,4.13,1.13
2011.08.01 05:48:25.489,0.85739,0.85762,4.50,1.50
2011.08.01 05:48:25.828,0.85743,0.85763,4.13,1.88
2011.08.01 05:48:32.127,0.8574,0.85762,4.50,1.13
2011.08.01 05:48:36.822,0.8574,0.85763,4.50,1.88
2011.08.01 05:48:48.438,0.85739,0.85759,5.10,1.13
2011.08.01 05:48:55.739,0.85735,0.85758,1.35,1.13
2011.08.01 05:48:56.080,0.85741,0.8576,4.50,1.50
2011.08.01 05:48:56.201,0.85741,0.85762,4.50,1.13
2011.08.01 05:48:59.275,0.85742,0.85764,1.13,1.13
2011.08.01 05:48:59.836,0.85742,0.85764,1.73,1.13
2011.08.01 05:49:00.498,0.85746,0.85765,1.35,3.53
2011.08.01 05:49:00.726,0.85748,0.85771,5.25,3.38
2011.08.01 05:49:03.958,0.85747,0.85767,2.78,1.88
2011.08.01 05:49:04.187,0.85745,0.85766,1.88,1.13
2011.08.01 05:49:04.746,0.85745,0.85766,1.13,1.13
2011.08.01 05:49:04.996,0.85745,0.85766,1.50,1.13
2011.08.01 05:49:05.980,0.85756,0.85767,3.75,1.13
2011.08.01 05:49:06.210,0.85755,0.85773,3.75,2.25
2011.08.01 05:49:06.330,0.8575,0.85773,1.50,8.03
2011.08.01 05:49:06.667,0.8575,0.85771,2.25,1.50
2011.08.01 05:49:07.336,0.8575,0.85771,6.00,1.50
2011.08.01 05:49:09.398,0.8575,0.85771,4.50,1.50
2011.08.01 05:49:09.956,0.8575,0.85771,4.50,1.50
2011.08.01 05:49:14.237,0.85749,0.8577,2.40,1.13
2011.08.01 05:49:14.469,0.85747,0.85767,2.78,1.88
2011.08.01 05:49:15.026,0.85745,0.85766,1.88,1.13
2011.08.01 05:49:19.967,0.85748,0.85767,1.50,1.50
2011.08.01 05:49:20.307,0.85751,0.85769,1.50,4.50
2011.08.01 05:49:20.429,0.8575,0.85769,5.03,3.75
2011.08.01 05:49:21.031,0.8575,0.85771,5.03,1.50
2011.08.01 05:49:22.766,0.8575,0.8577,3.15,1.13
2011.08.01 05:49:23.316,0.8575,0.8577,1.13,1.13
2011.08.01 05:49:28.140,0.85747,0.85767,2.10,5.25
2011.08.01 05:49:28.479,0.85741,0.8576,1.50,1.50
2011.08.01 05:49:29.656,0.85741,0.85761,1.50,1.13
2011.08.01 05:49:30.839,0.85742,0.85763,1.50,1.50
2011.08.01 05:49:31.857,0.85742,0.85763,1.13,2.25
2011.08.01 05:49:34.967,0.85741,0.85761,1.88,1.88
2011.08.01 05:49:40.137,0.85741,0.8576,1.88,1.50
2011.08.01 05:49:40.664,0.85739,0.85759,1.50,1.50
2011.08.01 05:49:42.104,0.85741,0.85761,2.25,2.25
2011.08.01 05:49:42.438,0.85743,0.85761,1.50,1.50
2011.08.01 05:49:49.487,0.85743,0.85762,1.13,1.88
2011.08.01 05:49:50.046,0.85744,0.85762,1.13,1.13
2011.08.01 05:49:53.578,0.85744,0.85762,1.13,1.13
2011.08.01 05:49:54.117,0.85742,0.85762,1.50,1.88
2011.08.01 05:49:55.296,0.85741,0.85762,1.88,1.88
2011.08.01 05:49:55.848,0.85741,0.85762,1.88,1.88
2011.08.01 05:49:56.409,0.85742,0.8576,1.13,1.50
2011.08.01 05:49:58.960,0.85742,0.8576,1.13,1.50
2011.08.01 05:49:59.187,0.85739,0.8576,1.50,1.50
2011.08.01 05:49:59.416,0.85738,0.85761,1.50,1.88
2011.08.01 05:49:59.526,0.85738,0.85761,1.50,1.88
2011.08.01 05:50:00.637,0.85738,0.8576,2.25,1.13
2011.08.01 05:50:01.257,0.85741,0.85761,2.25,1.50
2011.08.01 05:50:01.488,0.85741,0.8576,1.13,1.13
2011.08.01 05:50:01.718,0.85741,0.8576,1.88,1.88
2011.08.01 05:50:02.276,0.85741,0.8576,1.88,1.88
2011.08.01 05:50:03.379,0.85741,0.8576,1.88,2.25
2011.08.01 05:50:03.939,0.85741,0.8576,1.50,3.38
2011.08.01 05:50:04.057,0.85738,0.85756,1.13,1.50
2011.08.01 05:50:04.400,0.85738,0.85756,1.13,1.88
2011.08.01 05:50:05.100,0.85738,0.85755,1.13,5.25
2011.08.01 05:50:05.223,0.85734,0.85753,1.13,1.13
2011.08.01 05:50:06.329,0.85734,0.85753,1.13,1.13
2011.08.01 05:50:06.999,0.85734,0.85754,1.13,1.88
2011.08.01 05:50:08.048,0.85734,0.85754,1.50,1.88
2011.08.01 05:50:08.278,0.85733,0.85752,1.50,1.13
2011.08.01 05:50:08.947,0.85733,0.85751,1.50,1.13
2011.08.01 05:50:10.180,0.85739,0.85754,1.13,4.28
2011.08.01 05:50:10.300,0.85739,0.85754,1.13,2.78
2011.08.01 05:50:11.387,0.85735,0.85754,1.13,1.88
2011.08.01 05:50:13.038,0.85734,0.85754,5.25,1.13
2011.08.01 05:50:13.269,0.85738,0.85758,1.13,1.88
2011.08.01 05:50:13.387,0.85738,0.85757,1.13,1.50
2011.08.01 05:50:13.947,0.85737,0.85756,1.88,1.13
2011.08.01 05:50:14.986,0.85737,0.85756,1.88,1.13
2011.08.01 05:50:16.227,0.85736,0.85755,5.25,1.50
2011.08.01 05:50:17.039,0.85724,0.85745,1.88,1.13
2011.08.01 05:50:17.157,0.85724,0.85745,1.13,1.88
2011.08.01 05:50:19.027,0.85725,0.85743,1.13,1.88
2011.08.01 05:50:20.817,0.85722,0.85742,1.50,2.25
2011.08.01 05:50:21.271,0.85726,0.85742,1.13,2.03
2011.08.01 05:50:21.828,0.85725,0.85743,1.50,3.15
2011.08.01 05:50:22.608,0.85726,0.85745,1.13,1.88
2011.08.01 05:50:22.727,0.85726,0.85745,1.13,1.13
2011.08.01 05:50:23.287,0.85726,0.85745,1.88,1.13
2011.08.01 05:50:23.822,0.85731,0.8575,4.13,1.50
2011.08.01 05:50:24.155,0.85732,0.85751,1.13,1.13
2011.08.01 05:50:24.267,0.8573,0.85751,1.50,1.50
2011.08.01 05:50:25.607,0.8573,0.8575,3.00,1.13
2011.08.01 05:50:26.166,0.8573,0.8575,2.25,1.13
2011.08.01 05:50:26.609,0.8573,0.8575,1.50,1.88
2011.08.01 05:50:27.729,0.85728,0.85748,4.50,2.25
2011.08.01 05:50:30.536,0.85727,0.85748,1.88,1.88
2011.08.01 05:50:38.426,0.85727,0.85747,1.13,1.50
2011.08.01 05:50:42.267,0.85726,0.85745,1.73,1.13
2011.08.01 05:50:47.418,0.85727,0.85746,1.13,3.15
2011.08.01 05:50:57.356,0.85727,0.85746,1.88,1.13
2011.08.01 05:51:02.176,0.85727,0.85746,1.13,1.13
2011.08.01 05:51:15.351,0.85726,0.85745,1.88,1.13
2011.08.01 05:51:18.650,0.85725,0.85745,1.50,2.25
2011.08.01 05:51:20.508,0.85723,0.85744,1.88,1.88
2011.08.01 05:51:21.066,0.85723,0.85743,1.88,1.13
2011.08.01 05:51:21.620,0.85721,0.85742,1.13,1.88
2011.08.01 05:51:23.668,0.85719,0.85739,4.88,1.50
2011.08.01 05:51:24.449,0.85721,0.85739,1.50,1.50
2011.08.01 05:51:24.680,0.8572,0.85738,2.03,1.13
2011.08.01 05:51:25.236,0.85718,0.85738,1.88,1.13
2011.08.01 05:51:25.348,0.85718,0.85739,6.00,1.50
2011.08.01 05:51:25.908,0.85721,0.8574,1.13,1.13
2011.08.01 05:51:26.579,0.8572,0.8574,1.50,3.00
2011.08.01 05:51:26.919,0.85721,0.8574,1.13,1.13
2011.08.01 05:51:31.576,0.85721,0.8574,1.13,1.88
2011.08.01 05:51:31.910,0.8572,0.85739,1.50,1.50
2011.08.01 05:51:32.251,0.85716,0.85733,2.25,2.25
2011.08.01 05:51:32.479,0.85713,0.85731,1.13,2.78
2011.08.01 05:51:33.371,0.85711,0.85732,2.78,1.88
2011.08.01 05:51:33.938,0.85711,0.85732,2.78,1.88
2011.08.01 05:51:34.888,0.85711,0.85731,2.03,1.50
2011.08.01 05:51:35.228,0.85708,0.8573,3.00,2.25
2011.08.01 05:51:35.461,0.85708,0.85728,1.50,1.88
2011.08.01 05:51:35.579,0.85711,0.85727,1.35,1.50
2011.08.01 05:51:35.699,0.85711,0.85727,2.63,1.50
2011.08.01 05:51:35.928,0.85707,0.85727,4.13,1.50
2011.08.01 05:51:36.486,0.85707,0.85728,4.88,1.88
2011.08.01 05:51:37.769,0.85708,0.85728,1.50,1.50
2011.08.01 05:51:37.889,0.85709,0.85728,1.13,1.50
2011.08.01 05:51:39.799,0.85708,0.85728,7.65,1.88
2011.08.01 05:51:40.028,0.85708,0.85727,1.88,1.13
2011.08.01 05:51:41.764,0.85708,0.85727,2.25,1.50
2011.08.01 05:51:41.989,0.85712,0.8573,1.13,3.53
2011.08.01 05:51:42.111,0.85712,0.8573,1.50,2.78
2011.08.01 05:51:42.561,0.85715,0.85732,1.13,1.50
2011.08.01 05:51:44.338,0.85715,0.85735,1.13,1.50
2011.08.01 05:51:45.209,0.85715,0.85736,1.13,1.88
2011.08.01 05:51:46.937,0.85716,0.85735,1.13,1.50
2011.08.01 05:51:47.388,0.85714,0.85733,1.13,1.50
2011.08.01 05:51:49.630,0.85715,0.85734,1.50,3.53
2011.08.01 05:51:49.969,0.85721,0.85739,1.13,1.88
2011.08.01 05:51:50.087,0.85721,0.85739,1.13,1.13
2011.08.01 05:51:50.209,0.85721,0.85742,4.28,1.88
2011.08.01 05:51:50.748,0.85722,0.8574,1.50,1.13
2011.08.01 05:51:50.868,0.8572,0.8574,1.50,1.13
2011.08.01 05:51:50.987,0.85719,0.85739,1.50,1.13
2011.08.01 05:51:52.049,0.8572,0.85739,1.50,1.88
2011.08.01 05:51:52.386,0.85718,0.85739,1.13,1.88
2011.08.01 05:51:55.019,0.85717,0.85738,2.63,1.13
2011.08.01 05:51:57.007,0.85719,0.85739,1.50,1.88
2011.08.01 05:51:58.556,0.85718,0.85738,1.13,1.13
2011.08.01 05:51:59.108,0.85719,0.8574,1.13,1.88
2011.08.01 05:51:59.669,0.85719,0.8574,1.13,1.88
2011.08.01 05:52:00.227,0.8572,0.8574,1.13,1.88
2011.08.01 05:52:00.786,0.8572,0.8574,1.13,1.88
2011.08.01 05:52:01.678,0.85718,0.85739,7.65,1.13
2011.08.01 05:52:01.801,0.85718,0.85738,5.63,2.25
2011.08.01 05:52:05.237,0.85716,0.85736,1.50,2.25
2011.08.01 05:52:05.576,0.85716,0.85736,1.50,2.25
2011.08.01 05:52:12.536,0.85716,0.85736,1.50,2.63
2011.08.01 05:52:12.867,0.85716,0.85736,1.50,2.63
2011.08.01 05:52:13.417,0.85716,0.85736,1.50,1.50
2011.08.01 05:52:15.368,0.85716,0.85736,1.50,2.25
2011.08.01 05:52:15.598,0.85714,0.85733,2.03,5.25
2011.08.01 05:52:15.940,0.8571,0.85733,2.85,6.00
2011.08.01 05:52:17.821,0.85712,0.85731,5.25,1.50
2011.08.01 05:52:18.052,0.85714,0.85732,1.13,1.13
2011.08.01 05:52:18.280,0.85716,0.85735,2.78,1.13
2011.08.01 05:52:18.401,0.85717,0.85736,2.25,1.50
2011.08.01 05:52:18.633,0.85721,0.85741,4.50,1.88
2011.08.01 05:52:18.749,0.85721,0.85742,3.75,1.13
2011.08.01 05:52:18.980,0.85723,0.85742,1.50,1.88
2011.08.01 05:52:19.868,0.85723,0.85743,1.50,1.50
2011.08.01 05:52:21.507,0.85724,0.85744,1.13,1.50
2011.08.01 05:52:21.958,0.85724,0.85744,1.50,1.50
2011.08.01 05:52:22.678,0.85719,0.8574,1.50,1.13
2011.08.01 05:52:23.696,0.85719,0.8574,1.50,1.88
2011.08.01 05:52:23.806,0.85719,0.8574,1.88,2.25
2011.08.01 05:52:25.380,0.85718,0.85737,1.50,2.25
2011.08.01 05:52:26.774,0.85718,0.85734,1.50,1.50
2011.08.01 05:52:27.111,0.85718,0.85737,1.50,1.50
2011.08.01 05:52:27.231,0.85719,0.85739,1.13,2.25
2011.08.01 05:52:27.352,0.8572,0.85739,1.50,1.50
2011.08.01 05:52:27.959,0.8572,0.85738,1.50,1.50
2011.08.01 05:52:28.083,0.8572,0.85739,1.50,1.13
2011.08.01 05:52:28.857,0.8572,0.85739,1.50,1.13
2011.08.01 05:52:30.268,0.85722,0.85742,4.88,1.50
2011.08.01 05:52:30.498,0.85723,0.85742,1.35,1.50
2011.08.01 05:52:30.730,0.85726,0.85745,1.13,1.50
2011.08.01 05:52:31.291,0.85727,0.85745,1.50,1.50
2011.08.01 05:52:31.629,0.8573,0.85748,1.13,5.85
2011.08.01 05:52:32.352,0.85732,0.85748,2.78,1.50
2011.08.01 05:52:33.243,0.85735,0.85745,1.13,3.75
2011.08.01 05:52:33.470,0.85729,0.85747,1.13,1.50
2011.08.01 05:52:34.027,0.85729,0.85749,1.13,1.50
2011.08.01 05:52:34.358,0.85729,0.8575,1.13,1.88
2011.08.01 05:52:34.478,0.8573,0.85748,1.50,1.50
2011.08.01 05:52:37.208,0.85728,0.85745,1.50,1.50
2011.08.01 05:52:38.992,0.85726,0.85746,1.13,2.63
2011.08.01 05:52:39.221,0.85725,0.85742,1.50,1.13
2011.08.01 05:52:39.447,0.85723,0.85742,1.13,1.88
2011.08.01 05:52:39.790,0.85724,0.85744,3.00,2.25
2011.08.01 05:52:39.908,0.85728,0.85745,1.13,1.50
2011.08.01 05:52:40.467,0.85727,0.85748,1.50,1.88
2011.08.01 05:52:42.601,0.85727,0.85747,1.50,1.88
2011.08.01 05:52:44.938,0.85727,0.85747,1.13,1.88
2011.08.01 05:52:46.578,0.85727,0.85748,1.50,1.50
2011.08.01 05:52:46.699,0.85727,0.85748,1.50,1.50
2011.08.01 05:52:46.927,0.85727,0.85748,3.53,1.50
2011.08.01 05:52:47.598,0.85727,0.85746,3.15,1.13
2011.08.01 05:52:47.717,0.85727,0.85746,1.13,1.13
2011.08.01 05:52:53.220,0.85725,0.85738,5.25,1.50
2011.08.01 05:52:53.448,0.85721,0.85738,1.50,1.50
2011.08.01 05:52:53.569,0.85722,0.85743,1.13,1.13
2011.08.01 05:52:53.907,0.85721,0.85742,2.25,5.25
2011.08.01 05:52:57.757,0.85722,0.85742,1.13,1.50
2011.08.01 05:52:57.880,0.85722,0.85742,1.13,1.50
2011.08.01 05:52:58.412,0.85723,0.85745,8.03,2.25
2011.08.01 05:52:58.536,0.85727,0.85746,1.13,1.88
2011.08.01 05:53:14.097,0.85726,0.85746,1.50,1.13
2011.08.01 05:53:31.708,0.85724,0.85744,1.88,1.50
2011.08.01 05:53:32.377,0.85724,0.85744,4.88,1.50
2011.08.01 05:53:33.486,0.85725,0.85745,1.13,2.25
2011.08.01 05:53:35.717,0.85724,0.85745,5.63,2.25
2011.08.01 05:53:40.048,0.85725,0.85745,1.13,2.25
2011.08.01 05:53:41.107,0.85724,0.85745,4.88,2.25
2011.08.01 05:53:43.166,0.85724,0.85744,4.88,1.50
2011.08.01 05:53:53.618,0.85725,0.85745,1.13,1.50
2011.08.01 05:53:55.379,0.85725,0.85745,1.88,3.15
2011.08.01 05:53:58.286,0.85725,0.85742,1.50,1.13
2011.08.01 05:53:59.027,0.85725,0.85743,1.50,1.13
2011.08.01 05:54:03.648,0.85723,0.85743,3.15,1.13
2011.08.01 05:54:04.207,0.85724,0.85744,1.13,1.50
2011.08.01 05:54:05.586,0.85724,0.85743,1.13,1.13
2011.08.01 05:54:07.688,0.85724,0.85742,1.50,1.50
2011.08.01 05:54:18.867,0.85726,0.85744,1.13,1.13
2011.08.01 05:54:22.447,0.85726,0.85744,1.13,1.13
2011.08.01 05:54:23.147,0.85726,0.85744,1.13,1.13
2011.08.01 05:54:30.389,0.85727,0.85747,2.25,4.65
2011.08.01 05:54:31.280,0.85727,0.85745,3.00,1.50
2011.08.01 05:54:31.401,0.85727,0.85744,1.50,1.13
2011.08.01 05:54:31.629,0.85726,0.85744,1.13,1.13
2011.08.01 05:54:33.389,0.85725,0.85743,1.13,1.13
2011.08.01 05:54:33.508,0.85724,0.85743,1.13,1.88
2011.08.01 05:54:34.095,0.8572,0.85739,1.88,1.88
2011.08.01 05:54:38.737,0.85719,0.85737,1.13,1.88
2011.08.01 05:54:46.858,0.85717,0.85736,1.50,1.50
2011.08.01 05:54:47.188,0.8572,0.85735,1.50,2.78
