2011.08.16 01:00:00.257,0.80456,0.80478,1.50,1.50
2011.08.16 01:00:00.373,0.80459,0.8048,1.50,2.25
2011.08.16 01:00:00.606,0.8046,0.80481,1.50,2.63
2011.08.16 01:00:01.388,0.80461,0.80482,2.25,1.50
2011.08.16 01:00:01.942,0.80462,0.8048,1.50,1.50
2011.08.16 01:00:02.934,0.80463,0.80482,1.50,1.50
2011.08.16 01:00:03.052,0.80464,0.80485,2.25,1.13
2011.08.16 01:00:03.723,0.80464,0.80485,1.50,2.25
2011.08.16 01:00:04.447,0.80453,0.80474,6.00,1.13
2011.08.16 01:00:05.003,0.80452,0.80474,2.25,1.88
2011.08.16 01:00:06.442,0.80452,0.80473,2.63,1.50
2011.08.16 01:00:07.479,0.80452,0.80474,3.38,1.50
2011.08.16 01:00:08.725,0.80454,0.80474,1.50,1.50
2011.08.16 01:00:09.064,0.80458,0.80478,2.25,1.88
2011.08.16 01:00:09.182,0.80456,0.80476,1.50,1.50
2011.08.16 01:00:09.742,0.80456,0.80476,2.25,2.25
2011.08.16 01:00:10.184,0.80456,0.80473,1.50,1.13
2011.08.16 01:00:11.879,0.80453,0.80472,1.50,1.13
2011.08.16 01:00:13.972,0.8045,0.80472,2.25,1.88
2011.08.16 01:00:14.092,0.8045,0.80471,2.25,1.50
2011.08.16 01:00:14.214,0.8045,0.8047,2.25,1.35
2011.08.16 01:00:14.444,0.80447,0.80465,1.50,1.50
2011.08.16 01:00:14.782,0.80443,0.80464,1.50,1.13
2011.08.16 01:00:16.662,0.80444,0.80463,1.50,3.68
2011.08.16 01:00:20.483,0.80444,0.80463,1.50,2.25
2011.08.16 01:00:26.914,0.80441,0.80464,2.25,2.63
2011.08.16 01:00:36.364,0.80443,0.80463,1.50,1.13
2011.08.16 01:00:36.483,0.80445,0.80464,1.13,4.43
2011.08.16 01:00:36.711,0.80446,0.80468,1.50,2.25
2011.08.16 01:00:36.932,0.80447,0.80468,1.50,2.25
2011.08.16 01:00:37.272,0.80451,0.8047,1.50,1.50
2011.08.16 01:00:37.594,0.80453,0.80473,1.50,1.50
2011.08.16 01:00:38.185,0.80453,0.80473,1.50,1.50
2011.08.16 01:00:39.463,0.80453,0.80472,1.50,1.35
2011.08.16 01:00:39.804,0.8045,0.8047,1.50,3.30
2011.08.16 01:00:40.034,0.8045,0.8047,1.50,3.68
2011.08.16 01:00:40.621,0.8045,0.8047,1.50,4.43
2011.08.16 01:00:45.674,0.8045,0.80458,1.50,2.18
2011.08.16 01:00:45.804,0.8044,0.8046,3.23,1.50
2011.08.16 01:00:45.925,0.80443,0.8046,1.13,1.50
2011.08.16 01:00:46.267,0.80446,0.80465,1.13,1.50
2011.08.16 01:00:46.383,0.80446,0.80467,1.13,1.50
2011.08.16 01:00:46.612,0.80448,0.80467,1.50,1.50
2011.08.16 01:00:46.833,0.80448,0.80467,1.50,1.50
2011.08.16 01:00:47.351,0.80448,0.80467,1.50,1.50
2011.08.16 01:00:49.542,0.80448,0.80466,1.50,1.50
2011.08.16 01:00:50.672,0.80445,0.80465,1.88,1.50
2011.08.16 01:00:51.923,0.80445,0.80465,1.88,1.50
2011.08.16 01:00:52.265,0.80445,0.80463,1.50,1.50
2011.08.16 01:00:52.493,0.80443,0.80463,1.35,1.50
2011.08.16 01:00:53.051,0.80443,0.80461,1.35,1.50
2011.08.16 01:00:54.053,0.80444,0.80464,1.50,2.25
2011.08.16 01:00:56.271,0.80442,0.80464,1.50,4.05
2011.08.16 01:00:58.004,0.80443,0.80464,1.88,3.68
2011.08.16 01:00:58.894,0.80456,0.8047,1.88,2.93
2011.08.16 01:00:59.124,0.80456,0.80474,1.50,1.50
2011.08.16 01:00:59.244,0.80458,0.80477,1.50,1.50
2011.08.16 01:00:59.365,0.80458,0.80477,2.25,1.50
2011.08.16 01:00:59.486,0.80459,0.8048,1.13,1.50
2011.08.16 01:00:59.603,0.8046,0.8048,1.13,1.50
2011.08.16 01:01:00.138,0.80459,0.8048,1.50,1.50
2011.08.16 01:01:02.864,0.80459,0.80478,1.50,1.88
2011.08.16 01:01:03.094,0.80456,0.80477,2.10,1.88
2011.08.16 01:01:03.217,0.80456,0.80477,2.25,1.88
2011.08.16 01:01:03.771,0.80456,0.80477,1.50,1.13
2011.08.16 01:01:06.413,0.80456,0.80476,1.50,1.13
2011.08.16 01:01:06.643,0.80452,0.80474,1.88,2.93
2011.08.16 01:01:06.761,0.80453,0.80474,1.13,1.50
2011.08.16 01:01:07.304,0.80453,0.80474,1.13,2.93
2011.08.16 01:01:07.423,0.80453,0.80474,1.13,2.93
2011.08.16 01:01:07.763,0.80456,0.80477,1.50,2.63
2011.08.16 01:01:08.478,0.80458,0.80478,1.50,1.50
2011.08.16 01:01:08.705,0.80459,0.80479,1.50,1.50
2011.08.16 01:01:09.152,0.80461,0.80481,1.50,2.63
2011.08.16 01:01:10.243,0.80463,0.80481,1.50,1.50
2011.08.16 01:01:10.369,0.80463,0.80481,1.50,1.50
2011.08.16 01:01:10.487,0.80465,0.80484,1.88,1.50
2011.08.16 01:01:10.825,0.80462,0.80484,3.00,2.25
2011.08.16 01:01:13.682,0.80462,0.80484,1.88,2.25
2011.08.16 01:01:14.241,0.80462,0.80484,1.50,2.25
2011.08.16 01:01:15.725,0.80462,0.80481,1.50,1.13
2011.08.16 01:01:15.952,0.8046,0.8048,2.25,1.50
2011.08.16 01:01:17.783,0.8046,0.80478,2.25,1.50
2011.08.16 01:01:17.910,0.80457,0.80477,1.50,3.68
2011.08.16 01:01:18.138,0.8046,0.80481,3.00,3.60
2011.08.16 01:01:18.256,0.80461,0.80481,1.13,3.23
2011.08.16 01:01:18.616,0.8046,0.80481,1.88,3.23
2011.08.16 01:01:18.846,0.80457,0.80477,1.50,3.68
2011.08.16 01:01:19.294,0.80453,0.80473,1.50,1.50
2011.08.16 01:01:19.524,0.8045,0.8047,1.50,1.13
2011.08.16 01:01:19.646,0.8045,0.8047,1.50,1.13
2011.08.16 01:01:20.202,0.80449,0.80469,1.50,1.50
2011.08.16 01:01:20.754,0.80449,0.80469,1.50,1.88
2011.08.16 01:01:21.393,0.80449,0.80467,1.50,1.13
2011.08.16 01:01:21.627,0.80449,0.80466,1.50,1.50
2011.08.16 01:01:21.747,0.80446,0.80468,2.25,3.00
2011.08.16 01:01:21.864,0.8045,0.80468,1.50,1.50
2011.08.16 01:01:22.202,0.80451,0.80471,1.50,1.50
2011.08.16 01:01:27.333,0.80451,0.80472,1.88,1.50
2011.08.16 01:01:31.664,0.8045,0.80471,1.13,2.25
2011.08.16 01:01:32.003,0.80449,0.80468,1.50,1.50
2011.08.16 01:01:32.233,0.80448,0.80468,1.50,1.50
2011.08.16 01:01:32.355,0.80448,0.80468,2.25,3.00
2011.08.16 01:01:32.911,0.80446,0.80467,1.50,1.50
2011.08.16 01:01:34.972,0.80445,0.80467,2.63,1.50
2011.08.16 01:01:35.576,0.80447,0.80468,1.50,1.50
2011.08.16 01:01:36.103,0.80448,0.80469,1.50,3.00
2011.08.16 01:01:36.964,0.80449,0.80469,1.13,3.00
2011.08.16 01:01:37.090,0.8045,0.80469,2.48,1.50
2011.08.16 01:01:37.315,0.80451,0.80472,1.88,1.50
2011.08.16 01:01:40.724,0.80455,0.80472,1.35,1.50
2011.08.16 01:01:40.954,0.80456,0.80479,1.73,1.50
2011.08.16 01:01:43.471,0.8046,0.8048,1.13,1.50
2011.08.16 01:01:43.804,0.80466,0.80484,1.50,1.88
2011.08.16 01:01:45.054,0.80466,0.80483,1.50,1.50
2011.08.16 01:01:48.304,0.80466,0.80481,1.50,2.10
2011.08.16 01:01:48.423,0.80464,0.80478,1.50,1.50
2011.08.16 01:01:48.547,0.80463,0.80477,1.88,1.50
2011.08.16 01:01:48.775,0.80469,0.80487,1.13,1.50
2011.08.16 01:01:49.265,0.8047,0.80491,1.50,1.50
2011.08.16 01:01:49.602,0.80471,0.80491,1.50,2.25
2011.08.16 01:01:50.162,0.80469,0.80489,1.50,1.88
2011.08.16 01:01:50.272,0.80467,0.80489,1.50,1.88
2011.08.16 01:01:50.392,0.80467,0.80489,1.50,1.88
2011.08.16 01:01:50.612,0.80469,0.80489,1.50,1.50
2011.08.16 01:01:51.873,0.80473,0.80491,1.13,1.50
2011.08.16 01:01:52.103,0.80473,0.80496,2.63,2.25
2011.08.16 01:01:52.662,0.80474,0.80496,1.50,1.50
2011.08.16 01:01:53.544,0.80479,0.80498,1.13,1.50
2011.08.16 01:01:53.664,0.8048,0.80499,1.50,1.50
2011.08.16 01:01:55.474,0.80479,0.80501,2.63,1.50
2011.08.16 01:01:55.703,0.80479,0.80501,2.63,1.50
2011.08.16 01:01:57.034,0.80481,0.80501,2.25,1.50
2011.08.16 01:01:57.374,0.80488,0.80507,1.88,1.50
2011.08.16 01:01:57.603,0.80488,0.80509,1.88,1.50
2011.08.16 01:01:59.515,0.80488,0.80505,1.50,1.13
2011.08.16 01:01:59.637,0.80483,0.80505,1.13,1.13
2011.08.16 01:02:00.061,0.80482,0.80499,1.50,2.93
2011.08.16 01:02:00.287,0.80479,0.80498,1.13,2.25
2011.08.16 01:02:00.515,0.80476,0.80495,1.50,1.35
2011.08.16 01:02:00.745,0.80473,0.80493,1.50,1.88
2011.08.16 01:02:01.086,0.80468,0.80489,1.50,1.73
2011.08.16 01:02:01.205,0.80468,0.80487,1.50,1.50
2011.08.16 01:02:01.765,0.80467,0.80487,1.13,1.50
2011.08.16 01:02:04.654,0.80466,0.80487,1.88,1.50
2011.08.16 01:02:10.522,0.80466,0.80486,1.50,1.13
2011.08.16 01:02:10.853,0.80461,0.80482,1.88,2.25
2011.08.16 01:02:11.633,0.80461,0.80482,2.10,2.25
2011.08.16 01:02:13.522,0.80461,0.80482,1.50,3.68
2011.08.16 01:02:14.083,0.80461,0.80482,1.50,3.68
2011.08.16 01:02:20.224,0.80461,0.80479,1.50,1.50
2011.08.16 01:02:20.562,0.8046,0.80481,2.25,1.50
2011.08.16 01:02:21.431,0.8046,0.80481,2.25,1.50
2011.08.16 01:02:21.875,0.8046,0.80481,1.50,2.25
2011.08.16 01:02:22.103,0.80461,0.80481,2.25,2.25
2011.08.16 01:02:24.131,0.80461,0.80481,1.50,2.25
2011.08.16 01:02:26.604,0.80461,0.80481,1.50,1.50
2011.08.16 01:02:27.713,0.80461,0.80481,1.50,2.25
2011.08.16 01:02:28.964,0.80459,0.80478,1.50,1.50
2011.08.16 01:02:29.194,0.80459,0.80477,1.50,2.25
2011.08.16 01:02:29.424,0.80456,0.80477,1.50,3.23
2011.08.16 01:02:29.764,0.80452,0.80473,2.25,2.25
2011.08.16 01:02:30.015,0.80452,0.80472,2.25,1.50
2011.08.16 01:02:30.355,0.80454,0.80471,1.50,1.13
2011.08.16 01:02:30.474,0.80452,0.80471,1.50,1.88
2011.08.16 01:02:31.033,0.80452,0.8047,1.50,2.25
2011.08.16 01:02:32.970,0.80452,0.80468,1.50,1.50
2011.08.16 01:02:33.632,0.80452,0.8047,1.50,3.00
2011.08.16 01:02:33.967,0.80452,0.80468,1.50,1.50
2011.08.16 01:02:34.085,0.80448,0.80465,1.50,1.13
2011.08.16 01:02:34.205,0.80445,0.80464,1.50,1.88
2011.08.16 01:02:34.734,0.80445,0.80465,2.25,1.50
2011.08.16 01:02:41.649,0.80446,0.80465,3.00,1.50
2011.08.16 01:02:41.987,0.8045,0.80465,1.50,1.50
2011.08.16 01:02:43.317,0.80445,0.80465,1.50,1.50
2011.08.16 01:02:43.439,0.80444,0.80463,2.25,1.13
2011.08.16 01:02:43.555,0.80444,0.80462,2.25,1.50
2011.08.16 01:02:43.785,0.80442,0.80459,1.13,1.13
2011.08.16 01:02:45.072,0.80441,0.80458,1.50,1.50
2011.08.16 01:02:45.982,0.80441,0.80458,1.50,1.50
2011.08.16 01:02:46.870,0.80441,0.80458,1.50,1.50
2011.08.16 01:02:47.642,0.80441,0.80458,1.50,1.50
2011.08.16 01:02:50.014,0.80437,0.80458,3.00,1.50
2011.08.16 01:02:50.805,0.80439,0.80458,1.50,2.93
2011.08.16 01:02:51.363,0.80439,0.80458,1.50,1.50
2011.08.16 01:02:51.483,0.80439,0.80457,1.50,1.50
2011.08.16 01:02:53.522,0.80436,0.80456,1.50,1.13
2011.08.16 01:02:54.074,0.80436,0.80454,1.50,1.13
2011.08.16 01:02:54.415,0.80434,0.80454,2.25,3.38
2011.08.16 01:02:59.466,0.80437,0.80456,1.50,1.50
2011.08.16 01:02:59.806,0.80437,0.80454,2.85,2.18
2011.08.16 01:03:00.227,0.80444,0.80461,1.50,1.50
2011.08.16 01:03:00.346,0.80444,0.80463,1.50,1.50
2011.08.16 01:03:00.578,0.80445,0.80465,2.25,3.68
2011.08.16 01:03:02.434,0.80444,0.80464,1.50,1.13
2011.08.16 01:03:02.558,0.80443,0.80464,2.25,1.13
2011.08.16 01:03:03.210,0.80444,0.80465,1.50,1.88
2011.08.16 01:03:03.764,0.80444,0.80465,1.50,3.30
2011.08.16 01:03:06.002,0.80446,0.80465,2.25,3.30
2011.08.16 01:03:10.945,0.80443,0.80466,1.50,2.63
2011.08.16 01:03:11.392,0.80443,0.80466,2.25,1.88
2011.08.16 01:03:11.941,0.80447,0.80466,1.50,1.50
2011.08.16 01:03:12.491,0.80447,0.80466,1.50,1.50
2011.08.16 01:03:13.623,0.80443,0.80463,1.50,1.50
2011.08.16 01:03:14.183,0.80442,0.80461,1.50,1.50
2011.08.16 01:03:14.895,0.80441,0.80461,1.50,2.25
2011.08.16 01:03:15.235,0.80441,0.80461,1.50,1.50
2011.08.16 01:03:15.575,0.80444,0.80463,1.50,1.50
2011.08.16 01:03:16.132,0.80443,0.80463,1.50,1.50
2011.08.16 01:03:17.016,0.80441,0.80459,1.50,1.13
2011.08.16 01:03:17.135,0.80439,0.80459,2.25,1.13
2011.08.16 01:03:17.362,0.80437,0.80458,1.50,1.13
2011.08.16 01:03:18.142,0.80436,0.80458,2.25,3.38
2011.08.16 01:03:18.256,0.80438,0.80458,1.50,1.88
2011.08.16 01:03:18.483,0.80437,0.80458,1.50,2.63
2011.08.16 01:03:19.514,0.80437,0.80458,1.88,1.50
2011.08.16 01:03:21.501,0.80438,0.80458,1.50,1.50
2011.08.16 01:03:22.712,0.80436,0.80458,2.25,3.00
2011.08.16 01:03:23.946,0.80436,0.80457,2.25,1.50
2011.08.16 01:03:25.334,0.80437,0.80457,1.50,1.50
2011.08.16 01:03:27.483,0.80435,0.80454,1.50,1.50
2011.08.16 01:03:27.602,0.80435,0.80454,1.50,1.50
2011.08.16 01:03:28.018,0.80435,0.80453,1.35,1.50
2011.08.16 01:03:28.134,0.80438,0.80458,1.50,2.63
2011.08.16 01:03:28.584,0.80438,0.80458,2.25,1.50
2011.08.16 01:03:31.422,0.8044,0.80459,1.50,2.25
2011.08.16 01:03:31.762,0.80443,0.80462,1.50,2.25
2011.08.16 01:03:33.473,0.80443,0.80463,1.50,1.50
2011.08.16 01:03:33.812,0.80439,0.80461,1.13,1.88
2011.08.16 01:03:34.264,0.80436,0.80459,1.50,1.50
2011.08.16 01:03:34.499,0.80434,0.80455,1.13,1.88
2011.08.16 01:03:34.832,0.80433,0.80453,1.35,1.13
2011.08.16 01:03:35.054,0.80433,0.80453,1.35,1.13
2011.08.16 01:03:35.392,0.80436,0.80456,1.50,1.88
2011.08.16 01:03:35.623,0.80437,0.8046,1.50,1.88
2011.08.16 01:03:36.185,0.80436,0.80456,1.13,1.50
2011.08.16 01:03:36.743,0.80435,0.80457,1.88,1.50
2011.08.16 01:03:38.203,0.80434,0.80456,1.13,1.50
2011.08.16 01:03:38.434,0.80434,0.80456,1.13,1.50
2011.08.16 01:03:39.831,0.80434,0.80456,1.13,1.50
2011.08.16 01:03:41.052,0.80432,0.80454,1.13,1.50
2011.08.16 01:03:41.722,0.80432,0.80454,1.13,1.50
2011.08.16 01:03:43.684,0.80438,0.80454,1.13,1.50
2011.08.16 01:03:43.802,0.80438,0.80457,1.13,2.25
2011.08.16 01:03:43.913,0.80437,0.80449,1.13,1.50
2011.08.16 01:03:44.145,0.8043,0.80447,1.50,2.18
2011.08.16 01:03:44.481,0.80426,0.80447,2.10,2.93
2011.08.16 01:03:44.602,0.80426,0.80449,2.10,1.50
2011.08.16 01:03:44.715,0.8043,0.80451,1.50,3.30
2011.08.16 01:03:44.832,0.8043,0.80451,1.50,1.13
2011.08.16 01:03:45.382,0.80431,0.80451,1.35,1.13
2011.08.16 01:03:45.932,0.8043,0.80451,1.50,1.13
2011.08.16 01:03:46.482,0.8043,0.80451,1.50,1.50
2011.08.16 01:03:47.212,0.8043,0.80452,1.50,1.88
2011.08.16 01:03:47.763,0.80431,0.80453,1.13,1.50
2011.08.16 01:03:47.882,0.80431,0.80456,1.13,2.25
2011.08.16 01:03:48.101,0.80431,0.80456,1.88,1.50
2011.08.16 01:03:49.361,0.80431,0.80456,1.88,1.50
2011.08.16 01:03:51.332,0.80431,0.80457,1.88,2.48
2011.08.16 01:03:51.561,0.80431,0.80457,1.88,3.23
2011.08.16 01:03:52.053,0.80431,0.80456,1.88,1.50
2011.08.16 01:03:55.643,0.80431,0.80456,1.88,2.25
2011.08.16 01:03:55.984,0.80427,0.8045,1.73,1.50
2011.08.16 01:03:56.541,0.80427,0.80449,1.73,1.50
2011.08.16 01:03:58.404,0.80427,0.80449,1.73,1.50
2011.08.16 01:03:59.512,0.80428,0.80449,1.13,1.50
2011.08.16 01:03:59.843,0.80427,0.80449,1.73,1.50
2011.08.16 01:04:00.402,0.80428,0.80449,1.13,1.50
2011.08.16 01:04:00.515,0.80432,0.80454,1.13,2.25
2011.08.16 01:04:00.746,0.8043,0.80453,1.13,1.50
2011.08.16 01:04:01.306,0.80429,0.80454,1.50,1.88
2011.08.16 01:04:01.862,0.8043,0.80451,1.50,1.50
2011.08.16 01:04:02.305,0.80431,0.80454,1.50,1.13
2011.08.16 01:04:02.534,0.80429,0.80454,1.50,1.13
2011.08.16 01:04:03.928,0.80428,0.80453,1.13,1.13
2011.08.16 01:04:04.703,0.80428,0.80449,1.88,1.50
2011.08.16 01:04:05.043,0.80429,0.80452,1.50,1.13
2011.08.16 01:04:05.273,0.80429,0.80452,1.50,1.13
2011.08.16 01:04:05.943,0.80427,0.80451,1.35,1.50
2011.08.16 01:04:06.066,0.80426,0.80447,1.35,1.50
2011.08.16 01:04:06.405,0.80427,0.80451,2.85,1.50
2011.08.16 01:04:14.312,0.80429,0.80451,1.50,1.50
2011.08.16 01:04:14.863,0.80428,0.80452,1.50,1.13
2011.08.16 01:04:16.194,0.8043,0.80455,1.13,2.63
2011.08.16 01:04:16.424,0.80435,0.80455,1.13,1.50
2011.08.16 01:04:17.354,0.80436,0.80457,1.50,1.50
2011.08.16 01:04:17.479,0.80436,0.80459,1.35,1.13
2011.08.16 01:04:19.006,0.80435,0.80455,1.50,1.13
2011.08.16 01:04:19.123,0.80431,0.80455,1.13,1.13
2011.08.16 01:04:19.466,0.80429,0.80454,1.50,1.88
2011.08.16 01:04:19.805,0.80426,0.80444,2.93,1.50
2011.08.16 01:04:19.923,0.80423,0.80444,2.48,1.50
2011.08.16 01:04:20.154,0.80426,0.80451,1.13,1.50
2011.08.16 01:04:20.382,0.80429,0.80451,1.50,1.50
2011.08.16 01:04:23.152,0.8043,0.8045,1.50,1.13
2011.08.16 01:04:23.273,0.80429,0.80449,1.50,1.13
2011.08.16 01:04:23.502,0.80426,0.80449,2.25,1.13
2011.08.16 01:04:24.713,0.80428,0.80453,1.13,3.90
2011.08.16 01:04:24.945,0.80429,0.8045,1.50,1.13
2011.08.16 01:04:25.393,0.80428,0.80452,1.13,1.13
2011.08.16 01:04:25.512,0.80429,0.80452,1.50,1.13
2011.08.16 01:04:25.842,0.80426,0.8045,1.50,1.13
2011.08.16 01:04:26.391,0.80426,0.8045,1.50,1.13
2011.08.16 01:04:26.722,0.80427,0.8045,1.50,1.13
2011.08.16 01:04:28.183,0.80426,0.8045,1.88,1.88
2011.08.16 01:04:29.071,0.80426,0.8045,2.63,1.88
2011.08.16 01:04:34.491,0.80424,0.80448,1.35,1.50
2011.08.16 01:04:35.435,0.80425,0.80448,1.50,1.50
2011.08.16 01:04:35.552,0.80427,0.80449,1.13,1.50
2011.08.16 01:04:36.101,0.80429,0.80452,1.50,1.88
2011.08.16 01:04:36.324,0.80429,0.80452,1.50,2.48
2011.08.16 01:04:36.773,0.80425,0.80448,1.50,1.88
2011.08.16 01:04:37.117,0.80424,0.80445,1.35,1.13
2011.08.16 01:04:37.705,0.80423,0.80445,1.35,1.13
2011.08.16 01:04:40.070,0.80422,0.80445,1.50,1.73
2011.08.16 01:04:44.242,0.8042,0.8044,2.25,2.10
2011.08.16 01:04:44.583,0.80415,0.80437,1.50,1.13
2011.08.16 01:04:44.814,0.80417,0.80439,1.35,1.50
2011.08.16 01:04:45.264,0.80417,0.8044,2.10,1.13
2011.08.16 01:04:45.942,0.8042,0.80442,1.50,1.13
2011.08.16 01:04:46.705,0.80426,0.80444,2.48,3.68
2011.08.16 01:04:46.934,0.8043,0.80452,1.50,1.13
2011.08.16 01:04:50.325,0.80432,0.80456,1.50,1.88
2011.08.16 01:04:50.553,0.80434,0.80456,1.50,1.13
2011.08.16 01:04:53.742,0.80435,0.80459,1.35,2.93
2011.08.16 01:04:54.072,0.80437,0.80461,2.25,1.13
2011.08.16 01:04:56.004,0.80439,0.80463,1.73,2.63
2011.08.16 01:04:56.342,0.80439,0.80463,2.48,1.13
2011.08.16 01:04:56.920,0.80441,0.80465,1.50,1.13
2011.08.16 01:04:57.476,0.80444,0.80465,1.50,2.93
2011.08.16 01:04:58.033,0.80441,0.80463,1.50,1.35
2011.08.16 01:04:58.641,0.80441,0.80463,1.50,1.35
2011.08.16 01:04:59.412,0.80441,0.80463,1.50,1.35
2011.08.16 01:05:00.071,0.80441,0.80464,1.50,1.73
2011.08.16 01:05:00.573,0.80441,0.80463,1.50,1.35
2011.08.16 01:05:01.025,0.80441,0.80464,1.88,1.35
2011.08.16 01:05:01.253,0.80443,0.80467,1.50,6.23
2011.08.16 01:05:01.647,0.80443,0.80467,2.10,1.13
2011.08.16 01:05:02.268,0.80443,0.80468,2.10,1.13
2011.08.16 01:05:03.576,0.80443,0.80466,1.50,1.13
2011.08.16 01:05:04.132,0.80443,0.80466,1.50,1.88
2011.08.16 01:05:04.243,0.80443,0.80466,1.50,1.13
2011.08.16 01:05:04.362,0.80443,0.80467,1.50,3.60
2011.08.16 01:05:07.191,0.80443,0.80466,1.50,1.13
2011.08.16 01:05:09.715,0.80446,0.80468,1.13,1.50
2011.08.16 01:05:10.055,0.80452,0.80474,1.50,2.63
2011.08.16 01:05:10.176,0.80452,0.80475,1.50,1.13
2011.08.16 01:05:10.294,0.80456,0.80477,1.50,3.68
2011.08.16 01:05:10.636,0.80457,0.80479,1.88,1.35
2011.08.16 01:05:10.865,0.80457,0.80482,1.13,1.73
2011.08.16 01:05:11.426,0.8046,0.80482,1.50,1.73
2011.08.16 01:05:11.547,0.80461,0.80485,1.13,1.88
2011.08.16 01:05:11.665,0.80461,0.80485,1.88,1.88
2011.08.16 01:05:11.893,0.80462,0.80487,1.50,4.13
2011.08.16 01:05:13.224,0.80463,0.8049,2.25,2.25
2011.08.16 01:05:13.455,0.80463,0.8049,2.25,1.50
2011.08.16 01:05:13.575,0.80468,0.80494,1.50,3.75
2011.08.16 01:05:13.913,0.80465,0.8049,1.50,1.13
2011.08.16 01:05:14.854,0.80465,0.8049,1.50,1.13
2011.08.16 01:05:15.514,0.80465,0.8049,1.50,1.13
2011.08.16 01:05:15.867,0.80465,0.80486,1.50,1.13
2011.08.16 01:05:16.443,0.80461,0.80483,1.50,1.13
2011.08.16 01:05:16.562,0.80459,0.80483,1.50,1.13
2011.08.16 01:05:17.402,0.80461,0.80485,1.88,2.48
2011.08.16 01:05:17.845,0.80464,0.80486,1.50,1.73
2011.08.16 01:05:22.302,0.80466,0.80489,1.88,1.35
2011.08.16 01:05:22.521,0.80466,0.80489,1.88,1.35
2011.08.16 01:05:23.803,0.80466,0.80487,1.50,1.73
2011.08.16 01:05:25.255,0.80466,0.80488,1.50,1.73
2011.08.16 01:05:28.564,0.80461,0.80485,1.50,1.35
2011.08.16 01:05:29.067,0.80465,0.80489,1.50,3.90
2011.08.16 01:05:29.405,0.80465,0.80489,1.50,1.73
2011.08.16 01:05:29.633,0.80465,0.80489,2.10,1.13
2011.08.16 01:05:29.754,0.80467,0.8049,1.13,1.88
2011.08.16 01:05:31.213,0.80469,0.80492,1.13,1.50
2011.08.16 01:05:31.443,0.80472,0.80495,1.50,1.35
2011.08.16 01:05:36.233,0.80466,0.8049,1.13,1.50
2011.08.16 01:05:37.483,0.80465,0.8049,2.10,1.88
2011.08.16 01:05:37.603,0.80465,0.80488,1.35,1.13
2011.08.16 01:05:40.313,0.80465,0.80488,1.35,1.13
2011.08.16 01:05:40.983,0.80466,0.80489,1.13,1.50
2011.08.16 01:05:41.214,0.80466,0.8049,1.13,1.13
2011.08.16 01:05:41.332,0.80466,0.8049,1.13,1.13
2011.08.16 01:05:41.554,0.80466,0.80491,1.13,1.13
2011.08.16 01:05:42.226,0.80467,0.80492,1.50,1.13
2011.08.16 01:05:43.296,0.8047,0.80493,1.13,1.50
2011.08.16 01:05:43.412,0.8047,0.80495,1.13,7.35
2011.08.16 01:05:43.522,0.80472,0.80495,1.50,5.48
2011.08.16 01:05:44.733,0.8047,0.80491,1.50,1.13
2011.08.16 01:05:45.073,0.80465,0.8049,2.10,1.13
2011.08.16 01:05:45.732,0.80465,0.80489,1.35,1.88
2011.08.16 01:05:46.282,0.80465,0.80489,1.35,1.13
2011.08.16 01:05:47.973,0.80466,0.80491,1.13,3.30
2011.08.16 01:05:48.094,0.80467,0.80492,1.50,2.25
2011.08.16 01:05:48.215,0.80472,0.80494,1.73,4.50
2011.08.16 01:05:48.553,0.80472,0.80491,1.35,1.13
2011.08.16 01:05:48.674,0.80472,0.80492,1.73,1.50
2011.08.16 01:05:49.015,0.80474,0.80496,1.50,1.13
2011.08.16 01:05:49.442,0.80474,0.80497,1.50,1.50
2011.08.16 01:05:51.695,0.80472,0.80494,1.35,1.13
2011.08.16 01:05:52.037,0.8047,0.8049,1.13,1.35
2011.08.16 01:05:52.263,0.80467,0.80489,1.50,1.73
2011.08.16 01:05:52.385,0.80464,0.80488,2.63,1.50
2011.08.16 01:05:52.614,0.80469,0.80492,1.50,1.35
2011.08.16 01:05:53.173,0.80469,0.80491,1.50,1.35
2011.08.16 01:05:53.653,0.80469,0.80493,1.50,1.88
2011.08.16 01:05:54.527,0.80469,0.80493,1.50,1.13
2011.08.16 01:05:56.534,0.80466,0.80489,2.48,1.50
2011.08.16 01:05:57.094,0.80466,0.80488,1.50,2.63
2011.08.16 01:05:57.652,0.80466,0.80487,1.50,1.88
2011.08.16 01:06:00.213,0.80466,0.80486,1.50,1.73
2011.08.16 01:06:00.446,0.80462,0.80485,1.13,2.85
2011.08.16 01:06:00.674,0.80463,0.80485,1.50,2.10
2011.08.16 01:06:01.233,0.80467,0.80485,1.50,1.35
2011.08.16 01:06:01.792,0.80467,0.80487,1.50,3.00
2011.08.16 01:06:03.183,0.80465,0.80484,1.50,1.13
2011.08.16 01:06:03.512,0.80461,0.80484,1.50,1.88
2011.08.16 01:06:03.843,0.80459,0.80483,2.25,1.13
2011.08.16 01:06:04.078,0.80459,0.80481,1.50,1.88
2011.08.16 01:06:04.196,0.80455,0.80479,1.50,1.13
2011.08.16 01:06:04.426,0.80454,0.80476,2.10,2.63
2011.08.16 01:06:04.546,0.80454,0.80476,1.50,2.63
2011.08.16 01:06:05.090,0.80454,0.80476,1.50,1.88
2011.08.16 01:06:05.424,0.80454,0.80476,1.50,1.88
2011.08.16 01:06:05.544,0.80455,0.80476,1.50,1.13
2011.08.16 01:06:06.554,0.80455,0.80477,1.50,1.50
2011.08.16 01:06:08.973,0.80457,0.80476,1.50,3.68
2011.08.16 01:06:09.093,0.80458,0.80476,1.50,2.93
2011.08.16 01:06:09.215,0.80458,0.80479,1.50,2.63
2011.08.16 01:06:09.782,0.80458,0.80479,1.50,3.38
2011.08.16 01:06:11.513,0.80458,0.80479,1.50,3.38
2011.08.16 01:06:12.296,0.80457,0.80478,1.50,3.00
2011.08.16 01:06:12.524,0.80454,0.80477,1.50,3.68
2011.08.16 01:06:13.232,0.80454,0.80475,1.50,1.13
2011.08.16 01:06:17.053,0.80454,0.80476,1.50,2.25
2011.08.16 01:06:17.393,0.80452,0.80475,2.85,1.13
2011.08.16 01:06:18.183,0.80453,0.80474,1.50,1.13
2011.08.16 01:06:18.742,0.80452,0.80473,2.10,1.13
2011.08.16 01:06:20.213,0.80453,0.80477,1.88,2.63
2011.08.16 01:06:20.333,0.80454,0.80477,2.10,1.88
2011.08.16 01:06:20.443,0.80457,0.80477,1.50,1.13
2011.08.16 01:06:21.434,0.80456,0.80477,1.50,1.88
2011.08.16 01:06:21.773,0.80454,0.80475,1.35,1.13
2011.08.16 01:06:22.551,0.80451,0.80473,2.25,1.13
2011.08.16 01:06:23.704,0.80454,0.80476,1.50,3.68
2011.08.16 01:06:23.933,0.80454,0.80476,1.50,3.00
2011.08.16 01:06:24.494,0.80452,0.80473,1.50,1.50
2011.08.16 01:06:24.613,0.8045,0.80469,2.10,1.13
2011.08.16 01:06:26.595,0.80452,0.80472,1.50,1.50
2011.08.16 01:06:27.042,0.80452,0.80474,1.50,1.88
2011.08.16 01:06:27.151,0.80452,0.80474,1.50,1.13
2011.08.16 01:06:27.373,0.80452,0.80474,2.10,1.13
2011.08.16 01:06:27.932,0.80452,0.80474,1.50,1.13
2011.08.16 01:06:28.482,0.80452,0.80474,1.50,1.88
2011.08.16 01:06:29.033,0.80452,0.80474,1.50,1.13
2011.08.16 01:06:29.593,0.80452,0.80475,1.50,1.88
2011.08.16 01:06:29.813,0.80452,0.80474,1.50,1.13
2011.08.16 01:06:30.284,0.80452,0.80475,1.50,1.88
2011.08.16 01:06:30.842,0.80452,0.80474,1.50,1.13
2011.08.16 01:06:32.393,0.80452,0.80473,1.50,1.50
2011.08.16 01:06:32.807,0.80452,0.80474,1.50,1.13
2011.08.16 01:06:33.163,0.80452,0.80474,1.50,1.13
2011.08.16 01:06:33.493,0.80452,0.80476,1.50,6.15
2011.08.16 01:06:37.724,0.80452,0.80476,1.50,1.73
2011.08.16 01:06:38.342,0.80455,0.80475,1.50,1.13
2011.08.16 01:06:39.494,0.80454,0.80474,1.35,1.13
2011.08.16 01:06:41.003,0.80454,0.80477,1.35,1.13
2011.08.16 01:06:41.723,0.80454,0.80478,1.35,1.50
2011.08.16 01:06:42.272,0.80455,0.80479,1.50,1.88
2011.08.16 01:06:43.513,0.80455,0.80478,1.50,1.13
2011.08.16 01:06:47.222,0.80454,0.80477,2.85,1.88
2011.08.16 01:06:47.771,0.80454,0.80477,1.50,1.13
2011.08.16 01:06:47.996,0.8046,0.80478,2.85,1.50
2011.08.16 01:06:48.407,0.80465,0.80485,1.50,1.13
2011.08.16 01:06:48.528,0.80465,0.80487,2.25,1.13
2011.08.16 01:06:49.372,0.80466,0.80488,1.50,1.88
2011.08.16 01:06:50.034,0.80465,0.80488,1.50,1.88
2011.08.16 01:06:50.482,0.80465,0.80487,1.50,1.13
2011.08.16 01:06:58.102,0.80466,0.80486,1.50,1.13
2011.08.16 01:06:58.693,0.80466,0.80486,1.50,1.13
2011.08.16 01:06:59.362,0.80466,0.80486,1.50,1.88
2011.08.16 01:07:00.313,0.80466,0.80485,1.50,1.13
2011.08.16 01:07:00.906,0.80465,0.80485,1.50,2.85
2011.08.16 01:07:01.137,0.80458,0.80481,2.25,2.10
2011.08.16 01:07:01.256,0.80458,0.80476,1.50,1.50
2011.08.16 01:07:01.596,0.80449,0.80473,2.10,1.13
2011.08.16 01:07:01.717,0.80448,0.8047,1.50,1.73
2011.08.16 01:07:01.944,0.80445,0.80466,1.13,1.35
2011.08.16 01:07:02.064,0.80445,0.80467,1.73,1.50
2011.08.16 01:07:02.184,0.80447,0.80472,1.88,1.50
2011.08.16 01:07:04.439,0.80447,0.80469,1.88,1.50
2011.08.16 01:07:04.664,0.80447,0.80471,1.88,1.50
2011.08.16 01:07:05.472,0.80447,0.80469,1.88,1.50
2011.08.16 01:07:06.085,0.80447,0.80471,1.88,2.25
2011.08.16 01:07:06.646,0.80445,0.80468,2.10,1.50
2011.08.16 01:07:06.767,0.80443,0.80462,1.13,1.50
2011.08.16 01:07:06.887,0.8044,0.80461,1.35,1.50
2011.08.16 01:07:07.009,0.80436,0.80455,1.88,1.50
2011.08.16 01:07:07.237,0.80433,0.80455,1.73,1.50
2011.08.16 01:07:07.355,0.80433,0.80455,1.13,2.25
2011.08.16 01:07:07.583,0.8043,0.80454,1.13,1.13
2011.08.16 01:07:08.556,0.8043,0.80452,1.13,1.50
2011.08.16 01:07:08.892,0.80429,0.80451,1.13,1.50
2011.08.16 01:07:09.333,0.80429,0.80454,1.88,2.63
2011.08.16 01:07:09.674,0.80428,0.80449,1.35,2.25
2011.08.16 01:07:10.015,0.80426,0.80449,1.50,2.25
2011.08.16 01:07:10.139,0.80425,0.80445,1.50,1.50
2011.08.16 01:07:10.259,0.80421,0.80445,1.13,1.50
2011.08.16 01:07:10.702,0.8042,0.80441,1.88,1.50
2011.08.16 01:07:11.480,0.80419,0.80437,1.50,2.10
2011.08.16 01:07:11.706,0.80409,0.8043,2.10,1.50
2011.08.16 01:07:12.742,0.8041,0.80434,2.10,2.25
2011.08.16 01:07:13.982,0.8041,0.80435,1.35,1.50
2011.08.16 01:07:14.092,0.8041,0.80436,1.35,1.50
2011.08.16 01:07:14.975,0.80419,0.80437,1.50,1.35
2011.08.16 01:07:15.096,0.80419,0.80438,1.50,1.50
2011.08.16 01:07:15.325,0.80421,0.80444,1.35,2.25
2011.08.16 01:07:16.302,0.80421,0.80445,2.10,1.50
2011.08.16 01:07:16.962,0.80422,0.80447,1.50,1.50
2011.08.16 01:07:17.512,0.80423,0.80447,1.50,1.50
2011.08.16 01:07:18.044,0.80425,0.80448,1.13,1.50
2011.08.16 01:07:18.171,0.80428,0.8045,1.13,4.43
2011.08.16 01:07:18.511,0.80431,0.80453,1.50,2.25
2011.08.16 01:07:18.627,0.80431,0.80453,1.50,1.50
2011.08.16 01:07:19.185,0.8043,0.80452,1.50,1.50
2011.08.16 01:07:20.074,0.80432,0.80454,1.13,1.50
2011.08.16 01:07:20.196,0.80434,0.80454,1.35,1.50
2011.08.16 01:07:22.413,0.80433,0.80454,1.35,1.50
2011.08.16 01:07:22.757,0.80432,0.80452,1.35,1.50
2011.08.16 01:07:23.348,0.80431,0.80455,1.73,1.50
2011.08.16 01:07:23.469,0.80433,0.80455,2.48,1.50
2011.08.16 01:07:23.700,0.80433,0.80455,1.73,1.50
2011.08.16 01:07:24.256,0.80429,0.80453,2.48,1.50
2011.08.16 01:07:24.964,0.80433,0.80453,1.13,1.50
2011.08.16 01:07:25.082,0.80433,0.80455,1.88,1.50
2011.08.16 01:07:25.413,0.80436,0.80456,1.13,1.50
2011.08.16 01:07:25.531,0.80436,0.80456,1.13,1.50
2011.08.16 01:07:27.193,0.80434,0.80457,1.35,1.50
2011.08.16 01:07:27.762,0.80434,0.80457,1.35,1.50
2011.08.16 01:07:29.633,0.80432,0.80455,1.13,1.50
2011.08.16 01:07:30.004,0.80431,0.80455,1.88,1.88
2011.08.16 01:07:40.483,0.80431,0.80453,1.13,1.50
2011.08.16 01:07:42.443,0.80431,0.80451,1.13,1.50
2011.08.16 01:07:43.033,0.80431,0.80451,1.13,1.50
2011.08.16 01:07:43.369,0.80435,0.80457,2.48,1.50
2011.08.16 01:07:43.486,0.80437,0.80457,2.63,1.50
2011.08.16 01:07:43.712,0.80438,0.8046,2.25,1.50
2011.08.16 01:07:44.263,0.80438,0.8046,2.25,2.25
2011.08.16 01:07:45.006,0.80437,0.80458,1.50,1.13
2011.08.16 01:07:45.124,0.80435,0.80457,1.50,1.50
2011.08.16 01:07:45.474,0.80435,0.80458,1.50,1.88
2011.08.16 01:07:45.814,0.80434,0.80457,1.13,1.50
2011.08.16 01:07:47.303,0.80435,0.80458,1.50,1.13
2011.08.16 01:07:47.654,0.80437,0.8046,1.50,1.50
2011.08.16 01:07:47.885,0.80439,0.80461,1.50,1.50
2011.08.16 01:07:49.304,0.80441,0.80463,3.23,1.50
2011.08.16 01:07:49.426,0.80443,0.80465,1.13,1.50
2011.08.16 01:07:49.762,0.80443,0.80465,1.13,1.50
2011.08.16 01:07:49.874,0.80444,0.80466,2.93,1.50
2011.08.16 01:07:50.761,0.80443,0.80465,1.13,1.50
2011.08.16 01:07:51.982,0.80443,0.80467,1.13,1.50
2011.08.16 01:07:52.203,0.80445,0.80467,1.35,1.50
2011.08.16 01:07:52.762,0.80443,0.80467,1.88,1.50
2011.08.16 01:07:53.313,0.80443,0.80467,1.88,1.50
2011.08.16 01:07:53.873,0.80443,0.80468,1.88,1.88
2011.08.16 01:07:54.675,0.80442,0.80465,3.68,1.35
2011.08.16 01:07:54.793,0.80442,0.80465,1.50,1.35
2011.08.16 01:07:55.123,0.80437,0.80461,2.48,1.50
2011.08.16 01:07:56.615,0.80438,0.80461,1.73,1.50
2011.08.16 01:07:56.737,0.80441,0.80463,1.50,1.50
2011.08.16 01:07:57.186,0.80442,0.80464,2.93,1.50
2011.08.16 01:07:57.834,0.80442,0.80465,3.68,1.35
2011.08.16 01:07:59.664,0.80442,0.80465,3.53,1.50
2011.08.16 01:08:00.223,0.80442,0.80463,2.78,1.13
2011.08.16 01:08:00.562,0.80442,0.80463,2.78,1.13
2011.08.16 01:08:08.744,0.8044,0.8046,1.50,1.50
2011.08.16 01:08:08.975,0.80437,0.80459,1.13,1.50
2011.08.16 01:08:09.532,0.80437,0.80457,1.88,1.50
2011.08.16 01:08:10.115,0.80437,0.80457,1.88,1.50
2011.08.16 01:08:10.234,0.80437,0.80462,3.98,1.50
2011.08.16 01:08:10.354,0.80441,0.80462,1.35,1.50
2011.08.16 01:08:10.912,0.80442,0.80462,1.50,1.50
2011.08.16 01:08:19.652,0.80441,0.80463,1.35,1.50
2011.08.16 01:08:20.361,0.80442,0.80463,1.50,1.50
2011.08.16 01:08:21.023,0.80442,0.80464,1.50,1.50
2011.08.16 01:08:22.403,0.80442,0.80465,1.50,1.50
2011.08.16 01:08:23.033,0.80442,0.80467,1.50,1.13
2011.08.16 01:08:23.813,0.80442,0.80465,1.50,1.50
2011.08.16 01:08:24.322,0.80442,0.80464,1.50,1.50
2011.08.16 01:08:24.941,0.80442,0.80465,1.50,1.50
2011.08.16 01:08:25.793,0.80442,0.80464,1.88,1.50
2011.08.16 01:08:26.024,0.80442,0.80466,1.13,1.13
2011.08.16 01:08:29.630,0.80442,0.80465,1.13,1.50
2011.08.16 01:08:32.084,0.80442,0.80465,1.88,1.50
2011.08.16 01:08:33.543,0.80442,0.80465,1.88,1.50
2011.08.16 01:08:39.103,0.80442,0.80466,1.13,1.13
2011.08.16 01:08:40.036,0.80442,0.80466,1.13,1.13
2011.08.16 01:08:40.753,0.80442,0.80467,1.13,1.13
2011.08.16 01:08:43.762,0.80442,0.80466,1.13,1.13
2011.08.16 01:08:44.184,0.80442,0.80466,1.13,1.13
2011.08.16 01:08:45.012,0.80442,0.80466,1.13,1.13
2011.08.16 01:08:47.725,0.80442,0.80466,1.13,1.13
2011.08.16 01:08:48.732,0.80442,0.80466,1.13,1.13
2011.08.16 01:08:53.614,0.80442,0.80467,1.50,1.88
2011.08.16 01:08:53.955,0.80442,0.80467,1.50,1.13
2011.08.16 01:08:55.472,0.80442,0.80467,1.50,1.13
2011.08.16 01:08:56.334,0.80441,0.80467,2.85,1.88
2011.08.16 01:08:56.453,0.80441,0.80466,2.25,2.10
2011.08.16 01:08:56.793,0.80441,0.80464,1.50,1.13
2011.08.16 01:08:57.248,0.80438,0.80458,1.50,2.10
2011.08.16 01:08:57.587,0.80437,0.8046,1.50,3.23
2011.08.16 01:08:57.706,0.80437,0.80458,1.50,1.35
2011.08.16 01:08:57.826,0.80436,0.80457,1.50,1.13
2011.08.16 01:08:58.053,0.80436,0.80457,2.25,1.13
2011.08.16 01:08:59.283,0.80431,0.80454,1.50,1.50
2011.08.16 01:08:59.505,0.80431,0.80453,1.50,2.18
2011.08.16 01:09:00.064,0.80433,0.80456,1.73,2.25
2011.08.16 01:09:00.404,0.80435,0.80456,1.88,1.50
2011.08.16 01:09:00.633,0.80435,0.80457,1.88,1.50
2011.08.16 01:09:01.327,0.80435,0.80456,1.50,1.88
2011.08.16 01:09:01.664,0.80428,0.80449,2.25,2.93
2011.08.16 01:09:02.252,0.80428,0.8045,1.50,1.50
2011.08.16 01:09:02.363,0.80428,0.8045,1.50,1.50
2011.08.16 01:09:02.585,0.80427,0.80448,1.35,1.50
2011.08.16 01:09:02.705,0.80426,0.80448,1.35,1.50
2011.08.16 01:09:03.045,0.80426,0.80449,1.13,1.35
2011.08.16 01:09:03.703,0.80428,0.80449,1.50,1.35
2011.08.16 01:09:06.693,0.80429,0.80449,1.13,1.50
2011.08.16 01:09:07.036,0.80431,0.80454,1.73,1.50
2011.08.16 01:09:07.156,0.80434,0.80456,1.50,1.13
2011.08.16 01:09:07.713,0.80434,0.80457,1.50,1.88
2011.08.16 01:09:07.943,0.80434,0.80457,1.50,2.25
2011.08.16 01:09:08.064,0.80431,0.80453,1.50,1.13
2011.08.16 01:09:08.297,0.80431,0.80453,1.13,2.18
2011.08.16 01:09:08.421,0.80435,0.80458,2.25,1.50
2011.08.16 01:09:08.539,0.80436,0.8046,1.50,1.88
2011.08.16 01:09:08.764,0.80435,0.80455,1.50,1.35
2011.08.16 01:09:08.996,0.80434,0.80456,1.50,1.13
2011.08.16 01:09:09.222,0.80434,0.8046,2.63,1.73
2011.08.16 01:09:10.944,0.80434,0.8046,2.63,1.73
2011.08.16 01:09:11.945,0.80434,0.80459,2.63,1.50
2011.08.16 01:09:12.504,0.80436,0.80459,1.50,1.50
2011.08.16 01:09:13.459,0.80435,0.80459,2.25,1.50
2011.08.16 01:09:13.687,0.80437,0.80461,1.13,3.68
2011.08.16 01:09:13.804,0.80437,0.80461,1.88,1.50
2011.08.16 01:09:14.335,0.80437,0.8046,2.63,1.50
2011.08.16 01:09:18.483,0.8044,0.80463,1.13,1.50
2011.08.16 01:09:19.031,0.80441,0.80463,1.13,1.50
2011.08.16 01:09:19.362,0.80441,0.80465,1.88,2.10
2011.08.16 01:09:19.696,0.80441,0.80465,1.88,2.10
2011.08.16 01:09:19.814,0.80441,0.80465,2.63,1.35
2011.08.16 01:09:21.065,0.8044,0.80462,1.13,1.50
2011.08.16 01:09:21.185,0.80438,0.80462,1.50,2.48
2011.08.16 01:09:21.743,0.80438,0.80462,1.50,2.48
2011.08.16 01:09:22.292,0.80435,0.80459,1.50,1.13
2011.08.16 01:09:24.907,0.80439,0.80462,2.25,1.73
2011.08.16 01:09:25.029,0.80439,0.80462,2.25,1.73
2011.08.16 01:09:25.254,0.80436,0.80461,1.13,1.50
2011.08.16 01:09:25.795,0.80435,0.80459,1.50,1.88
2011.08.16 01:09:27.265,0.80435,0.80459,1.50,1.13
2011.08.16 01:09:27.384,0.80434,0.80457,2.25,2.55
2011.08.16 01:09:27.944,0.80434,0.80457,1.50,3.30
2011.08.16 01:09:35.757,0.80433,0.80455,2.10,1.50
2011.08.16 01:10:25.316,0.80435,0.80455,1.35,2.18
2011.08.16 01:10:25.545,0.80437,0.80458,1.50,1.13
2011.08.16 01:10:26.104,0.80437,0.80459,1.50,3.30
2011.08.16 01:10:27.772,0.80437,0.80459,1.50,2.93
2011.08.16 01:10:27.884,0.80441,0.80462,1.50,1.50
2011.08.16 01:10:28.442,0.8044,0.80461,1.35,1.13
2011.08.16 01:10:30.962,0.8044,0.80462,1.35,2.55
2011.08.16 01:10:36.212,0.8044,0.80462,1.35,2.18
2011.08.16 01:10:36.762,0.8044,0.80463,1.35,1.13
2011.08.16 01:10:42.474,0.80439,0.80463,2.63,2.10
2011.08.16 01:10:42.594,0.80439,0.80461,1.88,1.13
2011.08.16 01:10:42.824,0.80438,0.8046,2.25,2.55
2011.08.16 01:10:44.273,0.80439,0.80462,1.50,1.13
2011.08.16 01:10:44.824,0.80439,0.80463,1.50,2.78
2011.08.16 01:10:44.944,0.80443,0.80466,1.50,3.30
2011.08.16 01:10:45.451,0.80441,0.80464,1.50,1.50
2011.08.16 01:10:45.796,0.80439,0.80463,2.10,3.30
2011.08.16 01:10:46.353,0.80439,0.80463,2.10,4.05
2011.08.16 01:10:49.184,0.80439,0.80463,2.48,3.68
2011.08.16 01:10:49.303,0.80442,0.80463,1.35,2.18
2011.08.16 01:10:49.424,0.80442,0.80466,1.35,1.13
2011.08.16 01:10:49.982,0.80442,0.80467,1.35,4.05
2011.08.16 01:10:50.755,0.80446,0.80467,1.13,2.93
2011.08.16 01:10:50.985,0.80447,0.80469,1.88,1.35
2011.08.16 01:10:52.734,0.80448,0.80469,1.13,1.35
2011.08.16 01:10:52.854,0.80448,0.80472,2.48,2.25
2011.08.16 01:10:55.842,0.8045,0.80473,1.13,1.50
2011.08.16 01:11:00.023,0.80448,0.80472,1.88,1.88
2011.08.16 01:11:01.675,0.80448,0.8047,1.50,1.13
2011.08.16 01:11:01.903,0.80447,0.80468,1.13,1.13
2011.08.16 01:11:05.676,0.80446,0.80468,1.50,1.73
2011.08.16 01:11:06.072,0.80441,0.80465,1.50,1.13
2011.08.16 01:11:07.634,0.80441,0.80465,1.50,1.13
2011.08.16 01:11:09.424,0.8044,0.80464,1.35,3.30
2011.08.16 01:11:09.543,0.80439,0.80461,1.50,1.13
2011.08.16 01:11:10.083,0.80439,0.80461,1.50,1.13
2011.08.16 01:11:13.332,0.80439,0.80461,1.50,1.13
2011.08.16 01:11:13.772,0.80438,0.80461,1.50,1.13
2011.08.16 01:11:14.685,0.80438,0.80459,1.50,1.13
2011.08.16 01:11:15.235,0.80438,0.80459,1.50,1.13
2011.08.16 01:11:15.794,0.80437,0.80457,1.50,1.13
2011.08.16 01:11:16.132,0.80434,0.80457,2.25,3.30
2011.08.16 01:11:16.692,0.80434,0.80457,2.25,3.30
2011.08.16 01:11:18.996,0.80436,0.80455,1.50,1.13
2011.08.16 01:11:19.226,0.80433,0.80455,1.50,1.88
2011.08.16 01:11:19.345,0.80431,0.80455,1.13,1.88
2011.08.16 01:11:20.773,0.80431,0.80455,1.13,1.88
2011.08.16 01:11:22.874,0.8043,0.80452,1.13,1.50
2011.08.16 01:11:23.675,0.80429,0.8045,1.13,1.50
2011.08.16 01:11:23.908,0.80427,0.8045,3.38,1.88
2011.08.16 01:11:28.564,0.80429,0.80447,1.50,1.50
2011.08.16 01:11:28.794,0.80429,0.8044,1.50,1.13
2011.08.16 01:11:28.914,0.80417,0.80439,1.50,1.13
2011.08.16 01:11:29.143,0.80414,0.80437,1.50,1.50
2011.08.16 01:11:29.474,0.80412,0.80434,1.50,1.88
2011.08.16 01:11:30.544,0.8041,0.80431,1.50,1.13
2011.08.16 01:11:30.666,0.80409,0.80431,1.35,1.13
2011.08.16 01:11:31.117,0.8041,0.80431,1.35,1.88
2011.08.16 01:11:32.814,0.8041,0.8043,1.35,1.50
2011.08.16 01:11:33.263,0.80405,0.80427,1.50,1.73
2011.08.16 01:11:33.596,0.80405,0.80427,1.50,2.48
2011.08.16 01:11:34.863,0.80405,0.80427,1.50,1.88
2011.08.16 01:11:36.552,0.80405,0.80427,1.50,1.88
2011.08.16 01:11:38.822,0.80405,0.80427,2.25,1.88
2011.08.16 01:11:39.389,0.80406,0.80429,2.25,1.50
2011.08.16 01:11:39.508,0.80406,0.8043,1.50,1.50
2011.08.16 01:11:40.013,0.80406,0.80429,1.50,1.50
2011.08.16 01:11:41.034,0.80406,0.80431,2.10,2.63
2011.08.16 01:11:41.812,0.80406,0.80429,2.10,1.50
2011.08.16 01:11:44.665,0.80406,0.80429,1.35,1.50
2011.08.16 01:11:45.335,0.80404,0.80427,1.50,1.50
2011.08.16 01:11:45.564,0.80403,0.80423,1.50,1.50
2011.08.16 01:11:45.795,0.80402,0.80423,1.73,1.50
2011.08.16 01:11:46.352,0.80402,0.80423,1.35,1.50
2011.08.16 01:11:49.823,0.80402,0.8042,1.35,1.50
2011.08.16 01:11:51.756,0.80402,0.80422,2.25,1.50
2011.08.16 01:11:51.873,0.80403,0.80423,1.50,3.68
2011.08.16 01:11:52.844,0.80405,0.80423,1.13,1.50
2011.08.16 01:11:54.844,0.80403,0.80425,1.13,1.50
2011.08.16 01:11:56.971,0.80404,0.80423,1.50,2.18
2011.08.16 01:11:57.308,0.80402,0.80423,1.50,2.18
2011.08.16 01:11:57.757,0.80401,0.80423,1.88,3.68
2011.08.16 01:12:05.675,0.80402,0.80424,1.50,1.50
2011.08.16 01:12:05.795,0.80402,0.80426,2.25,4.43
2011.08.16 01:12:09.392,0.80406,0.80427,1.13,1.50
2011.08.16 01:12:14.444,0.80406,0.80427,1.13,1.50
2011.08.16 01:12:14.893,0.80407,0.80427,1.50,1.50
2011.08.16 01:12:15.553,0.80409,0.80431,1.13,1.50
2011.08.16 01:12:16.793,0.80411,0.80433,1.50,2.10
2011.08.16 01:12:17.236,0.80413,0.80435,1.13,2.25
2011.08.16 01:12:17.464,0.80413,0.80435,1.50,1.50
2011.08.16 01:12:17.805,0.80418,0.80439,1.50,1.50
2011.08.16 01:12:24.897,0.80418,0.8044,1.50,1.35
2011.08.16 01:12:25.233,0.80419,0.80441,1.50,2.25
2011.08.16 01:12:25.463,0.80421,0.80443,1.50,1.13
2011.08.16 01:12:27.453,0.80421,0.80443,1.50,1.88
2011.08.16 01:12:27.963,0.80419,0.80443,2.63,1.88
2011.08.16 01:12:30.672,0.80419,0.80441,2.25,1.50
2011.08.16 01:12:31.579,0.80419,0.80441,2.25,1.50
2011.08.16 01:12:36.555,0.80421,0.80444,2.93,2.25
2011.08.16 01:12:37.126,0.80422,0.80444,1.50,1.50
2011.08.16 01:12:40.703,0.80422,0.80444,2.25,2.25
2011.08.16 01:12:43.562,0.80424,0.80445,1.50,1.50
2011.08.16 01:12:43.894,0.80427,0.80449,1.35,1.50
2011.08.16 01:12:44.017,0.8043,0.80453,1.88,1.50
2011.08.16 01:12:44.245,0.80432,0.80455,1.73,1.13
2011.08.16 01:12:44.365,0.80435,0.80456,1.50,1.13
2011.08.16 01:12:48.134,0.80434,0.80455,2.25,1.13
2011.08.16 01:12:51.493,0.80436,0.80456,1.50,1.50
2011.08.16 01:12:51.825,0.80434,0.80457,2.85,1.50
2011.08.16 01:12:52.053,0.80436,0.80458,1.50,1.50
2011.08.16 01:12:53.223,0.80438,0.8046,1.50,1.13
2011.08.16 01:12:53.773,0.80438,0.8046,1.50,1.13
2011.08.16 01:12:55.213,0.80438,0.8046,1.50,1.13
2011.08.16 01:12:55.802,0.80437,0.80459,1.50,1.88
2011.08.16 01:12:59.204,0.80438,0.80462,1.50,1.50
2011.08.16 01:12:59.545,0.80441,0.80464,1.13,1.50
2011.08.16 01:12:59.773,0.80444,0.80465,1.50,1.13
2011.08.16 01:13:00.133,0.80444,0.80465,1.50,1.13
2011.08.16 01:13:00.804,0.80447,0.80469,1.50,5.40
2011.08.16 01:13:01.363,0.80447,0.80469,1.50,3.23
2011.08.16 01:13:01.916,0.80447,0.80467,1.50,1.50
2011.08.16 01:13:02.253,0.80447,0.80467,1.50,1.50
2011.08.16 01:13:02.363,0.80447,0.80467,1.50,1.50
2011.08.16 01:13:03.692,0.80447,0.80467,1.50,1.50
2011.08.16 01:13:06.184,0.80447,0.80467,1.50,1.50
2011.08.16 01:13:09.316,0.80447,0.80468,1.50,2.25
2011.08.16 01:13:10.623,0.80447,0.80468,1.50,2.25
2011.08.16 01:13:10.955,0.80447,0.80466,1.50,1.13
2011.08.16 01:13:11.074,0.80447,0.80466,1.50,1.88
2011.08.16 01:13:11.196,0.80443,0.80466,1.50,3.75
2011.08.16 01:13:11.314,0.80442,0.80461,1.50,1.13
2011.08.16 01:13:11.543,0.80439,0.80461,1.50,1.13
2011.08.16 01:13:13.598,0.80439,0.8046,1.50,1.13
2011.08.16 01:13:16.144,0.80439,0.8046,1.50,1.13
2011.08.16 01:13:17.155,0.80439,0.80461,1.50,2.63
2011.08.16 01:13:17.704,0.80439,0.80461,1.50,2.63
2011.08.16 01:13:18.473,0.80439,0.8046,1.50,1.35
2011.08.16 01:13:18.585,0.80437,0.80458,1.50,1.88
2011.08.16 01:13:18.705,0.80435,0.80457,1.50,1.50
2011.08.16 01:13:19.264,0.80432,0.80455,1.50,1.73
2011.08.16 01:13:19.824,0.80433,0.80455,1.50,1.88
2011.08.16 01:13:20.397,0.80431,0.80452,1.50,1.50
2011.08.16 01:13:20.902,0.80431,0.80452,1.50,1.50
2011.08.16 01:13:21.455,0.80431,0.80451,1.50,1.13
2011.08.16 01:13:21.574,0.80429,0.80451,3.00,1.88
2011.08.16 01:13:21.793,0.80428,0.80451,2.25,1.88
2011.08.16 01:13:22.353,0.80428,0.80451,2.25,1.13
2011.08.16 01:13:23.244,0.80428,0.8045,1.50,3.00
2011.08.16 01:13:23.473,0.80425,0.80447,1.50,1.13
2011.08.16 01:13:25.492,0.80425,0.80447,1.50,1.73
2011.08.16 01:13:31.936,0.80429,0.8045,1.13,1.50
2011.08.16 01:13:32.054,0.80429,0.80451,1.13,1.35
2011.08.16 01:13:32.613,0.80431,0.80451,1.50,1.35
2011.08.16 01:13:50.884,0.80432,0.80451,1.50,1.73
2011.08.16 01:13:51.228,0.80429,0.8045,1.50,1.50
2011.08.16 01:13:51.786,0.80426,0.80449,1.35,1.50
2011.08.16 01:13:58.447,0.80428,0.80449,1.50,1.50
2011.08.16 01:13:58.896,0.8043,0.80452,1.50,2.25
2011.08.16 01:13:59.235,0.80432,0.80453,1.50,1.13
2011.08.16 01:14:16.475,0.8043,0.80452,1.50,2.25
2011.08.16 01:14:16.709,0.80429,0.80451,1.13,2.25
2011.08.16 01:14:17.044,0.80425,0.80446,1.50,1.13
2011.08.16 01:14:27.282,0.80423,0.80446,2.85,1.13
2011.08.16 01:14:29.892,0.80423,0.80446,2.85,1.13
2011.08.16 01:14:36.477,0.80423,0.80446,2.10,1.13
2011.08.16 01:14:36.704,0.80423,0.80446,3.60,1.13
2011.08.16 01:14:37.046,0.80426,0.80449,1.50,1.50
2011.08.16 01:14:37.383,0.80428,0.8045,1.35,1.13
2011.08.16 01:14:37.498,0.80436,0.80453,1.35,1.50
2011.08.16 01:14:37.836,0.80443,0.80461,1.50,1.88
2011.08.16 01:14:37.954,0.8044,0.80461,1.88,1.50
2011.08.16 01:14:38.066,0.80444,0.80463,1.50,1.95
2011.08.16 01:14:38.572,0.80447,0.80469,1.50,4.58
2011.08.16 01:14:39.134,0.80448,0.8047,1.50,3.08
2011.08.16 01:14:41.484,0.80448,0.80469,1.50,2.33
2011.08.16 01:14:42.404,0.80448,0.80469,1.50,1.58
2011.08.16 01:14:42.637,0.80445,0.80464,2.25,1.20
2011.08.16 01:14:43.194,0.80445,0.80464,1.50,1.20
2011.08.16 01:14:46.365,0.80445,0.80467,1.88,1.95
2011.08.16 01:14:46.923,0.80448,0.80467,1.50,1.58
2011.08.16 01:14:51.674,0.80449,0.80468,1.50,1.20
2011.08.16 01:14:51.795,0.8045,0.80471,1.13,1.50
2011.08.16 01:14:51.914,0.80455,0.80472,1.35,1.13
2011.08.16 01:14:52.147,0.80455,0.80474,2.10,1.50
2011.08.16 01:14:52.703,0.80453,0.80474,1.50,1.13
2011.08.16 01:14:54.614,0.80454,0.80476,1.88,2.10
2011.08.16 01:14:54.843,0.80454,0.80476,1.13,2.10
2011.08.16 01:14:55.503,0.80453,0.80474,1.50,1.13
2011.08.16 01:14:55.833,0.80453,0.80474,2.25,1.13
2011.08.16 01:14:59.004,0.80453,0.8047,1.50,1.35
2011.08.16 01:14:59.886,0.80452,0.80472,2.25,1.50
2011.08.16 01:15:02.205,0.80454,0.80475,1.50,1.88
2011.08.16 01:15:03.173,0.80454,0.80474,1.50,1.88
2011.08.16 01:15:05.014,0.80454,0.80475,1.50,1.88
2011.08.16 01:15:05.124,0.80454,0.80475,1.50,1.13
2011.08.16 01:15:05.356,0.80454,0.80475,2.25,1.13
2011.08.16 01:15:08.033,0.80454,0.80475,1.50,1.88
2011.08.16 01:15:09.925,0.80454,0.80474,1.50,1.50
2011.08.16 01:15:10.925,0.8045,0.80473,2.10,1.88
2011.08.16 01:15:11.046,0.8045,0.80473,1.35,1.88
2011.08.16 01:15:11.383,0.8045,0.80473,1.35,1.88
2011.08.16 01:15:13.103,0.80451,0.80471,1.35,2.25
2011.08.16 01:15:14.204,0.80451,0.80471,1.73,1.50
2011.08.16 01:15:14.326,0.80452,0.80472,1.50,1.50
2011.08.16 01:15:14.939,0.80451,0.80471,3.90,1.50
2011.08.16 01:15:16.243,0.80451,0.80471,3.90,1.50
2011.08.16 01:15:18.344,0.80451,0.80471,3.90,1.50
2011.08.16 01:15:18.903,0.80451,0.80471,3.15,1.50
2011.08.16 01:15:19.465,0.80451,0.80471,3.90,1.50
2011.08.16 01:15:20.023,0.80451,0.80471,3.90,1.50
2011.08.16 01:15:20.633,0.80451,0.80471,3.90,1.50
2011.08.16 01:15:21.242,0.80451,0.80471,3.90,1.50
2011.08.16 01:15:25.584,0.80451,0.80471,1.35,1.50
2011.08.16 01:15:26.112,0.80451,0.80471,1.35,1.50
2011.08.16 01:15:29.216,0.8045,0.80471,1.50,1.50
2011.08.16 01:15:29.774,0.80448,0.80471,2.93,1.50
2011.08.16 01:15:30.844,0.80447,0.80469,1.35,1.13
2011.08.16 01:15:39.403,0.80446,0.80469,1.50,1.88
2011.08.16 01:15:41.184,0.80445,0.80469,3.60,1.13
2011.08.16 01:15:41.523,0.80445,0.80468,2.85,1.50
2011.08.16 01:15:42.075,0.80445,0.80464,1.50,1.13
2011.08.16 01:15:42.303,0.80445,0.80464,1.50,1.13
2011.08.16 01:15:42.884,0.80445,0.80465,1.50,1.88
2011.08.16 01:15:47.133,0.80445,0.80464,1.50,1.13
2011.08.16 01:15:48.933,0.80445,0.80464,1.50,1.13
2011.08.16 01:15:49.483,0.80448,0.80464,1.50,1.13
2011.08.16 01:15:49.924,0.80448,0.80467,1.50,2.63
2011.08.16 01:15:50.494,0.80449,0.80467,1.50,2.63
2011.08.16 01:15:51.947,0.80449,0.80464,1.50,1.13
2011.08.16 01:15:52.506,0.80449,0.80466,1.50,1.50
2011.08.16 01:15:53.114,0.80449,0.80467,1.50,2.25
2011.08.16 01:15:55.453,0.80449,0.80468,1.50,1.13
2011.08.16 01:15:58.583,0.80448,0.80468,1.50,1.13
2011.08.16 01:15:58.695,0.80448,0.80467,1.50,1.50
2011.08.16 01:15:59.147,0.80446,0.80467,1.50,1.88
2011.08.16 01:15:59.763,0.80446,0.80467,1.50,1.88
2011.08.16 01:16:00.749,0.80447,0.80467,1.50,1.88
2011.08.16 01:16:01.085,0.80448,0.80467,2.25,1.13
2011.08.16 01:16:01.693,0.80448,0.80467,2.25,1.13
2011.08.16 01:16:02.414,0.80448,0.80467,2.25,1.13
2011.08.16 01:16:07.474,0.80449,0.80467,1.50,1.13
2011.08.16 01:16:08.016,0.80448,0.80467,2.25,1.13
2011.08.16 01:16:08.896,0.80448,0.80466,2.25,1.13
2011.08.16 01:16:09.016,0.80448,0.80464,1.50,3.68
2011.08.16 01:16:09.575,0.80443,0.80461,1.50,1.50
2011.08.16 01:16:10.553,0.80443,0.80461,1.20,1.50
2011.08.16 01:16:10.884,0.80442,0.8046,1.20,2.10
2011.08.16 01:16:11.223,0.80436,0.80457,1.61,1.50
2011.08.16 01:16:11.775,0.80437,0.80459,1.61,1.50
2011.08.16 01:16:12.655,0.80438,0.8046,1.61,2.85
2011.08.16 01:16:12.888,0.80438,0.8046,1.61,2.85
2011.08.16 01:16:13.855,0.80443,0.8046,1.23,2.10
2011.08.16 01:16:14.415,0.80445,0.80463,1.36,1.50
2011.08.16 01:16:14.645,0.80448,0.80465,1.36,1.50
2011.08.16 01:16:14.983,0.80448,0.80467,1.36,2.25
2011.08.16 01:16:15.973,0.80447,0.80467,1.36,2.25
2011.08.16 01:16:17.503,0.80447,0.80467,1.36,2.25
2011.08.16 01:16:17.726,0.80447,0.80466,1.36,1.88
2011.08.16 01:16:18.062,0.80444,0.80463,1.36,1.50
2011.08.16 01:16:18.285,0.80446,0.80464,1.36,3.38
2011.08.16 01:16:18.846,0.80447,0.80467,1.36,2.48
2011.08.16 01:16:19.423,0.80448,0.80468,2.11,1.50
2011.08.16 01:16:20.573,0.80448,0.80468,2.11,1.50
2011.08.16 01:16:20.683,0.80452,0.80468,1.13,1.50
2011.08.16 01:16:21.014,0.80456,0.80475,1.50,2.25
2011.08.16 01:16:21.407,0.80452,0.80474,1.50,1.50
2011.08.16 01:16:21.743,0.80452,0.80473,1.50,2.25
2011.08.16 01:16:25.742,0.8045,0.80473,1.13,2.25
2011.08.16 01:16:26.184,0.8045,0.80471,1.13,1.50
2011.08.16 01:16:26.529,0.80446,0.80466,1.36,1.50
2011.08.16 01:16:26.644,0.80446,0.80469,1.36,2.25
2011.08.16 01:16:26.766,0.80447,0.80469,1.36,2.25
2011.08.16 01:16:27.326,0.80447,0.80469,1.36,2.25
2011.08.16 01:16:27.443,0.80447,0.80469,1.36,3.60
2011.08.16 01:16:27.995,0.80447,0.80465,1.36,1.13
2011.08.16 01:16:28.444,0.80447,0.80467,1.36,4.43
2011.08.16 01:16:29.365,0.80448,0.80467,1.23,1.13
2011.08.16 01:16:30.090,0.80447,0.80468,2.11,4.05
2011.08.16 01:16:30.646,0.80447,0.80466,1.36,2.18
2011.08.16 01:16:30.984,0.80449,0.8047,1.50,1.13
2011.08.16 01:16:31.215,0.80448,0.80468,1.61,1.13
2011.08.16 01:16:31.663,0.80448,0.8047,2.48,1.88
2011.08.16 01:16:32.218,0.80446,0.80463,2.11,1.13
2011.08.16 01:16:32.995,0.80446,0.80463,2.11,1.13
2011.08.16 01:16:33.678,0.80447,0.80465,1.36,1.13
2011.08.16 01:16:34.385,0.80448,0.80468,1.36,1.88
2011.08.16 01:16:34.617,0.80446,0.80466,2.11,1.13
2011.08.16 01:16:35.479,0.80446,0.80467,2.11,1.88
2011.08.16 01:16:35.602,0.80446,0.80464,2.11,1.13
2011.08.16 01:16:36.264,0.80445,0.80465,1.36,1.13
2011.08.16 01:16:36.825,0.80447,0.80464,2.11,1.13
2011.08.16 01:16:38.068,0.80447,0.80467,1.36,1.88
2011.08.16 01:16:39.503,0.80448,0.80469,1.83,3.68
2011.08.16 01:16:39.616,0.80452,0.80471,1.50,2.25
2011.08.16 01:16:39.955,0.80453,0.80469,2.25,1.13
2011.08.16 01:16:40.185,0.80449,0.80469,1.61,1.13
2011.08.16 01:16:41.397,0.80449,0.80469,1.50,1.13
2011.08.16 01:16:43.534,0.80448,0.80469,1.61,1.13
2011.08.16 01:16:44.565,0.80447,0.80467,1.36,1.13
2011.08.16 01:16:45.451,0.80447,0.80467,1.36,1.13
2011.08.16 01:16:46.191,0.80447,0.80467,1.36,1.13
2011.08.16 01:16:48.353,0.80447,0.80467,1.36,1.13
2011.08.16 01:16:48.902,0.80447,0.80467,1.36,1.13
2011.08.16 01:16:49.563,0.80447,0.80466,1.36,1.50
2011.08.16 01:16:50.112,0.80447,0.80466,1.36,1.50
2011.08.16 01:16:50.663,0.80447,0.80466,1.36,1.50
2011.08.16 01:16:51.235,0.80445,0.80464,1.36,1.13
2011.08.16 01:16:51.793,0.80446,0.80465,1.36,2.25
2011.08.16 01:16:52.235,0.80447,0.80463,1.36,1.35
2011.08.16 01:16:52.794,0.80439,0.80459,1.36,1.13
2011.08.16 01:16:53.355,0.8044,0.8046,1.36,1.88
2011.08.16 01:16:55.434,0.8044,0.80462,2.86,1.13
2011.08.16 01:16:56.234,0.80438,0.8046,1.36,1.50
2011.08.16 01:16:56.784,0.8044,0.8046,1.36,1.50
2011.08.16 01:16:57.532,0.8044,0.80462,1.36,1.13
2011.08.16 01:16:57.795,0.80443,0.80463,1.36,1.88
2011.08.16 01:16:58.522,0.80443,0.80463,1.36,1.88
2011.08.16 01:16:59.423,0.80442,0.80463,1.36,1.88
2011.08.16 01:16:59.642,0.80442,0.80462,1.36,1.13
2011.08.16 01:16:59.753,0.80442,0.80462,1.36,1.13
2011.08.16 01:17:00.494,0.80441,0.80462,1.36,1.13
2011.08.16 01:17:03.567,0.80441,0.80461,1.36,1.50
2011.08.16 01:17:04.126,0.80438,0.8046,1.36,1.50
2011.08.16 01:17:04.244,0.80439,0.80462,2.11,1.13
2011.08.16 01:17:04.772,0.80441,0.80463,1.36,2.63
2011.08.16 01:17:05.322,0.80439,0.80463,1.66,2.63
2011.08.16 01:17:05.994,0.80441,0.80463,1.13,2.63
2011.08.16 01:17:07.873,0.80441,0.80463,1.13,2.63
2011.08.16 01:17:10.132,0.80439,0.80462,1.13,1.50
2011.08.16 01:17:13.804,0.80442,0.80463,1.13,1.88
2011.08.16 01:17:19.843,0.8044,0.80462,1.13,1.88
2011.08.16 01:17:21.065,0.8044,0.80462,1.13,1.88
2011.08.16 01:17:23.324,0.8044,0.80462,1.13,1.50
2011.08.16 01:17:33.715,0.8044,0.80462,1.13,1.13
2011.08.16 01:17:40.864,0.8044,0.80462,1.13,1.50
2011.08.16 01:17:45.543,0.8044,0.80462,1.13,1.50
2011.08.16 01:17:46.244,0.8044,0.80462,1.13,1.88
2011.08.16 01:17:49.096,0.8044,0.80462,1.13,1.88
2011.08.16 01:17:49.769,0.80438,0.80455,1.88,1.13
2011.08.16 01:17:49.999,0.80435,0.80455,1.73,1.50
2011.08.16 01:17:50.334,0.80437,0.80461,1.13,1.88
2011.08.16 01:17:52.134,0.8044,0.80461,1.26,1.50
2011.08.16 01:17:53.515,0.8044,0.8046,1.26,1.73
2011.08.16 01:17:53.853,0.80437,0.80459,1.26,1.88
2011.08.16 01:17:58.205,0.80434,0.80452,1.02,2.48
2011.08.16 01:17:58.812,0.80429,0.80452,2.37,2.48
2011.08.16 01:17:59.453,0.80434,0.80452,1.02,2.48
2011.08.16 01:18:00.634,0.80428,0.80452,2.25,3.23
2011.08.16 01:18:00.965,0.80429,0.80452,1.72,3.23
2011.08.16 01:18:01.675,0.80428,0.80452,2.25,3.23
2011.08.16 01:18:01.904,0.80433,0.80451,1.18,1.50
2011.08.16 01:18:04.344,0.80428,0.80451,2.38,1.50
2011.08.16 01:18:05.480,0.80432,0.80452,1.26,1.35
2011.08.16 01:18:09.153,0.80428,0.80449,2.38,1.50
2011.08.16 01:18:09.705,0.80427,0.80445,1.26,1.13
2011.08.16 01:18:10.153,0.80425,0.80445,1.26,1.50
2011.08.16 01:18:10.703,0.80424,0.80445,1.82,1.50
2011.08.16 01:18:11.973,0.80424,0.80445,1.82,1.50
2011.08.16 01:18:12.624,0.80424,0.80445,1.26,1.50
2011.08.16 01:18:13.148,0.80424,0.80445,1.26,1.50
2011.08.16 01:18:13.663,0.80424,0.80445,1.26,1.50
2011.08.16 01:18:14.214,0.80424,0.80445,1.97,1.50
2011.08.16 01:18:14.782,0.80424,0.80445,1.26,1.50
2011.08.16 01:18:17.025,0.80424,0.80445,1.26,1.50
2011.08.16 01:18:20.743,0.80424,0.80445,1.26,1.50
2011.08.16 01:18:21.773,0.80424,0.80446,1.26,2.25
2011.08.16 01:18:22.323,0.80426,0.80446,1.26,2.25
2011.08.16 01:18:29.804,0.80428,0.80448,1.26,1.50
2011.08.16 01:18:30.023,0.80428,0.80448,1.26,1.50
2011.08.16 01:18:33.328,0.80428,0.80448,1.26,1.50
2011.08.16 01:18:33.897,0.80428,0.80448,1.26,2.25
2011.08.16 01:18:34.531,0.80435,0.80455,1.73,1.50
2011.08.16 01:18:34.648,0.80437,0.8046,2.10,1.50
2011.08.16 01:18:34.878,0.80437,0.80461,2.10,2.25
2011.08.16 01:18:37.364,0.80437,0.80461,2.10,2.25
2011.08.16 01:18:37.743,0.80437,0.80461,1.50,2.25
2011.08.16 01:18:39.481,0.80444,0.80464,1.50,2.25
2011.08.16 01:18:40.958,0.80442,0.80464,1.50,3.23
2011.08.16 01:18:41.076,0.80442,0.80464,1.50,3.98
2011.08.16 01:18:41.795,0.8044,0.80464,4.80,2.25
2011.08.16 01:18:41.913,0.8044,0.80464,4.80,2.25
2011.08.16 01:18:42.574,0.80446,0.80464,2.93,2.25
2011.08.16 01:18:42.913,0.80449,0.80466,1.50,1.50
2011.08.16 01:18:43.024,0.80451,0.80469,1.50,2.63
2011.08.16 01:18:46.573,0.80451,0.80469,2.38,1.50
2011.08.16 01:18:48.016,0.80452,0.80471,1.26,1.88
2011.08.16 01:18:50.465,0.80451,0.8047,1.26,1.88
2011.08.16 01:18:52.808,0.80446,0.80469,1.26,1.50
2011.08.16 01:18:52.926,0.80446,0.80467,1.26,1.50
2011.08.16 01:18:53.484,0.80445,0.80467,1.26,2.25
2011.08.16 01:18:54.044,0.80445,0.80466,1.26,1.35
2011.08.16 01:18:59.434,0.80445,0.80466,1.26,1.35
2011.08.16 01:19:00.484,0.80445,0.80466,1.26,1.73
2011.08.16 01:19:22.663,0.80445,0.80465,1.26,3.00
2011.08.16 01:19:22.997,0.80444,0.80462,1.05,3.00
2011.08.16 01:19:23.229,0.80437,0.80462,1.88,4.05
2011.08.16 01:19:23.348,0.80444,0.8046,1.15,1.50
2011.08.16 01:19:23.573,0.80437,0.80461,1.88,1.50
2011.08.16 01:19:23.793,0.80441,0.80461,1.28,1.50
2011.08.16 01:19:24.124,0.80437,0.80461,1.88,1.50
2011.08.16 01:19:26.234,0.80438,0.80461,2.63,1.50
2011.08.16 01:19:26.463,0.80439,0.80461,1.63,1.50
2011.08.16 01:19:29.104,0.80441,0.80462,1.26,1.50
2011.08.16 01:19:31.006,0.80449,0.80463,1.13,2.18
2011.08.16 01:19:31.237,0.80449,0.8047,1.50,1.13
2011.08.16 01:19:31.794,0.80447,0.80469,1.88,1.13
2011.08.16 01:19:33.214,0.8045,0.80469,1.88,1.50
2011.08.16 01:19:33.553,0.80452,0.80474,2.25,2.25
2011.08.16 01:19:33.665,0.80455,0.80475,1.13,1.50
2011.08.16 01:19:33.895,0.80455,0.80477,1.88,2.63
2011.08.16 01:19:34.953,0.80455,0.80477,1.88,1.13
2011.08.16 01:19:35.288,0.8046,0.80481,1.50,1.50
2011.08.16 01:19:35.625,0.80463,0.80483,1.88,1.35
2011.08.16 01:19:35.855,0.80459,0.80482,4.43,1.13
2011.08.16 01:19:37.363,0.80459,0.80482,2.25,1.13
2011.08.16 01:19:39.714,0.80462,0.80483,1.88,1.50
2011.08.16 01:19:40.053,0.80463,0.80485,1.13,2.48
2011.08.16 01:19:40.163,0.80463,0.80485,1.13,2.48
2011.08.16 01:19:42.716,0.80463,0.80485,1.50,2.10
2011.08.16 01:19:42.948,0.80467,0.80489,1.50,1.50
2011.08.16 01:19:43.288,0.80466,0.80487,1.13,2.25
2011.08.16 01:19:43.737,0.80464,0.80486,2.10,1.13
2011.08.16 01:19:44.073,0.80464,0.80486,1.50,1.88
2011.08.16 01:19:44.589,0.80463,0.80486,1.50,1.88
2011.08.16 01:19:48.173,0.80464,0.80485,1.50,1.13
2011.08.16 01:19:50.353,0.80464,0.80486,2.25,1.13
2011.08.16 01:19:50.574,0.80467,0.80488,2.25,1.13
2011.08.16 01:19:51.143,0.80467,0.80488,3.00,1.13
2011.08.16 01:19:52.834,0.80467,0.80489,3.75,2.25
2011.08.16 01:19:53.065,0.80467,0.80486,2.25,1.13
2011.08.16 01:19:53.623,0.80465,0.80486,1.50,1.13
2011.08.16 01:19:53.955,0.80465,0.80486,1.50,3.75
2011.08.16 01:19:54.513,0.80462,0.80484,2.25,2.25
2011.08.16 01:19:56.096,0.80465,0.80487,2.25,5.18
2011.08.16 01:19:57.886,0.80466,0.80487,1.50,3.00
2011.08.16 01:20:00.244,0.80465,0.80487,3.00,2.25
2011.08.16 01:20:00.466,0.80465,0.80486,1.50,2.25
2011.08.16 01:20:00.584,0.80464,0.80483,2.18,1.13
2011.08.16 01:20:00.693,0.8046,0.80483,5.78,1.13
2011.08.16 01:20:00.803,0.80461,0.80483,1.50,1.13
2011.08.16 01:20:01.424,0.80461,0.80483,1.50,1.50
2011.08.16 01:20:01.545,0.80461,0.8048,1.50,1.13
2011.08.16 01:20:02.062,0.80458,0.8048,3.75,1.88
2011.08.16 01:20:02.613,0.8046,0.80482,1.88,2.63
2011.08.16 01:20:02.834,0.8046,0.80482,4.05,1.13
2011.08.16 01:20:08.724,0.8046,0.80482,2.93,1.35
2011.08.16 01:20:09.068,0.80457,0.80479,1.50,3.75
2011.08.16 01:20:09.404,0.80453,0.80475,1.26,2.10
2011.08.16 01:20:09.524,0.80453,0.80475,1.26,2.85
2011.08.16 01:20:10.750,0.80458,0.80476,1.50,1.50
2011.08.16 01:20:11.086,0.80453,0.80475,1.26,3.75
2011.08.16 01:20:11.536,0.80453,0.80475,1.26,1.88
2011.08.16 01:20:12.634,0.8045,0.80473,6.06,1.13
2011.08.16 01:20:15.058,0.80453,0.80475,1.63,2.25
2011.08.16 01:20:15.179,0.80453,0.80475,1.63,2.25
2011.08.16 01:20:15.739,0.80454,0.80475,1.13,2.25
2011.08.16 01:20:16.352,0.80453,0.80477,3.13,2.48
2011.08.16 01:20:17.137,0.80458,0.80479,1.88,1.50
2011.08.16 01:20:17.694,0.80458,0.80479,1.13,1.50
2011.08.16 01:20:31.293,0.80456,0.80479,2.25,3.75
2011.08.16 01:20:31.406,0.80456,0.80478,1.50,1.50
2011.08.16 01:20:31.743,0.80453,0.80474,2.38,1.50
2011.08.16 01:20:36.404,0.80453,0.80474,1.63,2.85
2011.08.16 01:20:38.497,0.80451,0.80473,2.76,1.50
2011.08.16 01:20:39.055,0.80448,0.8047,2.01,1.35
2011.08.16 01:20:39.395,0.80447,0.80466,1.26,1.50
2011.08.16 01:20:40.287,0.80448,0.80468,2.01,2.18
2011.08.16 01:20:40.514,0.80448,0.8047,2.01,2.10
2011.08.16 01:20:41.997,0.80451,0.80472,2.01,3.68
2011.08.16 01:20:42.224,0.80454,0.80474,1.13,1.50
2011.08.16 01:20:42.884,0.80455,0.80476,1.50,2.93
2011.08.16 01:20:44.434,0.80455,0.80475,1.50,1.50
2011.08.16 01:20:44.874,0.8045,0.80473,2.01,1.88
2011.08.16 01:20:44.995,0.8045,0.80468,1.26,1.13
2011.08.16 01:20:46.635,0.80451,0.8047,1.26,2.10
2011.08.16 01:20:47.195,0.8045,0.8047,2.38,2.10
2011.08.16 01:20:48.004,0.80452,0.80471,1.26,1.50
2011.08.16 01:20:48.336,0.80456,0.80475,1.50,1.50
2011.08.16 01:20:49.004,0.80453,0.80475,2.01,1.13
2011.08.16 01:20:49.335,0.80457,0.80477,2.10,1.50
2011.08.16 01:20:49.665,0.80457,0.80478,2.10,1.13
2011.08.16 01:20:51.165,0.80458,0.80478,1.50,1.13
2011.08.16 01:20:52.227,0.80458,0.80478,1.50,2.25
2011.08.16 01:20:52.346,0.80456,0.80478,1.50,3.00
2011.08.16 01:20:52.573,0.80454,0.80476,1.50,1.50
2011.08.16 01:20:54.385,0.80454,0.80477,1.88,1.13
2011.08.16 01:20:54.505,0.80458,0.80478,1.50,1.13
2011.08.16 01:20:57.445,0.80457,0.80478,2.25,1.73
2011.08.16 01:20:57.784,0.80453,0.80476,2.76,1.50
2011.08.16 01:20:59.394,0.80454,0.80476,1.48,1.50
2011.08.16 01:20:59.506,0.80455,0.80478,1.35,1.88
2011.08.16 01:20:59.625,0.80457,0.80478,1.50,1.13
2011.08.16 01:20:59.745,0.80458,0.80478,2.25,1.13
2011.08.16 01:20:59.864,0.80458,0.80478,1.50,1.88
2011.08.16 01:21:00.084,0.80454,0.80478,1.13,2.63
2011.08.16 01:21:00.454,0.80453,0.80475,2.76,1.13
2011.08.16 01:21:00.783,0.80457,0.80478,2.25,2.25
2011.08.16 01:21:04.645,0.8046,0.80478,1.50,2.25
2011.08.16 01:21:04.773,0.80465,0.8048,1.50,2.25
2011.08.16 01:21:04.890,0.80466,0.8048,1.50,1.50
2011.08.16 01:21:05.006,0.80466,0.80484,1.50,2.25
2011.08.16 01:21:05.349,0.80462,0.80482,1.50,1.13
2011.08.16 01:21:05.575,0.80466,0.80484,1.50,2.25
2011.08.16 01:21:06.244,0.80466,0.80486,1.50,2.63
2011.08.16 01:21:09.216,0.80466,0.80486,2.25,2.63
2011.08.16 01:21:09.664,0.80469,0.80488,1.50,1.13
2011.08.16 01:21:11.937,0.80475,0.80489,1.50,1.50
2011.08.16 01:21:12.063,0.80477,0.80493,1.50,1.50
2011.08.16 01:21:12.177,0.80477,0.80495,1.50,1.13
2011.08.16 01:21:16.793,0.80475,0.80495,1.50,1.13
2011.08.16 01:21:17.343,0.80475,0.80495,1.50,1.13
2011.08.16 01:21:22.485,0.80475,0.80496,2.25,1.50
2011.08.16 01:21:31.364,0.80475,0.80496,1.50,1.50
2011.08.16 01:21:36.127,0.80474,0.80494,1.50,1.50
2011.08.16 01:21:36.248,0.80472,0.80494,1.50,2.25
2011.08.16 01:21:38.234,0.80472,0.80494,1.50,2.25
2011.08.16 01:21:40.267,0.80475,0.80496,1.50,1.88
2011.08.16 01:21:42.484,0.80476,0.80495,1.50,1.13
2011.08.16 01:21:43.038,0.80475,0.80495,1.50,1.88
2011.08.16 01:21:46.596,0.80475,0.80494,1.50,1.88
2011.08.16 01:21:46.934,0.80473,0.80494,1.35,1.88
2011.08.16 01:21:48.216,0.80473,0.80493,2.10,1.88
2011.08.16 01:21:48.559,0.80467,0.8049,2.25,1.88
2011.08.16 01:21:48.785,0.80468,0.80492,1.50,1.50
2011.08.16 01:21:49.016,0.80468,0.80491,1.50,2.25
2011.08.16 01:21:49.245,0.80468,0.80488,1.50,1.50
2011.08.16 01:21:52.425,0.80468,0.80488,1.50,1.50
2011.08.16 01:21:52.748,0.80473,0.80493,1.50,2.25
2011.08.16 01:21:52.870,0.80468,0.8049,3.23,1.13
2011.08.16 01:21:53.477,0.80472,0.80493,1.50,2.25
2011.08.16 01:21:55.993,0.80472,0.80492,2.25,1.50
2011.08.16 01:21:56.694,0.80472,0.80492,2.25,1.50
2011.08.16 01:21:57.026,0.80475,0.80495,1.35,1.50
2011.08.16 01:21:59.705,0.80475,0.80496,2.10,1.50
2011.08.16 01:22:02.025,0.80475,0.80495,2.85,1.50
2011.08.16 01:22:02.257,0.80477,0.80497,1.88,1.50
2011.08.16 01:22:03.685,0.80479,0.80497,1.50,1.50
2011.08.16 01:22:04.243,0.8048,0.80497,1.50,1.50
2011.08.16 01:22:05.203,0.8048,0.80497,1.50,1.50
2011.08.16 01:22:05.793,0.8048,0.805,1.50,1.50
2011.08.16 01:22:15.537,0.80478,0.80498,1.50,1.13
2011.08.16 01:22:15.874,0.80474,0.80498,2.63,1.88
2011.08.16 01:22:16.095,0.80474,0.80498,2.63,1.88
2011.08.16 01:22:18.545,0.80476,0.80498,3.23,1.88
2011.08.16 01:22:22.584,0.80477,0.80498,1.50,1.13
2011.08.16 01:22:24.547,0.8048,0.80499,2.10,1.50
2011.08.16 01:22:28.574,0.80478,0.80499,1.13,1.50
2011.08.16 01:22:29.943,0.80477,0.80499,2.63,1.50
2011.08.16 01:22:33.535,0.80478,0.80499,1.13,1.50
2011.08.16 01:22:36.678,0.8048,0.80503,2.25,2.25
2011.08.16 01:22:39.956,0.80482,0.80504,1.13,1.13
2011.08.16 01:22:40.514,0.80482,0.80504,3.23,1.13
2011.08.16 01:22:40.855,0.80482,0.80504,3.23,1.13
2011.08.16 01:22:42.736,0.80483,0.805,1.50,1.13
2011.08.16 01:22:43.185,0.80484,0.80503,2.25,1.50
2011.08.16 01:22:43.416,0.80492,0.80508,1.50,2.25
2011.08.16 01:22:43.537,0.80492,0.80509,1.50,1.50
2011.08.16 01:22:43.895,0.80486,0.80509,2.25,1.88
2011.08.16 01:22:44.008,0.80488,0.80509,1.50,1.13
2011.08.16 01:22:46.934,0.80488,0.80509,1.50,1.13
2011.08.16 01:22:50.547,0.8049,0.80512,1.88,1.88
2011.08.16 01:22:50.777,0.80497,0.80516,1.13,1.50
2011.08.16 01:22:51.006,0.80497,0.80516,1.50,1.13
2011.08.16 01:22:51.346,0.80495,0.80516,1.50,1.13
2011.08.16 01:22:55.288,0.80497,0.8052,1.13,2.63
2011.08.16 01:22:55.517,0.80498,0.8052,1.50,1.13
2011.08.16 01:22:55.854,0.80501,0.80522,1.13,1.50
2011.08.16 01:22:56.184,0.80501,0.80524,1.13,1.13
2011.08.16 01:22:57.834,0.80501,0.80524,1.13,1.13
2011.08.16 01:23:00.496,0.80503,0.80524,2.85,1.13
2011.08.16 01:23:00.724,0.80502,0.80524,1.50,1.13
2011.08.16 01:23:03.734,0.80504,0.80524,2.10,1.13
2011.08.16 01:23:03.956,0.80502,0.80524,1.50,1.13
2011.08.16 01:23:04.977,0.80499,0.80524,1.88,1.13
2011.08.16 01:23:05.314,0.80502,0.80524,2.10,1.13
2011.08.16 01:23:05.575,0.80499,0.80524,1.88,1.13
2011.08.16 01:23:06.391,0.80501,0.80525,1.88,1.88
2011.08.16 01:23:06.614,0.80502,0.80525,1.50,1.13
2011.08.16 01:23:06.844,0.80502,0.80525,1.50,1.13
2011.08.16 01:23:08.499,0.80509,0.80527,1.50,1.50
2011.08.16 01:23:08.618,0.80509,0.80527,1.50,1.50
2011.08.16 01:23:09.175,0.80509,0.80533,4.13,1.13
2011.08.16 01:23:11.963,0.80509,0.80533,4.88,1.13
2011.08.16 01:23:12.189,0.80512,0.80533,2.10,1.13
2011.08.16 01:23:12.528,0.80515,0.80534,1.35,1.50
2011.08.16 01:23:14.455,0.80511,0.80533,2.25,1.13
2011.08.16 01:23:15.016,0.80511,0.80533,2.25,1.13
2011.08.16 01:23:16.864,0.80511,0.80533,2.25,1.13
2011.08.16 01:23:17.085,0.80511,0.80533,2.25,1.13
2011.08.16 01:23:17.646,0.80509,0.80533,1.88,1.88
2011.08.16 01:23:21.324,0.8051,0.80533,1.50,2.63
2011.08.16 01:23:22.195,0.80516,0.80533,1.50,1.50
2011.08.16 01:23:22.877,0.80515,0.80533,1.50,1.50
2011.08.16 01:23:23.584,0.80515,0.80533,1.50,1.50
2011.08.16 01:23:24.907,0.80511,0.80533,1.50,2.63
2011.08.16 01:23:25.026,0.80511,0.80533,1.35,2.63
2011.08.16 01:23:25.824,0.8051,0.80533,1.50,2.63
2011.08.16 01:23:27.746,0.8051,0.80533,3.00,2.63
2011.08.16 01:23:28.087,0.8051,0.80528,2.25,1.50
2011.08.16 01:23:28.315,0.80505,0.80525,1.50,1.13
2011.08.16 01:23:29.164,0.80503,0.80525,1.50,1.13
2011.08.16 01:23:36.407,0.80504,0.80523,2.25,1.13
2011.08.16 01:23:36.527,0.80504,0.80521,2.25,1.50
2011.08.16 01:23:37.085,0.80504,0.80521,1.50,1.50
2011.08.16 01:23:37.636,0.80502,0.80521,2.10,1.50
2011.08.16 01:23:58.018,0.80502,0.80523,1.50,1.13
2011.08.16 01:23:58.357,0.80504,0.80525,1.50,1.50
2011.08.16 01:23:58.932,0.80506,0.80526,1.13,1.50
2011.08.16 01:24:01.286,0.80506,0.80526,1.73,1.50
2011.08.16 01:24:01.626,0.80509,0.80528,1.13,1.50
2011.08.16 01:24:01.747,0.80509,0.8053,2.63,2.25
2011.08.16 01:24:05.117,0.80509,0.80529,1.13,1.50
2011.08.16 01:24:07.388,0.80509,0.8053,1.13,1.50
2011.08.16 01:24:07.781,0.80509,0.8053,1.13,1.50
2011.08.16 01:24:08.337,0.80503,0.80524,2.25,1.50
2011.08.16 01:24:08.457,0.80504,0.80524,4.13,1.50
2011.08.16 01:24:08.796,0.80507,0.80528,2.25,1.50
2011.08.16 01:24:09.355,0.80509,0.8053,1.88,1.50
2011.08.16 01:24:11.436,0.80509,0.80526,1.35,1.13
2011.08.16 01:24:11.557,0.80507,0.80525,1.50,4.05
2011.08.16 01:24:11.786,0.80506,0.80525,1.88,2.93
2011.08.16 01:24:12.124,0.80504,0.80525,2.25,1.13
2011.08.16 01:24:12.345,0.80503,0.80524,3.38,1.50
2011.08.16 01:24:12.456,0.80504,0.80524,1.50,1.50
2011.08.16 01:24:12.576,0.80506,0.80526,1.13,2.93
2011.08.16 01:24:12.805,0.8051,0.80528,1.73,1.50
2011.08.16 01:24:14.465,0.80508,0.80529,1.50,1.50
2011.08.16 01:24:14.796,0.80507,0.80529,1.50,4.43
2011.08.16 01:24:19.486,0.80508,0.80529,1.50,4.43
2011.08.16 01:24:35.244,0.80508,0.80529,2.10,4.43
2011.08.16 01:24:36.634,0.80508,0.80529,2.10,3.68
2011.08.16 01:24:39.149,0.80508,0.80529,2.10,4.43
2011.08.16 01:24:40.275,0.8051,0.80529,1.13,3.68
2011.08.16 01:24:40.824,0.8051,0.80531,1.13,1.50
2011.08.16 01:24:47.314,0.80511,0.8053,1.50,1.50
2011.08.16 01:24:49.867,0.80511,0.80531,1.50,2.25
2011.08.16 01:24:54.216,0.80509,0.8053,2.63,3.68
2011.08.16 01:24:54.997,0.80511,0.80529,2.10,1.50
2011.08.16 01:24:55.228,0.80515,0.80534,1.35,1.50
2011.08.16 01:24:55.346,0.80516,0.80535,1.50,1.50
2011.08.16 01:24:55.465,0.80516,0.80537,1.50,1.88
2011.08.16 01:24:56.026,0.80516,0.80537,1.50,1.88
2011.08.16 01:24:58.506,0.80515,0.80535,2.25,1.50
2011.08.16 01:24:58.846,0.80512,0.80534,1.50,3.30
2011.08.16 01:24:59.404,0.80511,0.80533,1.13,1.13
2011.08.16 01:25:04.886,0.8051,0.80532,1.50,1.13
2011.08.16 01:25:05.116,0.8051,0.80531,1.50,1.13
2011.08.16 01:25:05.238,0.8051,0.8053,1.50,3.68
2011.08.16 01:25:06.455,0.8051,0.80531,2.10,1.13
2011.08.16 01:25:07.975,0.80511,0.80531,2.85,1.13
2011.08.16 01:25:17.757,0.8051,0.80531,1.50,1.13
2011.08.16 01:25:18.427,0.8051,0.8053,1.50,1.50
2011.08.16 01:25:19.395,0.80516,0.8053,1.13,1.50
2011.08.16 01:25:19.626,0.80517,0.80532,1.50,1.13
2011.08.16 01:25:19.856,0.80511,0.80531,3.68,1.88
2011.08.16 01:25:20.090,0.8051,0.8053,1.50,1.50
2011.08.16 01:25:20.318,0.8051,0.80531,1.50,2.63
2011.08.16 01:25:20.547,0.80511,0.80532,1.50,4.43
2011.08.16 01:25:20.885,0.80513,0.80534,1.13,2.48
2011.08.16 01:25:21.679,0.80513,0.80534,1.13,1.73
2011.08.16 01:25:26.955,0.80513,0.80534,1.13,2.48
2011.08.16 01:25:35.216,0.80512,0.80534,2.63,1.50
2011.08.16 01:25:35.555,0.80512,0.80534,2.63,1.50
2011.08.16 01:25:38.138,0.80513,0.80536,1.13,4.43
2011.08.16 01:25:38.256,0.80513,0.80536,1.13,3.68
2011.08.16 01:25:39.556,0.80512,0.80536,2.63,3.68
2011.08.16 01:25:50.674,0.80513,0.80536,1.13,5.55
2011.08.16 01:25:54.576,0.80513,0.80536,1.13,5.55
2011.08.16 01:25:55.455,0.80514,0.80536,1.13,1.88
2011.08.16 01:25:56.016,0.80514,0.80536,1.13,1.88
2011.08.16 01:25:56.345,0.80514,0.80536,1.13,1.88
2011.08.16 01:26:02.578,0.80512,0.80537,1.13,5.55
2011.08.16 01:26:03.026,0.80518,0.80537,1.50,3.68
2011.08.16 01:26:03.366,0.80513,0.80536,1.35,1.88
2011.08.16 01:26:04.024,0.80513,0.80536,1.35,1.13
2011.08.16 01:26:05.259,0.80511,0.80535,1.50,1.50
2011.08.16 01:26:05.486,0.80511,0.80534,1.50,2.93
2011.08.16 01:26:11.746,0.80517,0.80536,2.25,1.13
2011.08.16 01:26:15.245,0.80513,0.80536,1.50,1.13
2011.08.16 01:26:18.205,0.80512,0.80536,1.13,3.30
2011.08.16 01:26:19.930,0.80512,0.80536,1.13,1.88
2011.08.16 01:26:20.706,0.80512,0.80536,1.88,1.13
2011.08.16 01:26:21.156,0.80512,0.80536,1.88,1.88
2011.08.16 01:26:21.715,0.80512,0.80535,1.88,1.50
2011.08.16 01:26:22.266,0.80513,0.80535,1.13,1.50
2011.08.16 01:26:27.958,0.80514,0.80536,1.88,1.50
2011.08.16 01:26:28.516,0.80515,0.80537,2.25,2.10
2011.08.16 01:26:29.076,0.80515,0.80536,2.25,1.13
2011.08.16 01:26:30.089,0.80514,0.80536,2.25,2.25
2011.08.16 01:26:30.206,0.80514,0.80536,1.50,2.25
2011.08.16 01:26:33.376,0.80511,0.80532,2.25,1.13
2011.08.16 01:26:40.876,0.80514,0.80534,1.50,1.50
2011.08.16 01:26:40.997,0.80516,0.80535,1.50,1.13
2011.08.16 01:26:41.446,0.80514,0.80535,1.50,1.88
2011.08.16 01:26:41.565,0.80512,0.80535,1.13,1.88
2011.08.16 01:26:41.946,0.80512,0.80535,1.13,1.88
2011.08.16 01:26:42.176,0.80511,0.80532,2.25,1.13
2011.08.16 01:26:43.015,0.80511,0.80532,1.50,1.13
2011.08.16 01:26:43.345,0.80511,0.80534,1.50,1.50
2011.08.16 01:26:43.676,0.80509,0.8053,3.00,1.13
2011.08.16 01:26:44.126,0.80508,0.8053,3.00,1.13
2011.08.16 01:26:44.997,0.80508,0.80531,2.63,1.88
2011.08.16 01:26:45.116,0.80509,0.80531,1.50,1.13
2011.08.16 01:26:45.670,0.80509,0.80531,1.50,1.13
2011.08.16 01:26:48.778,0.80509,0.80531,1.50,1.50
2011.08.16 01:26:49.726,0.8051,0.80532,1.50,1.13
2011.08.16 01:26:50.887,0.80511,0.80533,2.25,1.50
2011.08.16 01:26:51.694,0.80511,0.80533,2.25,1.13
2011.08.16 01:26:52.029,0.8051,0.8053,1.50,1.50
2011.08.16 01:26:52.364,0.80508,0.80528,1.50,1.13
2011.08.16 01:26:53.007,0.80511,0.80532,1.50,1.13
2011.08.16 01:26:53.568,0.80512,0.80533,2.48,1.13
2011.08.16 01:26:54.043,0.80517,0.80537,1.50,1.50
2011.08.16 01:26:54.160,0.80516,0.80538,2.25,1.88
2011.08.16 01:26:54.277,0.80516,0.80537,1.50,1.50
2011.08.16 01:26:54.505,0.80514,0.80537,1.50,1.50
2011.08.16 01:26:55.015,0.80514,0.80537,1.50,2.25
2011.08.16 01:26:55.578,0.80514,0.80534,1.50,1.50
2011.08.16 01:26:55.697,0.80512,0.80534,1.88,1.88
2011.08.16 01:26:55.818,0.80514,0.80534,1.50,1.13
2011.08.16 01:26:56.885,0.80514,0.80535,1.50,2.85
2011.08.16 01:26:56.996,0.80512,0.80531,1.50,1.13
2011.08.16 01:26:57.115,0.80512,0.80531,1.50,1.13
2011.08.16 01:26:58.219,0.80511,0.80533,2.25,1.88
2011.08.16 01:26:58.339,0.80512,0.80534,1.50,1.13
2011.08.16 01:27:01.867,0.80512,0.80534,1.50,1.50
2011.08.16 01:27:03.197,0.80515,0.80536,1.50,2.25
2011.08.16 01:27:03.316,0.80515,0.80538,2.25,1.73
2011.08.16 01:27:08.915,0.80517,0.80538,1.50,1.73
2011.08.16 01:27:14.568,0.80517,0.80538,1.50,1.35
2011.08.16 01:27:17.345,0.80517,0.80538,2.25,1.35
2011.08.16 01:27:19.455,0.8052,0.8054,1.50,1.50
2011.08.16 01:27:19.577,0.8052,0.80543,1.50,1.88
2011.08.16 01:27:19.808,0.8052,0.80545,1.50,2.25
2011.08.16 01:27:19.931,0.80523,0.80545,1.13,1.50
2011.08.16 01:27:20.158,0.80525,0.80546,1.50,1.88
2011.08.16 01:27:20.606,0.80524,0.80546,2.63,2.63
2011.08.16 01:27:23.005,0.80524,0.80546,1.50,1.50
2011.08.16 01:27:23.666,0.80524,0.80544,1.50,1.50
2011.08.16 01:27:24.905,0.8052,0.80543,1.50,2.55
2011.08.16 01:27:25.345,0.8052,0.80543,1.50,2.93
2011.08.16 01:27:31.245,0.8052,0.80543,1.50,2.93
2011.08.16 01:27:33.035,0.8052,0.80542,1.50,1.13
2011.08.16 01:27:35.634,0.8052,0.80542,1.50,1.13
2011.08.16 01:27:36.186,0.8052,0.80543,1.50,3.68
2011.08.16 01:27:38.035,0.80519,0.80541,3.00,1.13
2011.08.16 01:27:38.485,0.80519,0.80541,3.00,1.13
2011.08.16 01:27:40.264,0.8052,0.80541,1.50,1.13
2011.08.16 01:27:40.815,0.80519,0.80541,3.00,1.13
2011.08.16 01:27:42.175,0.80519,0.80541,2.25,1.13
2011.08.16 01:27:44.307,0.8052,0.80543,1.50,3.68
2011.08.16 01:27:48.493,0.80522,0.80543,1.50,3.30
2011.08.16 01:27:48.605,0.80522,0.80543,1.50,2.55
2011.08.16 01:27:49.155,0.80522,0.80544,1.50,1.13
2011.08.16 01:27:52.356,0.80524,0.80546,1.50,1.88
2011.08.16 01:28:00.549,0.80523,0.80546,1.50,2.25
2011.08.16 01:28:03.939,0.80523,0.80546,1.50,1.50
2011.08.16 01:28:04.715,0.80525,0.80547,1.50,4.80
2011.08.16 01:28:04.834,0.80529,0.80552,1.35,1.88
2011.08.16 01:28:05.165,0.80526,0.80551,2.10,5.18
2011.08.16 01:28:05.277,0.80529,0.80553,1.50,1.50
2011.08.16 01:28:06.006,0.80529,0.80553,2.25,2.25
2011.08.16 01:28:06.555,0.80529,0.80553,2.25,2.25
2011.08.16 01:28:10.477,0.80529,0.80551,2.25,2.25
2011.08.16 01:28:13.246,0.80529,0.80551,1.50,3.30
2011.08.16 01:28:13.368,0.80529,0.80551,1.50,1.13
2011.08.16 01:28:14.055,0.8053,0.80553,1.50,1.50
2011.08.16 01:28:14.279,0.80536,0.80557,1.88,1.13
2011.08.16 01:28:14.398,0.80537,0.80558,1.50,1.88
2011.08.16 01:28:15.505,0.8054,0.80559,2.25,1.13
2011.08.16 01:28:16.015,0.80541,0.80559,2.85,1.13
2011.08.16 01:28:16.235,0.80543,0.80559,1.50,1.13
2011.08.16 01:28:21.055,0.80543,0.80559,2.25,1.13
2011.08.16 01:28:35.926,0.80543,0.80561,2.25,1.50
2011.08.16 01:28:36.939,0.80543,0.80561,1.50,1.50
2011.08.16 01:28:37.636,0.80541,0.80561,2.10,1.50
2011.08.16 01:28:38.205,0.80544,0.80561,1.50,1.50
2011.08.16 01:28:41.476,0.80544,0.80563,1.50,2.25
2011.08.16 01:28:42.225,0.80544,0.80564,2.25,2.25
2011.08.16 01:28:42.874,0.80544,0.80564,2.25,1.50
2011.08.16 01:28:46.055,0.80546,0.80564,2.10,1.50
2011.08.16 01:28:46.725,0.80542,0.80565,2.63,1.13
2011.08.16 01:28:51.466,0.80544,0.80564,2.85,1.50
2011.08.16 01:28:52.029,0.80547,0.80568,1.13,1.50
2011.08.16 01:28:52.257,0.8055,0.80572,1.50,2.25
2011.08.16 01:28:52.596,0.8055,0.80571,1.35,1.50
2011.08.16 01:28:53.486,0.80548,0.80571,2.25,2.25
2011.08.16 01:28:54.046,0.80548,0.8057,2.25,1.13
2011.08.16 01:28:54.804,0.80548,0.80569,1.50,1.13
2011.08.16 01:28:55.027,0.8055,0.80568,2.10,1.13
2011.08.16 01:28:55.585,0.8055,0.80568,2.10,1.13
2011.08.16 01:28:55.807,0.80548,0.80568,1.50,1.13
2011.08.16 01:28:57.126,0.80548,0.8057,2.25,1.50
2011.08.16 01:28:57.807,0.80548,0.80569,2.10,1.13
2011.08.16 01:28:59.248,0.80545,0.80565,1.73,2.25
2011.08.16 01:28:59.805,0.80541,0.80563,1.73,1.50
2011.08.16 01:29:01.027,0.80539,0.80562,3.45,1.13
2011.08.16 01:29:01.585,0.80539,0.80562,3.45,1.88
2011.08.16 01:29:02.146,0.80543,0.80564,1.58,1.50
2011.08.16 01:29:02.696,0.80543,0.80566,1.58,1.13
2011.08.16 01:29:02.915,0.80548,0.80568,1.50,1.88
2011.08.16 01:29:05.038,0.80548,0.80567,1.50,1.13
2011.08.16 01:29:05.375,0.80543,0.80567,1.58,1.13
2011.08.16 01:29:11.117,0.80548,0.80568,1.50,2.25
2011.08.16 01:29:13.674,0.80547,0.80567,1.50,1.50
2011.08.16 01:29:17.806,0.80548,0.80568,1.50,1.50
2011.08.16 01:29:18.254,0.80544,0.80566,1.73,1.50
2011.08.16 01:29:20.646,0.80545,0.80566,1.58,1.50
2011.08.16 01:29:21.757,0.80545,0.80566,2.33,1.50
2011.08.16 01:29:22.095,0.80548,0.80566,1.50,1.50
2011.08.16 01:29:25.769,0.80546,0.80564,1.73,1.50
2011.08.16 01:29:25.888,0.80541,0.80564,1.73,2.25
2011.08.16 01:29:26.776,0.80542,0.80562,1.58,1.50
2011.08.16 01:29:28.209,0.8054,0.80561,1.73,1.13
2011.08.16 01:29:28.546,0.80538,0.80557,1.73,1.50
2011.08.16 01:29:31.775,0.80539,0.80559,1.73,2.10
2011.08.16 01:29:33.565,0.80537,0.80559,1.73,1.35
2011.08.16 01:29:34.075,0.80537,0.80562,1.73,1.50
2011.08.16 01:29:34.857,0.8054,0.80564,1.73,1.50
2011.08.16 01:29:35.416,0.80539,0.80562,1.73,2.25
2011.08.16 01:29:36.237,0.80553,0.80562,1.50,2.25
2011.08.16 01:29:36.796,0.80542,0.80562,1.73,1.50
2011.08.16 01:29:37.495,0.80539,0.80562,1.73,1.50
2011.08.16 01:29:37.936,0.80541,0.80562,1.73,1.50
2011.08.16 01:29:38.508,0.80541,0.80561,1.73,1.50
2011.08.16 01:29:38.626,0.80536,0.80559,1.25,1.50
2011.08.16 01:29:38.858,0.80545,0.80566,1.73,5.25
2011.08.16 01:29:39.307,0.80539,0.8056,1.73,1.50
2011.08.16 01:29:39.645,0.80535,0.80559,1.26,2.25
2011.08.16 01:29:40.086,0.8053,0.80556,1.26,1.50
2011.08.16 01:29:40.911,0.80538,0.80558,1.73,1.50
2011.08.16 01:29:41.137,0.80538,0.80558,1.73,1.50
2011.08.16 01:29:41.928,0.8054,0.80565,1.73,1.50
2011.08.16 01:29:42.566,0.80543,0.80565,1.73,1.50
2011.08.16 01:29:42.687,0.80543,0.8057,1.73,2.25
2011.08.16 01:29:43.887,0.80541,0.80569,1.73,1.50
2011.08.16 01:29:46.437,0.80541,0.8057,1.73,3.00
2011.08.16 01:29:47.485,0.80541,0.8057,1.73,1.50
2011.08.16 01:29:48.055,0.80541,0.8057,1.73,1.50
2011.08.16 01:29:48.656,0.80541,0.8057,1.73,1.50
2011.08.16 01:29:49.545,0.80542,0.80571,1.73,5.25
2011.08.16 01:29:50.135,0.80542,0.80571,1.73,5.25
2011.08.16 01:29:52.685,0.80542,0.8057,1.73,1.50
2011.08.16 01:29:56.226,0.80535,0.80563,4.91,1.50
2011.08.16 01:29:56.787,0.80535,0.80564,1.92,2.25
2011.08.16 01:29:57.345,0.80538,0.80564,1.73,1.50
2011.08.16 01:29:57.792,0.8054,0.80567,1.50,1.50
2011.08.16 01:29:57.906,0.80539,0.8057,1.50,1.50
2011.08.16 01:29:58.457,0.80539,0.80571,1.50,3.00
2011.08.16 01:29:58.577,0.80539,0.80569,1.50,4.50
2011.08.16 01:29:58.915,0.80538,0.80567,1.50,2.25
2011.08.16 01:29:59.332,0.80535,0.80563,4.50,1.50
2011.08.16 01:29:59.556,0.80538,0.80566,2.25,1.50
2011.08.16 01:30:01.916,0.8054,0.80571,1.50,2.25
2011.08.16 01:30:06.565,0.80538,0.80569,2.25,2.25
2011.08.16 01:30:07.117,0.80538,0.80568,2.25,1.50
2011.08.16 01:30:08.555,0.80536,0.80568,1.50,4.50
2011.08.16 01:30:09.456,0.80536,0.80568,1.50,3.75
2011.08.16 01:30:09.687,0.80558,0.80573,1.50,3.75
2011.08.16 01:30:09.915,0.80558,0.80577,1.50,3.75
2011.08.16 01:30:10.324,0.80541,0.80577,3.75,4.50
2011.08.16 01:30:10.440,0.80534,0.8057,3.98,3.75
2011.08.16 01:30:11.216,0.80534,0.8057,3.98,3.75
2011.08.16 01:30:11.555,0.80532,0.80566,4.73,3.75
2011.08.16 01:30:12.857,0.80532,0.80566,4.73,4.50
2011.08.16 01:30:13.198,0.80525,0.80559,4.99,3.75
2011.08.16 01:30:13.538,0.80523,0.80557,4.70,3.75
2011.08.16 01:30:14.098,0.80523,0.80556,3.83,1.50
2011.08.16 01:30:14.437,0.80523,0.80559,4.40,3.75
2011.08.16 01:30:14.874,0.80521,0.80557,4.40,3.75
2011.08.16 01:30:15.426,0.80521,0.80557,4.40,4.50
2011.08.16 01:30:15.766,0.80522,0.80556,4.40,3.75
2011.08.16 01:30:16.326,0.80522,0.80556,3.75,3.75
2011.08.16 01:30:16.449,0.80524,0.80558,3.75,3.75
2011.08.16 01:30:16.786,0.80528,0.80558,1.50,3.75
2011.08.16 01:30:16.896,0.80528,0.8056,1.50,3.75
2011.08.16 01:30:17.349,0.80526,0.8056,3.75,3.75
2011.08.16 01:30:17.576,0.80524,0.8056,3.75,4.50
2011.08.16 01:30:17.699,0.80519,0.80555,4.20,3.75
2011.08.16 01:30:17.926,0.80514,0.8055,4.20,3.75
2011.08.16 01:30:18.488,0.80513,0.80547,4.20,3.75
2011.08.16 01:30:18.716,0.80515,0.80551,4.95,4.50
2011.08.16 01:30:19.228,0.80515,0.80551,4.95,4.50
2011.08.16 01:30:19.788,0.80515,0.8055,4.95,1.50
2011.08.16 01:30:20.348,0.80514,0.80544,1.20,3.75
2011.08.16 01:30:20.689,0.80514,0.80542,1.20,3.75
2011.08.16 01:30:21.137,0.80513,0.80545,1.20,3.75
2011.08.16 01:30:21.258,0.80514,0.8055,4.20,4.50
2011.08.16 01:30:21.486,0.8051,0.80544,4.20,3.75
2011.08.16 01:30:22.035,0.80509,0.80543,1.71,3.75
2011.08.16 01:30:22.596,0.8051,0.80543,1.31,3.75
2011.08.16 01:30:22.936,0.80526,0.80546,1.50,3.75
2011.08.16 01:30:23.905,0.80504,0.80537,1.58,4.88
2011.08.16 01:30:24.022,0.8051,0.80537,1.40,4.13
2011.08.16 01:30:24.141,0.8051,0.80543,1.28,5.25
2011.08.16 01:30:24.262,0.80514,0.80548,4.06,4.13
2011.08.16 01:30:24.380,0.8052,0.80548,1.06,3.75
2011.08.16 01:30:24.499,0.8052,0.80551,1.06,4.50
2011.08.16 01:30:24.840,0.80529,0.8055,1.50,3.75
2011.08.16 01:30:25.069,0.8052,0.8055,1.06,3.75
2011.08.16 01:30:25.405,0.8052,0.80556,4.81,3.75
2011.08.16 01:30:25.517,0.8053,0.80559,1.50,3.75
2011.08.16 01:30:25.749,0.80531,0.80564,4.50,1.50
2011.08.16 01:30:25.978,0.8054,0.80565,1.50,4.50
2011.08.16 01:30:26.099,0.8054,0.80567,1.50,3.75
2011.08.16 01:30:26.330,0.8054,0.80572,2.25,3.75
2011.08.16 01:30:26.449,0.80536,0.80566,4.50,1.50
2011.08.16 01:30:27.120,0.80542,0.80566,4.50,1.50
2011.08.16 01:30:27.461,0.80541,0.80566,4.50,1.50
2011.08.16 01:30:27.577,0.80538,0.80564,4.50,1.50
2011.08.16 01:30:27.810,0.80539,0.80575,4.50,3.75
2011.08.16 01:30:27.927,0.80534,0.8057,4.50,3.75
2011.08.16 01:30:28.265,0.80537,0.80571,3.75,3.75
2011.08.16 01:30:28.486,0.80526,0.80562,4.50,4.13
2011.08.16 01:30:28.606,0.80525,0.80558,1.50,3.75
2011.08.16 01:30:28.726,0.80525,0.8056,5.25,1.13
2011.08.16 01:30:30.455,0.80525,0.8056,4.50,1.13
2011.08.16 01:30:31.200,0.80524,0.80558,1.50,4.50
2011.08.16 01:30:31.427,0.80522,0.80557,5.25,1.35
2011.08.16 01:30:31.550,0.80521,0.80552,1.50,4.50
2011.08.16 01:30:31.782,0.80521,0.80552,1.50,4.50
2011.08.16 01:30:32.010,0.80523,0.80554,4.50,1.50
2011.08.16 01:30:32.349,0.80537,0.80566,1.35,5.10
2011.08.16 01:30:32.473,0.80539,0.80569,3.75,1.50
2011.08.16 01:30:32.589,0.80537,0.8057,1.50,4.50
2011.08.16 01:30:32.820,0.80543,0.80575,4.35,1.50
2011.08.16 01:30:33.049,0.80543,0.80575,4.35,1.50
2011.08.16 01:30:33.718,0.80543,0.80573,3.75,1.50
2011.08.16 01:30:33.837,0.80541,0.80573,3.75,1.50
2011.08.16 01:30:34.425,0.80538,0.80573,5.63,1.50
2011.08.16 01:30:34.536,0.8054,0.80573,1.13,1.50
2011.08.16 01:30:35.088,0.80542,0.80572,1.13,1.88
2011.08.16 01:30:35.209,0.80541,0.80572,1.13,5.63
2011.08.16 01:30:35.768,0.80541,0.80572,1.50,4.50
2011.08.16 01:30:35.888,0.80541,0.80573,1.50,1.50
2011.08.16 01:30:37.145,0.8054,0.80572,2.63,1.50
2011.08.16 01:30:37.256,0.80539,0.80572,4.13,1.50
2011.08.16 01:30:37.381,0.80538,0.80569,1.88,4.50
2011.08.16 01:30:37.497,0.80535,0.80569,4.50,4.50
2011.08.16 01:30:37.619,0.80532,0.80568,5.25,5.25
2011.08.16 01:30:38.176,0.80534,0.8057,4.50,4.50
2011.08.16 01:30:38.506,0.80548,0.8057,1.50,4.50
2011.08.16 01:30:38.848,0.80534,0.80564,1.13,1.13
2011.08.16 01:30:38.971,0.80534,0.80563,1.13,1.50
2011.08.16 01:30:39.735,0.80538,0.80565,3.75,2.25
2011.08.16 01:30:40.066,0.80548,0.80569,1.50,1.50
2011.08.16 01:30:40.956,0.80548,0.80565,1.50,5.25
2011.08.16 01:30:41.297,0.80547,0.80564,1.50,1.13
2011.08.16 01:30:41.525,0.80547,0.80571,1.50,1.50
2011.08.16 01:30:43.066,0.80546,0.80569,1.50,4.50
2011.08.16 01:30:43.729,0.80546,0.80569,1.50,4.50
2011.08.16 01:30:45.159,0.80546,0.80564,1.50,1.50
2011.08.16 01:30:45.499,0.80527,0.80552,4.50,1.50
2011.08.16 01:30:45.617,0.80525,0.80557,1.13,3.75
2011.08.16 01:30:45.737,0.8053,0.8056,1.13,4.88
2011.08.16 01:30:46.076,0.80531,0.8056,1.50,1.13
2011.08.16 01:30:46.997,0.8053,0.8056,1.13,1.88
2011.08.16 01:30:47.117,0.80527,0.8056,4.50,1.50
2011.08.16 01:30:47.349,0.80525,0.80553,1.50,2.25
2011.08.16 01:30:47.686,0.80517,0.80547,1.65,4.50
2011.08.16 01:30:47.916,0.80516,0.80545,1.65,1.13
2011.08.16 01:30:48.137,0.80516,0.80545,2.40,1.13
2011.08.16 01:30:48.525,0.80518,0.80549,2.40,4.50
2011.08.16 01:30:48.643,0.80518,0.80548,5.40,1.13
2011.08.16 01:30:49.428,0.80513,0.8054,1.65,1.13
2011.08.16 01:30:49.668,0.80523,0.80541,1.50,1.50
2011.08.16 01:30:49.787,0.80522,0.80543,1.50,3.75
2011.08.16 01:30:49.906,0.80521,0.80548,1.13,1.50
2011.08.16 01:30:50.246,0.80517,0.80548,5.03,1.13
2011.08.16 01:30:50.369,0.80517,0.80548,1.28,1.13
2011.08.16 01:30:50.707,0.80511,0.80539,1.28,1.13
2011.08.16 01:30:50.938,0.80518,0.80542,3.90,1.50
2011.08.16 01:30:51.057,0.8052,0.80544,1.28,1.13
2011.08.16 01:30:51.179,0.8052,0.80548,3.83,1.50
2011.08.16 01:30:51.411,0.8052,0.80548,1.35,1.50
2011.08.16 01:30:51.638,0.80517,0.80548,1.35,1.50
2011.08.16 01:30:52.196,0.80517,0.80547,1.35,4.50
2011.08.16 01:30:52.428,0.80519,0.80549,1.35,1.50
2011.08.16 01:30:52.975,0.8052,0.8055,1.28,1.50
2011.08.16 01:30:53.197,0.80516,0.80549,1.35,1.50
2011.08.16 01:30:53.538,0.80519,0.80549,1.35,1.50
2011.08.16 01:30:55.306,0.80524,0.80551,1.50,4.50
2011.08.16 01:30:56.373,0.80524,0.80551,1.50,4.50
2011.08.16 01:30:56.600,0.8053,0.80553,1.50,4.50
2011.08.16 01:30:56.829,0.8053,0.80554,1.50,1.50
2011.08.16 01:30:57.276,0.80521,0.80552,4.50,1.50
2011.08.16 01:30:57.715,0.80531,0.80554,1.50,5.25
2011.08.16 01:31:01.318,0.80531,0.80558,1.50,1.50
2011.08.16 01:31:02.208,0.80529,0.80554,1.50,1.50
2011.08.16 01:31:02.437,0.80529,0.80554,1.50,1.50
2011.08.16 01:31:03.877,0.80529,0.80556,1.50,2.25
2011.08.16 01:31:05.987,0.80533,0.80556,1.13,1.50
2011.08.16 01:31:06.327,0.80532,0.80559,1.50,1.88
2011.08.16 01:31:06.665,0.80527,0.80556,1.50,1.13
2011.08.16 01:31:06.777,0.80531,0.80555,1.50,1.13
2011.08.16 01:31:07.466,0.80524,0.80554,1.50,6.38
2011.08.16 01:31:08.030,0.80531,0.80555,1.50,1.13
2011.08.16 01:31:08.149,0.80531,0.80559,1.50,2.25
2011.08.16 01:31:08.375,0.80531,0.80557,1.50,1.50
2011.08.16 01:31:08.928,0.80531,0.80555,1.50,1.13
2011.08.16 01:31:09.049,0.8053,0.80555,1.50,1.13
2011.08.16 01:31:10.716,0.8053,0.80555,1.50,1.13
2011.08.16 01:31:11.156,0.80529,0.80555,1.50,1.13
2011.08.16 01:31:11.715,0.80528,0.80555,1.50,1.13
2011.08.16 01:31:12.390,0.8053,0.80559,1.88,2.63
2011.08.16 01:31:12.514,0.80536,0.80559,1.50,1.50
2011.08.16 01:31:12.628,0.80536,0.80561,1.50,1.50
2011.08.16 01:31:12.748,0.80537,0.80561,1.50,1.50
2011.08.16 01:31:14.219,0.80537,0.80562,1.50,1.13
2011.08.16 01:31:17.457,0.80534,0.8056,1.13,1.35
2011.08.16 01:31:17.577,0.80533,0.8056,1.73,1.35
2011.08.16 01:31:18.029,0.80531,0.8055,1.50,1.50
2011.08.16 01:31:18.147,0.80527,0.8055,1.50,2.25
2011.08.16 01:31:18.377,0.80525,0.8055,1.88,1.50
2011.08.16 01:31:18.607,0.80524,0.80548,2.10,1.50
2011.08.16 01:31:19.277,0.80523,0.8055,2.85,1.50
2011.08.16 01:31:20.148,0.80531,0.80548,1.50,1.50
2011.08.16 01:31:20.488,0.80529,0.80554,1.35,1.88
2011.08.16 01:31:20.829,0.80534,0.80555,1.50,1.50
2011.08.16 01:31:21.216,0.80536,0.80554,1.50,1.73
2011.08.16 01:31:21.330,0.80533,0.80553,1.50,1.13
2011.08.16 01:31:21.558,0.80533,0.80553,1.50,2.63
2011.08.16 01:31:22.196,0.8053,0.80553,1.50,2.63
2011.08.16 01:31:22.418,0.8053,0.80546,1.50,1.50
2011.08.16 01:31:22.758,0.80519,0.8054,1.50,1.35
2011.08.16 01:31:23.205,0.80517,0.80539,2.25,1.35
2011.08.16 01:31:23.754,0.80517,0.80539,2.25,1.35
2011.08.16 01:31:26.846,0.80517,0.80542,1.50,1.35
2011.08.16 01:31:27.287,0.80517,0.80535,1.50,1.73
2011.08.16 01:31:27.627,0.80511,0.80532,1.50,1.50
2011.08.16 01:31:27.976,0.80515,0.80535,1.13,1.35
2011.08.16 01:31:28.209,0.80515,0.80535,1.13,1.35
2011.08.16 01:31:28.805,0.80515,0.80535,1.13,1.35
2011.08.16 01:31:28.916,0.80517,0.8054,1.50,1.50
2011.08.16 01:31:29.036,0.80517,0.8054,1.50,1.50
2011.08.16 01:31:29.587,0.80515,0.80537,3.00,1.35
2011.08.16 01:31:29.817,0.8051,0.80533,2.25,1.50
2011.08.16 01:31:29.937,0.8051,0.80533,1.50,1.50
2011.08.16 01:31:30.503,0.80508,0.8053,1.50,2.10
2011.08.16 01:31:30.948,0.80506,0.80529,1.50,1.50
2011.08.16 01:31:34.028,0.80506,0.80527,1.50,1.50
2011.08.16 01:31:35.474,0.80507,0.80527,1.50,1.50
2011.08.16 01:31:35.591,0.80513,0.80527,1.50,1.50
2011.08.16 01:31:35.820,0.80506,0.80529,1.50,1.50
2011.08.16 01:31:36.047,0.80506,0.80529,1.50,1.50
2011.08.16 01:31:36.388,0.80509,0.80529,1.73,1.50
2011.08.16 01:31:36.622,0.80511,0.80533,1.35,1.50
2011.08.16 01:31:36.739,0.80516,0.80537,3.98,1.50
2011.08.16 01:31:36.858,0.80517,0.80538,1.73,2.25
2011.08.16 01:31:38.215,0.80517,0.8054,1.73,1.50
2011.08.16 01:31:38.767,0.80515,0.8054,1.50,2.25
2011.08.16 01:31:39.065,0.80514,0.8054,2.25,2.25
2011.08.16 01:31:39.397,0.80515,0.8054,1.50,1.50
2011.08.16 01:31:39.625,0.80515,0.8054,1.50,1.50
2011.08.16 01:31:41.866,0.80511,0.80535,2.10,1.50
2011.08.16 01:31:42.437,0.80511,0.80535,1.35,1.50
2011.08.16 01:31:43.938,0.8051,0.80532,1.13,1.35
2011.08.16 01:31:44.057,0.80512,0.80536,1.50,1.50
2011.08.16 01:31:44.506,0.80512,0.80536,1.50,1.50
2011.08.16 01:31:46.640,0.80512,0.80536,2.25,2.25
2011.08.16 01:31:47.220,0.80511,0.80531,2.10,1.50
2011.08.16 01:31:47.560,0.80507,0.80531,1.35,1.50
2011.08.16 01:31:47.898,0.80507,0.80532,1.73,1.50
2011.08.16 01:31:48.017,0.80507,0.80532,2.48,1.50
2011.08.16 01:31:49.366,0.80507,0.80527,1.73,1.50
2011.08.16 01:31:52.395,0.80506,0.80527,1.88,1.50
2011.08.16 01:31:52.947,0.80506,0.80531,1.50,1.13
2011.08.16 01:31:54.547,0.80505,0.80525,1.50,1.50
2011.08.16 01:31:55.105,0.80503,0.80525,2.63,1.50
2011.08.16 01:31:55.867,0.80503,0.80528,1.88,1.50
2011.08.16 01:31:56.097,0.80503,0.80528,1.88,1.50
2011.08.16 01:31:56.327,0.80502,0.80527,3.23,1.50
2011.08.16 01:31:59.008,0.80502,0.80527,2.48,2.25
2011.08.16 01:31:59.729,0.80502,0.80527,2.10,2.25
2011.08.16 01:32:00.831,0.80502,0.80521,1.35,1.50
2011.08.16 01:32:01.624,0.80502,0.80524,1.35,1.50
2011.08.16 01:32:02.788,0.80499,0.80521,1.50,1.50
2011.08.16 01:32:03.129,0.80494,0.80513,1.50,1.50
2011.08.16 01:32:03.246,0.80494,0.80513,1.50,1.50
2011.08.16 01:32:04.325,0.80494,0.80511,1.50,1.50
2011.08.16 01:32:04.658,0.80487,0.8051,2.10,2.25
2011.08.16 01:32:04.776,0.80487,0.8051,2.10,2.25
2011.08.16 01:32:04.886,0.80487,0.80509,1.35,1.50
2011.08.16 01:32:06.436,0.80486,0.80505,1.50,2.25
2011.08.16 01:32:06.661,0.80484,0.80501,1.73,1.50
2011.08.16 01:32:07.655,0.80481,0.80504,1.50,2.25
2011.08.16 01:32:08.125,0.8048,0.80504,1.88,3.00
2011.08.16 01:32:09.437,0.80479,0.805,2.10,1.13
2011.08.16 01:32:09.995,0.80481,0.80501,1.35,2.25
2011.08.16 01:32:10.546,0.80481,0.805,1.35,1.50
2011.08.16 01:32:10.659,0.80483,0.80503,1.35,3.00
2011.08.16 01:32:11.108,0.80483,0.80505,1.73,1.50
2011.08.16 01:32:11.666,0.80484,0.80505,1.13,1.50
2011.08.16 01:32:11.787,0.80484,0.80505,1.13,1.50
2011.08.16 01:32:12.016,0.80484,0.80505,1.88,1.50
2011.08.16 01:32:12.455,0.80485,0.80506,2.25,1.50
2011.08.16 01:32:13.808,0.80485,0.805,2.25,1.50
2011.08.16 01:32:13.926,0.80483,0.805,1.50,1.50
2011.08.16 01:32:14.037,0.80478,0.805,2.25,1.50
2011.08.16 01:32:14.158,0.80478,0.805,1.50,1.50
2011.08.16 01:32:14.387,0.80478,0.805,1.50,1.50
2011.08.16 01:32:16.197,0.8048,0.80501,1.50,2.25
2011.08.16 01:32:17.837,0.8048,0.80498,1.50,1.50
2011.08.16 01:32:17.959,0.80475,0.80496,1.50,1.50
2011.08.16 01:32:18.078,0.80474,0.80495,1.50,1.50
2011.08.16 01:32:18.636,0.80472,0.80493,1.50,3.00
2011.08.16 01:32:18.968,0.80467,0.8049,5.63,2.85
2011.08.16 01:32:19.307,0.80463,0.80482,4.88,2.10
2011.08.16 01:32:19.653,0.80463,0.80478,3.75,1.50
2011.08.16 01:32:19.771,0.80459,0.80476,5.25,1.50
2011.08.16 01:32:19.896,0.80452,0.80475,3.68,1.50
2011.08.16 01:32:20.009,0.80448,0.80472,2.25,1.50
2011.08.16 01:32:20.572,0.80448,0.8047,1.50,2.25
2011.08.16 01:32:21.126,0.80447,0.80471,1.50,2.25
2011.08.16 01:32:21.347,0.80447,0.80471,1.50,1.50
2011.08.16 01:32:21.466,0.80447,0.80472,1.50,1.50
2011.08.16 01:32:22.026,0.80446,0.8047,1.88,1.50
2011.08.16 01:32:22.968,0.80445,0.80469,2.10,1.50
2011.08.16 01:32:23.525,0.80445,0.80467,2.10,1.50
2011.08.16 01:32:24.290,0.80446,0.80462,1.13,1.50
2011.08.16 01:32:24.516,0.80437,0.80457,1.50,1.50
2011.08.16 01:32:25.079,0.80438,0.80455,1.50,1.50
2011.08.16 01:32:25.202,0.80435,0.80455,1.50,1.50
2011.08.16 01:32:25.322,0.80433,0.80452,1.50,1.50
2011.08.16 01:32:25.656,0.80433,0.80452,1.50,1.50
2011.08.16 01:32:25.888,0.80431,0.80456,2.63,1.88
2011.08.16 01:32:26.118,0.80431,0.80454,1.13,1.50
2011.08.16 01:32:26.569,0.80433,0.80456,1.35,1.88
2011.08.16 01:32:26.687,0.80433,0.80456,1.35,1.88
2011.08.16 01:32:26.810,0.80435,0.80457,1.50,2.63
2011.08.16 01:32:27.041,0.80435,0.80457,1.50,1.88
2011.08.16 01:32:27.692,0.80432,0.80453,1.50,1.50
2011.08.16 01:32:27.918,0.80434,0.80457,1.50,2.63
2011.08.16 01:32:28.038,0.80435,0.80457,2.85,1.88
2011.08.16 01:32:29.298,0.80435,0.8046,2.10,2.25
2011.08.16 01:32:29.527,0.80436,0.8046,1.73,1.50
2011.08.16 01:32:29.867,0.80439,0.80462,1.35,2.25
2011.08.16 01:32:30.426,0.80439,0.80462,1.35,1.50
2011.08.16 01:32:32.037,0.80437,0.80461,1.35,2.25
2011.08.16 01:32:32.269,0.80435,0.80459,2.85,2.25
2011.08.16 01:32:32.647,0.80433,0.80457,2.25,1.13
2011.08.16 01:32:34.051,0.80433,0.80455,1.50,1.50
2011.08.16 01:32:34.718,0.80433,0.80455,1.50,1.50
2011.08.16 01:32:34.837,0.80433,0.80455,1.50,2.25
2011.08.16 01:32:35.181,0.80427,0.80441,1.50,1.35
2011.08.16 01:32:35.299,0.80418,0.80441,1.50,2.10
2011.08.16 01:32:35.763,0.80423,0.80445,1.13,2.10
2011.08.16 01:32:35.987,0.80424,0.80448,1.73,1.50
2011.08.16 01:32:36.327,0.80427,0.80449,1.13,1.50
2011.08.16 01:32:36.558,0.80428,0.80453,1.50,1.50
2011.08.16 01:32:36.679,0.80428,0.80452,1.50,1.50
2011.08.16 01:32:36.800,0.80426,0.80451,4.50,1.50
2011.08.16 01:32:36.922,0.80428,0.80453,1.50,1.13
2011.08.16 01:32:37.257,0.80425,0.80451,2.63,1.50
2011.08.16 01:32:37.487,0.80425,0.80451,2.63,1.50
2011.08.16 01:32:38.046,0.80425,0.8045,1.88,1.50
2011.08.16 01:32:40.168,0.80425,0.80448,1.50,1.13
2011.08.16 01:32:40.291,0.80423,0.80447,1.50,1.50
2011.08.16 01:32:40.627,0.8042,0.80444,2.10,1.50
2011.08.16 01:32:40.970,0.80427,0.80447,1.35,1.50
2011.08.16 01:32:41.087,0.80427,0.80448,1.35,1.13
2011.08.16 01:32:41.427,0.80427,0.80451,1.73,1.88
2011.08.16 01:32:41.547,0.80427,0.80451,2.48,1.50
2011.08.16 01:32:42.106,0.80431,0.80454,1.50,1.88
2011.08.16 01:32:43.805,0.80431,0.80454,1.50,1.88
2011.08.16 01:32:44.577,0.80431,0.80454,1.50,2.63
2011.08.16 01:32:44.917,0.80431,0.80454,1.50,2.63
2011.08.16 01:32:46.028,0.80431,0.80454,1.50,2.25
2011.08.16 01:32:46.256,0.80431,0.80455,1.50,1.50
2011.08.16 01:32:46.807,0.8043,0.80455,2.48,1.50
2011.08.16 01:32:47.475,0.80431,0.80455,1.50,1.50
2011.08.16 01:32:47.966,0.80432,0.80455,1.50,1.50
2011.08.16 01:32:48.307,0.80434,0.80457,1.88,1.50
2011.08.16 01:32:48.865,0.80434,0.80457,1.88,1.50
2011.08.16 01:32:49.417,0.80435,0.80457,1.35,1.50
2011.08.16 01:32:49.757,0.80434,0.80457,1.50,2.25
2011.08.16 01:32:50.095,0.80434,0.80457,1.50,2.25
2011.08.16 01:32:50.535,0.80432,0.80454,2.25,1.50
2011.08.16 01:32:51.125,0.80432,0.80454,1.50,1.50
2011.08.16 01:32:51.676,0.80431,0.80454,2.10,1.50
2011.08.16 01:32:52.235,0.80431,0.80454,1.50,2.25
2011.08.16 01:32:54.898,0.8043,0.80453,1.88,1.50
2011.08.16 01:32:55.018,0.8043,0.80452,1.13,1.50
2011.08.16 01:32:55.608,0.80429,0.80449,1.50,2.25
2011.08.16 01:32:55.840,0.80421,0.80443,2.18,2.48
2011.08.16 01:32:55.959,0.80418,0.80441,2.25,1.35
2011.08.16 01:32:56.340,0.80418,0.80441,2.25,1.35
2011.08.16 01:32:56.680,0.80419,0.80441,1.50,1.35
2011.08.16 01:32:56.801,0.80419,0.80443,2.25,1.73
2011.08.16 01:32:57.356,0.80419,0.80441,1.50,1.35
2011.08.16 01:32:57.859,0.80419,0.80441,1.50,2.10
2011.08.16 01:32:57.981,0.80419,0.80441,1.50,1.35
2011.08.16 01:32:58.319,0.80422,0.80446,2.25,3.98
2011.08.16 01:32:58.875,0.80422,0.80446,2.25,3.98
2011.08.16 01:32:59.318,0.80425,0.80447,1.13,1.35
2011.08.16 01:32:59.438,0.80424,0.80447,1.50,1.35
2011.08.16 01:32:59.667,0.80422,0.80444,2.25,1.50
2011.08.16 01:33:00.012,0.80418,0.8044,1.50,1.73
2011.08.16 01:33:00.130,0.80412,0.80437,1.50,1.50
2011.08.16 01:33:00.247,0.80412,0.80437,1.50,1.50
2011.08.16 01:33:00.590,0.8041,0.80435,2.48,1.50
2011.08.16 01:33:00.938,0.80414,0.80435,1.35,1.50
2011.08.16 01:33:01.060,0.80415,0.8044,1.50,1.50
2011.08.16 01:33:01.402,0.80415,0.80437,1.50,1.50
2011.08.16 01:33:01.736,0.80415,0.8044,1.50,1.50
2011.08.16 01:33:02.079,0.80415,0.8044,1.50,1.50
2011.08.16 01:33:02.526,0.80416,0.8044,1.50,1.50
2011.08.16 01:33:03.318,0.80416,0.8044,1.50,1.50
2011.08.16 01:33:03.547,0.80416,0.8044,1.50,1.50
2011.08.16 01:33:04.327,0.80418,0.80443,1.50,2.10
2011.08.16 01:33:05.018,0.80418,0.80443,1.50,2.10
2011.08.16 01:33:05.689,0.8042,0.80443,1.50,2.10
2011.08.16 01:33:08.106,0.80418,0.80443,1.50,1.50
2011.08.16 01:33:08.447,0.8042,0.80443,1.88,1.50
2011.08.16 01:33:08.569,0.8042,0.80443,1.88,1.50
2011.08.16 01:33:09.131,0.80422,0.80443,1.50,1.50
2011.08.16 01:33:09.246,0.80422,0.80443,1.50,1.50
2011.08.16 01:33:09.467,0.8042,0.80443,1.50,1.50
2011.08.16 01:33:09.918,0.80423,0.80443,1.50,1.50
2011.08.16 01:33:11.815,0.80421,0.80447,2.25,2.48
2011.08.16 01:33:12.718,0.80423,0.80447,1.50,2.48
2011.08.16 01:33:12.844,0.80425,0.80447,2.25,1.88
2011.08.16 01:33:13.180,0.80425,0.80447,1.50,1.50
2011.08.16 01:33:13.737,0.80423,0.80447,1.50,1.50
2011.08.16 01:33:14.256,0.80424,0.80447,1.50,1.50
2011.08.16 01:33:14.477,0.80422,0.80445,1.13,1.50
2011.08.16 01:33:15.259,0.80422,0.80445,1.88,1.50
2011.08.16 01:33:15.489,0.80423,0.80447,1.50,1.50
2011.08.16 01:33:17.669,0.80425,0.80447,1.50,1.50
2011.08.16 01:33:17.790,0.80427,0.8045,1.88,1.50
2011.08.16 01:33:18.797,0.80424,0.8045,4.13,1.50
2011.08.16 01:33:19.247,0.80428,0.80449,1.35,1.50
2011.08.16 01:33:19.369,0.80428,0.80452,2.85,1.50
2011.08.16 01:33:19.599,0.80428,0.80452,2.85,1.50
2011.08.16 01:33:20.031,0.80428,0.80452,2.10,1.50
2011.08.16 01:33:21.569,0.80433,0.80455,1.13,1.50
2011.08.16 01:33:21.687,0.80433,0.80457,1.13,1.88
2011.08.16 01:33:22.137,0.80434,0.80458,1.13,1.50
2011.08.16 01:33:22.259,0.80433,0.80452,1.50,1.50
2011.08.16 01:33:22.379,0.80436,0.80456,1.50,1.50
2011.08.16 01:33:22.607,0.80436,0.80457,1.50,1.50
2011.08.16 01:33:24.502,0.80435,0.80459,1.50,1.50
2011.08.16 01:33:26.198,0.80435,0.80459,2.25,2.25
2011.08.16 01:33:27.308,0.80435,0.80454,1.50,1.35
2011.08.16 01:33:27.427,0.80434,0.80454,2.25,1.35
2011.08.16 01:33:27.987,0.80434,0.80454,1.50,1.35
2011.08.16 01:33:29.226,0.80432,0.80456,2.25,1.50
2011.08.16 01:33:29.785,0.80433,0.80456,1.50,1.50
2011.08.16 01:33:30.560,0.80431,0.80454,1.50,1.50
2011.08.16 01:33:31.729,0.8043,0.80451,1.50,2.10
2011.08.16 01:33:32.232,0.80428,0.80451,2.25,2.48
2011.08.16 01:33:32.347,0.80428,0.80451,2.25,2.48
2011.08.16 01:33:46.067,0.80429,0.80449,1.50,1.50
2011.08.16 01:33:46.625,0.80429,0.8045,1.50,1.50
2011.08.16 01:33:48.466,0.80431,0.80454,1.50,1.73
2011.08.16 01:33:52.106,0.80431,0.80454,2.63,1.35
2011.08.16 01:33:52.888,0.80435,0.80454,1.13,1.35
2011.08.16 01:33:53.447,0.80434,0.80458,1.50,1.50
2011.08.16 01:33:54.115,0.80433,0.80456,1.13,1.35
2011.08.16 01:33:54.448,0.80432,0.80456,2.25,1.35
2011.08.16 01:33:55.008,0.80432,0.80452,1.50,1.35
2011.08.16 01:33:55.239,0.80429,0.80452,2.25,1.35
2011.08.16 01:33:55.685,0.80429,0.80452,2.25,1.35
2011.08.16 01:33:57.289,0.80427,0.80449,2.25,1.13
2011.08.16 01:33:57.518,0.80425,0.80449,1.50,1.50
2011.08.16 01:33:57.638,0.80424,0.80449,1.50,1.50
2011.08.16 01:33:58.195,0.80423,0.80448,1.88,2.10
2011.08.16 01:33:58.746,0.80423,0.80448,2.63,2.10
2011.08.16 01:33:59.077,0.80425,0.80448,1.88,1.50
2011.08.16 01:33:59.527,0.80426,0.80448,2.25,1.50
2011.08.16 01:33:59.866,0.80428,0.80451,1.50,1.50
2011.08.16 01:34:00.523,0.8043,0.80453,1.50,2.85
2011.08.16 01:34:00.639,0.80431,0.80453,1.50,1.35
2011.08.16 01:34:01.200,0.80434,0.80454,1.35,1.50
2011.08.16 01:34:01.427,0.80436,0.80457,1.50,1.50
2011.08.16 01:34:01.657,0.80434,0.80456,1.35,1.50
2011.08.16 01:34:01.888,0.80432,0.80455,2.25,1.50
2011.08.16 01:34:02.008,0.80432,0.80455,5.25,1.50
2011.08.16 01:34:02.566,0.80432,0.80454,1.50,1.50
2011.08.16 01:34:02.677,0.8043,0.80454,2.25,1.50
2011.08.16 01:34:03.258,0.8043,0.80453,1.50,1.50
2011.08.16 01:34:03.489,0.80433,0.80455,1.50,1.50
2011.08.16 01:34:03.828,0.8043,0.80453,1.50,1.50
2011.08.16 01:34:03.947,0.80429,0.80453,2.85,1.50
2011.08.16 01:34:05.507,0.8043,0.80453,1.50,1.50
2011.08.16 01:34:06.069,0.80428,0.8045,1.50,1.50
2011.08.16 01:34:06.406,0.80427,0.80449,1.35,1.88
2011.08.16 01:34:06.966,0.80425,0.80446,1.35,1.50
2011.08.16 01:34:07.309,0.80424,0.80446,2.25,1.50
2011.08.16 01:34:12.805,0.80422,0.80444,2.25,1.88
2011.08.16 01:34:13.042,0.80421,0.80442,1.50,1.50
2011.08.16 01:34:13.605,0.8042,0.80442,1.50,1.50
2011.08.16 01:34:16.266,0.8042,0.80444,3.00,3.38
2011.08.16 01:34:20.576,0.80421,0.80444,2.25,2.63
2011.08.16 01:34:20.686,0.80421,0.80444,3.00,1.88
2011.08.16 01:34:20.799,0.80428,0.80446,1.35,1.50
2011.08.16 01:34:21.028,0.80431,0.80452,1.35,1.13
2011.08.16 01:34:21.258,0.80431,0.80453,1.73,1.50
2011.08.16 01:34:21.379,0.80433,0.80453,2.25,1.50
2011.08.16 01:34:21.937,0.80432,0.80453,1.50,1.50
2011.08.16 01:34:22.056,0.80431,0.80453,1.50,1.50
2011.08.16 01:34:22.182,0.80429,0.80451,1.50,3.23
2011.08.16 01:34:22.516,0.80427,0.80449,2.25,1.50
2011.08.16 01:34:24.015,0.80425,0.80447,1.50,1.50
