2007.06.21 22:00:37.949,1.0482,1.0484,12.00,4.00
2007.06.21 22:00:38.047,1.0482,1.0484,4.00,4.00
2007.06.21 22:01:10.463,1.0481,1.04855,12.00,8.00
2007.06.21 22:01:10.491,1.0481,1.0484,12.00,11.90
2007.06.21 22:01:10.556,1.0481,1.0484,12.00,16.00
2007.06.21 22:01:10.584,1.0481,1.04855,12.00,8.00
2007.06.21 22:01:10.591,1.0481,1.0484,4.00,18.40
2007.06.21 22:01:10.650,1.048,1.0484,16.00,18.40
2007.06.21 22:01:13.527,1.0479,1.0484,32.80,18.40
2007.06.21 22:01:14.903,1.0481,1.0484,8.00,18.40
2007.06.21 22:01:14.941,1.0481,1.0484,8.00,10.40
2007.06.21 22:01:15.033,1.0482,1.0484,4.00,6.40
2007.06.21 22:01:15.238,1.0482,1.0484,6.40,4.00
2007.06.21 22:01:17.394,1.0482,1.0484,2.40,4.00
2007.06.21 22:01:17.491,1.0481,1.0484,8.00,4.00
2007.06.21 22:01:17.582,1.0481,1.0484,4.00,4.00
2007.06.21 22:01:19.420,1.0481,1.0483,4.00,4.00
2007.06.21 22:01:19.510,1.0481,1.0483,6.40,4.00
2007.06.21 22:01:36.196,1.0481,1.0483,4.00,4.00
2007.06.21 22:01:37.706,1.048,1.0483,24.80,4.00
2007.06.21 22:02:10.225,1.048,1.0483,24.80,4.00
2007.06.21 22:02:10.253,1.048,1.0483,28.80,4.00
2007.06.21 22:02:10.360,1.048,1.0483,26.40,4.00
2007.06.21 22:02:22.186,1.048,1.0483,24.00,4.00
2007.06.21 22:02:31.843,1.048,1.0483,26.40,4.00
2007.06.21 22:02:31.848,1.0481,1.0483,4.00,4.00
2007.06.21 22:02:32.678,1.0481,1.0483,7.90,4.00
2007.06.21 22:02:34.546,1.0481,1.0484,7.90,4.00
2007.06.21 22:02:42.549,1.0481,1.0484,4.00,4.00
2007.06.21 22:03:08.096,1.0481,1.0485,4.00,22.30
2007.06.21 22:03:08.205,1.0481,1.04845,4.00,8.00
2007.06.21 22:03:08.294,1.0481,1.0483,4.00,4.00
2007.06.21 22:03:55.603,1.0481,1.04845,4.00,8.00
2007.06.21 22:03:56.114,1.0481,1.04845,4.00,0.80
2007.06.21 22:04:06.731,1.0481,1.0484,4.00,0.70
2007.06.21 22:04:06.824,1.0481,1.04845,4.00,12.00
2007.06.21 22:04:25.341,1.0481,1.0485,4.00,0.50
2007.06.21 22:04:25.385,1.0481,1.0484,4.00,6.40
2007.06.21 22:04:47.581,1.0481,1.04845,4.00,8.00
2007.06.21 22:04:54.705,1.0481,1.04845,1.10,8.00
2007.06.21 22:05:32.426,1.0481,1.0484,4.00,15.90
2007.06.21 22:05:32.546,1.0481,1.0484,4.00,4.00
2007.06.21 22:06:14.083,1.0481,1.0483,4.00,4.00
2007.06.21 22:06:24.719,1.048,1.0483,24.00,4.00
2007.06.21 22:06:30.269,1.048,1.0483,24.00,6.40
2007.06.21 22:06:30.367,1.048,1.0483,16.00,6.40
2007.06.21 22:06:30.376,1.048,1.0482,16.00,4.00
2007.06.21 22:06:30.826,1.048,1.0482,12.00,4.00
2007.06.21 22:06:32.022,1.048,1.0482,12.00,0.70
2007.06.21 22:06:37.791,1.048,1.0484,12.00,38.20
2007.06.21 22:06:38.394,1.048,1.0484,16.00,34.30
2007.06.21 22:06:38.506,1.048,1.0484,24.00,34.30
2007.06.21 22:06:40.623,1.048,1.0485,24.00,40.70
2007.06.21 22:06:40.639,1.048,1.0484,26.40,0.90
2007.06.21 22:06:40.708,1.048,1.0484,26.40,0.70
2007.06.21 22:06:40.740,1.048,1.0485,26.40,36.70
2007.06.21 22:06:40.771,1.048,1.0484,26.40,0.90
2007.06.21 22:07:20.170,1.048,1.0484,24.80,19.90
2007.06.21 22:07:20.384,1.0482,1.0484,4.00,7.90
2007.06.21 22:07:21.602,1.0482,1.0484,7.90,4.00
2007.06.21 22:08:01.175,1.04772,1.04822,26.40,22.30
2007.06.21 22:08:01.262,1.04776,1.04811,0.90,0.50
2007.06.21 22:08:01.284,1.04775,1.0481,26.40,40.70
2007.06.21 22:08:03.260,1.04768,1.04813,26.40,40.70
2007.06.21 22:08:03.558,1.04768,1.04813,5.60,0.50
2007.06.21 22:08:04.287,1.04764,1.04814,4.00,27.20
2007.06.21 22:08:04.448,1.04771,1.04806,4.00,39.20
2007.06.21 22:08:05.109,1.04769,1.04804,0.50,0.60
2007.06.21 22:08:05.206,1.04759,1.04814,10.40,35.10
2007.06.21 22:08:05.323,1.04767,1.04802,0.90,0.90
2007.06.21 22:08:05.364,1.04767,1.04802,12.00,10.40
2007.06.21 22:08:05.613,1.04771,1.04801,0.90,0.90
2007.06.21 22:08:05.739,1.04764,1.04809,20.80,19.90
2007.06.21 22:08:05.770,1.04763,1.04813,4.00,24.80
2007.06.21 22:08:05.842,1.04769,1.04804,6.40,36.80
2007.06.21 22:08:06.244,1.04763,1.04813,10.40,28.70
2007.06.21 22:08:06.312,1.04762,1.04807,18.40,39.10
2007.06.21 22:08:06.336,1.04758,1.04803,8.00,12.00
2007.06.21 22:08:06.348,1.04757,1.04801,4.00,27.20
2007.06.21 22:08:06.421,1.04765,1.04795,6.40,36.80
2007.06.21 22:08:08.971,1.04766,1.04796,8.00,0.50
2007.06.21 22:08:09.669,1.04759,1.04804,4.00,26.40
2007.06.21 22:08:09.788,1.04756,1.04806,0.80,0.50
2007.06.21 22:08:09.886,1.04754,1.04804,4.00,24.80
2007.06.21 22:08:09.916,1.04753,1.04803,20.80,19.90
2007.06.21 22:08:10.112,1.04761,1.04796,16.00,0.80
2007.06.21 22:08:10.196,1.0476,1.048,16.00,19.20
2007.06.21 22:08:10.283,1.04768,1.04803,4.00,8.00
2007.06.21 22:08:10.407,1.04774,1.04804,8.00,45.50
2007.06.21 22:08:14.533,1.04776,1.04806,0.50,0.60
2007.06.21 22:08:14.617,1.04772,1.04807,10.40,39.10
2007.06.21 22:08:14.746,1.04775,1.04795,0.80,0.50
2007.06.21 22:08:14.766,1.04766,1.04796,4.00,4.00
2007.06.21 22:08:14.810,1.04757,1.04797,19.90,0.70
2007.06.21 22:08:14.841,1.04756,1.04796,12.00,36.70
2007.06.21 22:08:14.916,1.04755,1.04795,4.00,20.80
2007.06.21 22:08:15.520,1.04762,1.04792,16.00,24.80
2007.06.21 22:08:15.573,1.04763,1.04793,8.00,12.00
2007.06.21 22:08:15.761,1.0477,1.04795,19.90,0.70
2007.06.21 22:08:15.932,1.04772,1.04797,4.00,26.40
2007.06.21 22:08:16.865,1.04772,1.04797,8.00,0.50
2007.06.21 22:08:17.608,1.04773,1.04803,8.00,0.60
2007.06.21 22:08:17.691,1.04786,1.04806,10.40,0.60
2007.06.21 22:08:18.297,1.04784,1.04824,10.40,35.10
2007.06.21 22:08:19.856,1.04798,1.04818,12.00,22.30
2007.06.21 22:08:20.253,1.04792,1.04822,26.40,43.10
2007.06.21 22:08:20.421,1.04789,1.04819,12.00,32.70
2007.06.21 22:08:20.705,1.04778,1.04818,8.00,0.60
2007.06.21 22:08:20.901,1.04772,1.04812,12.00,36.70
2007.06.21 22:08:21.775,1.04771,1.04806,0.90,0.50
2007.06.21 22:08:21.904,1.04776,1.04796,26.40,43.10
2007.06.21 22:08:22.177,1.04767,1.04797,0.50,0.60
2007.06.21 22:08:22.199,1.04769,1.04789,4.00,16.00
2007.06.21 22:08:24.373,1.04766,1.04791,2.40,43.10
2007.06.21 22:08:24.995,1.04766,1.04791,4.00,0.70
2007.06.21 22:08:27.034,1.0477,1.0479,32.70,36.70
2007.06.21 22:08:27.134,1.04774,1.04794,0.70,0.80
2007.06.21 22:08:27.237,1.04774,1.04799,4.00,20.80
2007.06.21 22:08:27.953,1.04773,1.04803,5.60,27.20
2007.06.21 22:08:30.894,1.04776,1.04796,0.90,0.90
2007.06.21 22:08:31.896,1.0477,1.048,12.00,10.40
2007.06.21 22:08:32.005,1.04777,1.04797,16.00,19.20
2007.06.21 22:08:32.181,1.0478,1.048,4.00,4.00
2007.06.21 22:08:32.288,1.0478,1.048,8.00,0.60
2007.06.21 22:08:32.300,1.04774,1.04804,4.00,0.70
2007.06.21 22:08:32.394,1.04771,1.04801,5.60,0.50
2007.06.21 22:08:32.626,1.04771,1.04801,5.60,45.50
2007.06.21 22:08:32.659,1.04781,1.04801,4.00,8.00
2007.06.21 22:08:32.902,1.04784,1.04804,0.90,0.80
2007.06.21 22:09:54.461,1.0482,1.0484,7.90,15.90
2007.06.21 22:09:54.491,1.0482,1.0484,4.00,15.90
2007.06.21 22:09:54.595,1.048,1.0484,19.90,20.00
2007.06.21 22:10:09.441,1.0481,1.0484,4.00,20.00
2007.06.21 22:10:09.560,1.0481,1.0484,4.00,8.00
2007.06.21 22:10:09.961,1.0481,1.0484,4.00,4.00
2007.06.21 22:10:09.999,1.0481,1.0484,4.00,7.90
2007.06.21 22:10:21.452,1.04805,1.0484,8.00,22.30
2007.06.21 22:10:21.459,1.048,1.0484,16.00,22.30
2007.06.21 22:10:35.083,1.0482,1.0484,4.00,10.30
2007.06.21 22:10:36.317,1.0482,1.0484,4.00,6.40
2007.06.21 22:10:59.663,1.0482,1.0484,4.00,4.00
2007.06.21 22:11:09.141,1.0481,1.0483,15.90,4.00
2007.06.21 22:11:09.198,1.0481,1.0483,7.90,4.00
2007.06.21 22:11:09.223,1.0481,1.0483,4.00,4.00
2007.06.21 22:11:09.331,1.048,1.0483,6.40,4.00
2007.06.21 22:11:19.288,1.048,1.0482,6.40,4.00
2007.06.21 22:11:21.589,1.048,1.0482,4.00,4.00
2007.06.21 22:11:22.872,1.048,1.0483,4.00,15.90
2007.06.21 22:11:25.284,1.048,1.0483,4.00,0.60
2007.06.21 22:11:25.365,1.048,1.0483,6.40,0.60
2007.06.21 22:12:07.109,1.048,1.0483,8.80,4.00
2007.06.21 22:12:08.756,1.048,1.0483,6.40,4.00
2007.06.21 22:12:13.749,1.048,1.0483,6.40,15.90
2007.06.21 22:12:13.797,1.048,1.0482,6.40,3.90
2007.06.21 22:12:13.856,1.048,1.0482,2.40,3.90
2007.06.21 22:12:14.402,1.0479,1.0482,20.80,3.90
2007.06.21 22:12:22.720,1.0479,1.0483,24.70,19.90
2007.06.21 22:12:22.851,1.04795,1.0483,8.00,19.90
2007.06.21 22:12:22.897,1.048,1.0483,6.40,19.90
2007.06.21 22:13:06.500,1.04773,1.04803,8.00,32.70
2007.06.21 22:13:15.060,1.04775,1.04795,4.00,14.40
2007.06.21 22:13:31.268,1.04769,1.04794,24.80,0.80
2007.06.21 22:13:31.664,1.04761,1.04796,6.40,12.00
2007.06.21 22:13:31.740,1.04761,1.04791,6.40,6.40
2007.06.21 22:13:32.491,1.04755,1.04795,6.40,12.00
2007.06.21 22:13:32.515,1.04758,1.04788,26.40,8.00
2007.06.21 22:13:34.651,1.04752,1.04787,16.00,23.20
2007.06.21 22:13:35.172,1.04753,1.04778,26.40,16.80
2007.06.21 22:13:35.586,1.04747,1.04777,8.00,0.50
2007.06.21 22:13:35.687,1.04746,1.04776,26.40,0.70
2007.06.21 22:13:35.822,1.0475,1.0477,6.40,14.40
2007.06.21 22:13:35.917,1.04748,1.04768,10.40,34.40
2007.06.21 22:13:36.637,1.04737,1.04777,26.40,0.60
2007.06.21 22:13:36.756,1.0474,1.04774,9.60,28.80
2007.06.21 22:13:36.857,1.04745,1.0478,26.40,0.60
2007.06.21 22:13:36.943,1.04749,1.04784,26.40,8.00
2007.06.21 22:13:40.189,1.04753,1.04788,8.00,43.20
2007.06.21 22:13:40.201,1.04757,1.04787,27.20,12.00
2007.06.21 22:13:40.263,1.04758,1.04788,12.00,28.80
2007.06.21 22:13:40.371,1.04759,1.04789,10.40,6.40
2007.06.21 22:13:40.404,1.04753,1.04793,10.40,0.70
2007.06.21 22:13:43.745,1.04759,1.04789,12.00,28.80
2007.06.21 22:13:43.756,1.04758,1.04793,8.00,0.80
2007.06.21 22:13:44.245,1.04759,1.04789,24.80,0.90
2007.06.21 22:13:44.662,1.04755,1.0479,26.40,0.70
2007.06.21 22:13:44.757,1.04757,1.04792,20.80,0.90
2007.06.21 22:13:44.785,1.0476,1.04795,16.80,0.90
2007.06.21 22:13:44.926,1.04764,1.04799,1.60,4.00
2007.06.21 22:13:44.984,1.04768,1.04803,22.40,16.80
2007.06.21 22:13:45.184,1.04771,1.04811,6.40,6.40
2007.06.21 22:13:45.252,1.04778,1.04808,26.40,0.60
2007.06.21 22:13:45.284,1.04774,1.04809,18.40,43.20
2007.06.21 22:13:45.374,1.04771,1.04806,28.80,14.40
2007.06.21 22:13:45.402,1.0477,1.048,20.80,0.90
2007.06.21 22:13:45.715,1.04765,1.048,19.20,0.70
2007.06.21 22:13:47.968,1.04762,1.04797,6.40,14.40
2007.06.21 22:13:48.836,1.04767,1.04792,6.40,12.00
2007.06.21 22:13:50.123,1.04766,1.04796,6.40,12.00
2007.06.21 22:13:50.245,1.04768,1.04798,21.60,16.80
2007.06.21 22:13:50.290,1.04767,1.04797,1.60,8.00
2007.06.21 22:13:50.425,1.04771,1.04791,8.00,43.20
2007.06.21 22:13:50.434,1.04767,1.04787,9.60,28.80
2007.06.21 22:13:58.493,1.04766,1.04786,10.40,6.40
2007.06.21 22:13:58.525,1.04765,1.04785,24.80,0.90
2007.06.21 22:13:58.602,1.04753,1.04793,6.40,12.00
2007.06.21 22:13:58.719,1.04752,1.04792,16.00,0.80
2007.06.21 22:13:58.793,1.0476,1.0478,19.20,0.70
2007.06.21 22:14:47.082,1.048,1.0483,14.40,19.90
2007.06.21 22:14:47.155,1.0481,1.0483,4.00,7.90
2007.06.21 22:14:48.215,1.0481,1.0483,4.00,4.00
2007.06.21 22:15:23.153,1.0481,1.0483,4.00,15.90
2007.06.21 22:15:23.258,1.048,1.0483,22.30,15.90
2007.06.21 22:15:23.275,1.048,1.0483,16.00,19.90
2007.06.21 22:15:23.328,1.048,1.0483,12.00,19.90
2007.06.21 22:15:23.391,1.048,1.0483,4.00,19.90
2007.06.21 22:15:40.190,1.04795,1.0483,8.00,7.90
2007.06.21 22:15:40.396,1.0481,1.0483,4.00,7.90
2007.06.21 22:15:41.385,1.0481,1.0483,4.00,4.00
2007.06.21 22:15:49.553,1.0481,1.0484,4.00,32.80
2007.06.21 22:16:04.363,1.04795,1.0483,8.00,0.50
2007.06.21 22:16:04.377,1.048,1.0484,4.00,40.70
2007.06.21 22:16:11.599,1.048,1.0483,0.50,0.70
2007.06.21 22:17:33.346,1.048,1.0483,4.00,7.90
2007.06.21 22:17:33.431,1.048,1.0483,12.00,7.90
2007.06.21 22:17:33.441,1.0481,1.0483,4.00,7.90
2007.06.21 22:17:34.596,1.0481,1.0483,4.00,4.00
2007.06.21 22:18:00.693,1.04802,1.04822,13.50,10.40
2007.06.21 22:18:00.809,1.04794,1.04814,9.60,10.40
2007.06.21 22:18:02.586,1.0478,1.0481,5.60,16.00
2007.06.21 22:18:06.593,1.04774,1.04804,14.40,4.00
2007.06.21 22:18:08.615,1.04766,1.04801,9.60,12.80
2007.06.21 22:18:11.714,1.04763,1.04798,12.00,2.40
2007.06.21 22:18:12.989,1.04764,1.04799,23.90,6.40
2007.06.21 22:18:13.106,1.04769,1.04799,27.20,30.30
2007.06.21 22:18:14.650,1.04774,1.04799,32.80,18.30
2007.06.21 22:18:14.885,1.04774,1.04804,5.60,8.00
2007.06.21 22:18:15.136,1.04774,1.04804,32.80,22.30
2007.06.21 22:18:15.145,1.0477,1.0481,11.90,8.00
2007.06.21 22:18:15.166,1.04771,1.04811,1.60,20.80
2007.06.21 22:18:15.277,1.0477,1.0481,23.90,4.00
2007.06.21 22:18:15.291,1.04767,1.04807,4.00,10.40
2007.06.21 22:18:15.379,1.04769,1.04799,1.60,24.80
2007.06.21 22:18:15.392,1.04766,1.04796,32.80,19.90
2007.06.21 22:18:16.189,1.04756,1.04801,13.50,24.80
2007.06.21 22:18:16.205,1.04761,1.04796,8.00,24.80
2007.06.21 22:18:17.197,1.04755,1.048,1.60,12.00
2007.06.21 22:18:17.335,1.04759,1.04799,23.90,8.00
2007.06.21 22:18:18.976,1.04764,1.04794,11.90,8.00
2007.06.21 22:18:19.060,1.04755,1.04795,13.50,24.80
2007.06.21 22:18:19.982,1.0475,1.0479,24.80,4.00
2007.06.21 22:18:20.000,1.04747,1.04787,5.60,8.00
2007.06.21 22:18:20.074,1.04748,1.04788,0.70,36.80
2007.06.21 22:18:20.213,1.04757,1.04787,1.60,24.80
2007.06.21 22:18:20.320,1.04763,1.04793,1.20,18.40
2007.06.21 22:18:20.554,1.04761,1.04801,13.50,16.80
2007.06.21 22:18:23.646,1.04764,1.04799,13.50,16.80
2007.06.21 22:18:23.801,1.04768,1.04793,12.00,10.40
2007.06.21 22:18:24.151,1.04761,1.04796,1.60,27.20
2007.06.21 22:18:24.338,1.04758,1.04793,12.00,30.30
2007.06.21 22:18:24.481,1.04757,1.04787,1.60,12.80
2007.06.21 22:18:24.570,1.04751,1.04786,9.60,16.80
2007.06.21 22:18:26.783,1.04749,1.04784,43.10,8.00
2007.06.21 22:18:26.802,1.04749,1.04784,19.20,30.30
2007.06.21 22:18:27.099,1.04746,1.04786,32.80,22.30
2007.06.21 22:18:27.198,1.04742,1.04782,1.60,12.80
2007.06.21 22:18:27.300,1.0474,1.0477,5.30,2.40
2007.06.21 22:18:27.317,1.04731,1.04775,4.00,10.40
2007.06.21 22:18:27.386,1.04744,1.04774,1.20,18.40
2007.06.21 22:18:28.523,1.0475,1.04785,27.20,39.10
2007.06.21 22:18:29.377,1.04755,1.0479,12.00,8.00
2007.06.21 22:18:29.589,1.04757,1.04792,4.00,12.80
2007.06.21 22:18:30.218,1.04759,1.04794,1.60,16.80
2007.06.21 22:18:31.537,1.04757,1.04792,22.40,4.00
2007.06.21 22:18:33.678,1.04758,1.04788,1.60,20.80
2007.06.21 22:18:33.797,1.04757,1.04787,27.20,4.00
2007.06.21 22:18:33.995,1.04756,1.04791,28.00,14.40
2007.06.21 22:18:34.008,1.04755,1.04795,11.90,8.00
2007.06.21 22:18:35.210,1.04757,1.04792,22.40,6.40
2007.06.21 22:18:35.773,1.0476,1.0479,32.80,19.90
2007.06.21 22:18:37.062,1.04763,1.04793,40.80,8.00
2007.06.21 22:18:38.119,1.04766,1.04791,1.60,12.80
2007.06.21 22:18:52.034,1.0476,1.04795,28.00,14.40
2007.06.21 22:18:52.043,1.04762,1.04787,27.20,27.90
2007.06.21 22:18:52.068,1.04758,1.04788,5.60,8.00
2007.06.21 22:18:52.123,1.04759,1.04789,28.00,10.40
2007.06.21 22:18:53.653,1.0476,1.0479,1.60,23.20
2007.06.21 22:18:59.355,1.04762,1.04792,1.60,18.40
2007.06.21 22:18:59.510,1.04761,1.04797,9.60,16.80
2007.06.21 22:19:01.544,1.04774,1.04809,1.60,23.20
2007.06.21 22:19:01.568,1.04778,1.04808,8.00,19.90
2007.06.21 22:19:01.616,1.0478,1.0481,26.40,12.80
2007.06.21 22:19:01.775,1.0478,1.0481,1.60,12.80
2007.06.21 22:19:02.187,1.0478,1.0481,14.40,4.00
2007.06.21 22:19:03.026,1.04779,1.04809,1.60,8.00
2007.06.21 22:19:03.257,1.04784,1.04804,5.60,16.00
2007.06.21 22:19:03.372,1.04785,1.04805,32.80,22.30
2007.06.21 22:19:07.564,1.04779,1.04809,13.50,12.80
2007.06.21 22:19:11.408,1.04778,1.04808,0.50,36.80
2007.06.21 22:19:11.440,1.0478,1.0481,14.40,30.30
2007.06.21 22:19:11.754,1.04779,1.04809,24.80,4.00
2007.06.21 22:19:11.859,1.0478,1.0481,9.60,10.40
2007.06.21 22:19:12.437,1.04781,1.04811,4.00,18.40
2007.06.21 22:19:12.557,1.04781,1.04811,38.40,8.00
2007.06.21 22:19:13.294,1.04778,1.04813,35.20,11.90
2007.06.21 22:19:13.351,1.0478,1.0481,27.20,30.30
2007.06.21 22:19:14.109,1.04779,1.04809,1.60,27.20
2007.06.21 22:19:14.142,1.0478,1.0481,12.00,8.00
2007.06.21 22:19:15.480,1.04782,1.04812,0.60,8.00
2007.06.21 22:19:15.605,1.04783,1.04813,5.60,8.00
2007.06.21 22:19:16.379,1.04783,1.04813,0.70,36.80
2007.06.21 22:19:16.523,1.04781,1.04811,1.20,18.40
2007.06.21 22:19:17.195,1.0478,1.0481,1.60,2.40
2007.06.21 22:19:17.275,1.04779,1.04809,32.80,19.90
2007.06.21 22:19:18.627,1.04777,1.04807,11.90,24.80
2007.06.21 22:19:18.638,1.04783,1.04803,1.60,24.80
2007.06.21 22:19:18.875,1.04784,1.04804,11.90,8.00
2007.06.21 22:19:18.924,1.04784,1.04804,4.00,10.40
2007.06.21 22:19:18.958,1.04775,1.04815,40.80,8.00
2007.06.21 22:19:19.401,1.04775,1.04815,22.40,6.40
2007.06.21 22:19:19.469,1.04774,1.04814,1.60,23.20
2007.06.21 22:19:19.482,1.04783,1.04803,12.00,10.40
2007.06.21 22:19:19.564,1.04782,1.04802,9.60,36.80
2007.06.21 22:19:20.077,1.04781,1.04801,1.60,16.80
2007.06.21 22:19:20.199,1.04781,1.04801,1.20,8.00
2007.06.21 22:19:24.181,1.04777,1.04807,0.60,8.00
2007.06.21 22:19:24.317,1.04778,1.04808,1.60,19.90
2007.06.21 22:19:24.552,1.04779,1.04809,13.50,20.80
2007.06.21 22:19:24.561,1.04782,1.04807,5.00,24.80
2007.06.21 22:19:24.671,1.04785,1.04805,9.60,12.80
2007.06.21 22:19:24.779,1.04785,1.04805,32.80,22.30
2007.06.21 22:19:25.052,1.04784,1.04804,23.90,6.40
2007.06.21 22:19:25.073,1.04786,1.04806,1.60,18.40
2007.06.21 22:19:25.165,1.04787,1.04807,0.70,24.80
2007.06.21 22:19:29.027,1.04781,1.04811,11.20,8.00
2007.06.21 22:19:29.130,1.0478,1.0481,1.60,12.00
2007.06.21 22:19:29.668,1.04782,1.04812,40.80,8.00
2007.06.21 22:19:31.945,1.04786,1.04806,1.60,36.80
2007.06.21 22:19:31.989,1.04786,1.04806,13.50,24.80
2007.06.21 22:19:32.102,1.04786,1.04806,1.60,8.00
2007.06.21 22:19:32.133,1.04785,1.04805,1.60,12.00
2007.06.21 22:19:36.419,1.04776,1.04816,5.00,24.80
2007.06.21 22:19:36.583,1.04782,1.04812,1.60,18.40
2007.06.21 22:19:36.632,1.0478,1.0481,19.60,8.00
2007.06.21 22:19:38.046,1.04779,1.04809,4.00,10.40
2007.06.21 22:19:38.311,1.04777,1.04807,32.80,19.90
2007.06.21 22:20:07.147,1.048,1.0483,19.90,4.00
2007.06.21 22:20:07.284,1.048,1.0483,19.90,15.90
2007.06.21 22:20:07.306,1.048,1.0483,11.90,15.90
2007.06.21 22:20:07.336,1.048,1.0483,8.00,19.90
2007.06.21 22:20:07.349,1.048,1.0483,4.00,19.90
2007.06.21 22:20:26.725,1.048,1.0482,4.00,4.00
2007.06.21 22:21:16.377,1.048,1.0482,12.00,4.00
2007.06.21 22:21:16.388,1.048,1.0482,15.90,4.00
2007.06.21 22:21:16.461,1.0481,1.0483,4.00,4.00
2007.06.21 22:21:23.956,1.048,1.0483,19.90,4.00
2007.06.21 22:22:04.484,1.04778,1.04798,22.40,0.60
2007.06.21 22:22:04.532,1.04776,1.04796,12.00,40.80
2007.06.21 22:22:04.612,1.04774,1.04789,12.00,40.80
2007.06.21 22:22:04.658,1.04769,1.04789,36.80,8.00
2007.06.21 22:22:06.760,1.04764,1.04794,12.00,40.80
2007.06.21 22:22:22.243,1.04763,1.04798,14.40,38.40
2007.06.21 22:22:28.206,1.04775,1.04795,39.20,8.00
2007.06.21 22:22:28.382,1.04775,1.04795,8.00,24.80
2007.06.21 22:22:32.440,1.04761,1.04796,9.60,41.60
2007.06.21 22:22:34.113,1.04753,1.04783,39.20,8.00
2007.06.21 22:22:34.654,1.04742,1.04782,22.30,20.00
2007.06.21 22:22:35.563,1.0475,1.0478,36.80,8.00
2007.06.21 22:22:35.726,1.04752,1.04792,4.00,8.00
2007.06.21 22:22:35.779,1.04758,1.04798,14.40,4.00
2007.06.21 22:22:35.788,1.04762,1.04802,9.60,41.60
2007.06.21 22:22:35.857,1.04767,1.04797,38.40,8.00
2007.06.21 22:22:35.887,1.04762,1.04802,40.80,8.00
2007.06.21 22:22:36.572,1.04767,1.04797,40.80,8.00
2007.06.21 22:22:39.088,1.04762,1.04797,10.40,0.80
2007.06.21 22:22:39.236,1.04759,1.04799,14.40,38.40
2007.06.21 22:22:40.115,1.04763,1.04798,40.80,8.00
2007.06.21 22:22:45.543,1.04768,1.04803,4.00,8.00
2007.06.21 22:22:46.911,1.04777,1.04812,34.30,8.00
2007.06.21 22:22:49.251,1.04791,1.04821,22.40,0.60
2007.06.21 22:22:59.801,1.04798,1.04833,22.30,20.00
2007.06.21 22:22:59.946,1.04806,1.0484,13.60,0.70
2007.06.21 22:23:51.240,1.0481,1.0484,4.00,20.00
2007.06.21 22:23:51.344,1.0481,1.0484,4.00,15.90
2007.06.21 22:23:51.501,1.0481,1.0484,4.00,4.00
2007.06.21 22:24:13.886,1.0481,1.0484,5.50,4.00
2007.06.21 22:24:28.924,1.04805,1.0484,27.90,4.00
2007.06.21 22:24:29.191,1.04805,1.0484,31.90,4.00
2007.06.21 22:24:29.607,1.0481,1.0484,23.90,4.00
2007.06.21 22:24:31.337,1.0481,1.0484,7.30,4.00
2007.06.21 22:24:31.419,1.0481,1.0484,5.30,4.00
2007.06.21 22:24:33.300,1.0481,1.0484,9.90,4.00
2007.06.21 22:24:33.404,1.04805,1.0484,23.90,4.00
2007.06.21 22:24:36.761,1.048,1.0483,24.70,4.00
2007.06.21 22:24:38.690,1.048,1.0483,22.30,4.00
2007.06.21 22:24:38.831,1.048,1.0483,24.70,4.00
2007.06.21 22:24:38.859,1.0481,1.0484,15.90,15.90
2007.06.21 22:24:38.919,1.0482,1.0484,1.50,4.00
2007.06.21 22:24:39.216,1.0481,1.0484,31.80,4.00
2007.06.21 22:24:59.721,1.0482,1.0484,3.90,4.00
2007.06.21 22:24:59.869,1.0481,1.0484,7.90,4.00
2007.06.21 22:25:00.249,1.0481,1.0483,7.90,4.00
2007.06.21 22:25:01.270,1.0481,1.0484,7.90,18.30
2007.06.21 22:25:01.278,1.0481,1.0484,7.90,15.90
2007.06.21 22:25:01.383,1.0481,1.0484,7.90,4.00
2007.06.21 22:25:21.212,1.0481,1.0484,4.00,7.90
2007.06.21 22:25:21.263,1.04805,1.0484,8.00,7.90
2007.06.21 22:25:21.479,1.048,1.0484,38.40,7.90
2007.06.21 22:25:21.709,1.0481,1.0484,4.00,7.90
2007.06.21 22:25:22.856,1.0481,1.0484,7.90,4.00
2007.06.21 22:25:29.762,1.0481,1.0483,7.90,4.00
2007.06.21 22:25:33.450,1.0481,1.0483,4.00,4.00
2007.06.21 22:25:37.203,1.0481,1.0483,4.00,7.90
2007.06.21 22:25:37.279,1.0481,1.0483,4.00,19.90
2007.06.21 22:25:37.385,1.048,1.0482,16.00,4.00
2007.06.21 22:25:37.460,1.048,1.0482,8.00,4.00
2007.06.21 22:25:37.471,1.048,1.0482,4.00,4.00
2007.06.21 22:25:39.166,1.048,1.0483,4.00,19.90
2007.06.21 22:25:52.338,1.0479,1.0483,24.80,0.60
2007.06.21 22:25:52.348,1.0481,1.0483,4.00,0.80
2007.06.21 22:25:52.415,1.0481,1.0483,4.00,0.60
2007.06.21 22:25:52.773,1.0481,1.0483,7.90,0.60
2007.06.21 22:25:54.708,1.0481,1.0484,4.00,34.30
2007.06.21 22:25:54.759,1.048,1.0483,26.40,0.60
2007.06.21 22:25:54.866,1.048,1.0484,22.40,31.90
2007.06.21 22:25:54.986,1.048,1.0484,14.40,31.90
2007.06.21 22:25:55.281,1.0481,1.0484,4.00,34.30
2007.06.21 22:25:56.249,1.0481,1.0483,7.90,0.70
2007.06.21 22:26:47.065,1.0481,1.0484,3.90,14.30
2007.06.21 22:26:50.448,1.0481,1.04845,3.90,22.30
2007.06.21 22:26:54.627,1.0481,1.04845,3.90,26.30
2007.06.21 22:26:54.648,1.0481,1.0485,3.90,39.10
2007.06.21 22:27:16.103,1.0481,1.0485,3.90,39.10
2007.06.21 22:27:16.228,1.0481,1.04845,3.90,22.30
2007.06.21 22:27:51.634,1.048,1.0484,16.00,14.30
2007.06.21 22:27:55.329,1.048,1.0484,20.00,20.70
2007.06.21 22:27:55.350,1.048,1.0484,20.00,26.30
2007.06.21 22:27:55.359,1.048,1.0484,20.00,18.30
2007.06.21 22:27:55.704,1.048,1.0484,20.00,28.70
2007.06.21 22:27:55.837,1.048,1.0484,20.00,32.70
2007.06.21 22:28:00.439,1.048,1.0484,12.00,32.70
2007.06.21 22:28:00.527,1.048,1.0484,8.00,32.70
2007.06.21 22:28:00.705,1.048,1.0483,8.00,11.90
2007.06.21 22:28:06.693,1.048,1.0483,8.00,14.30
2007.06.21 22:28:07.175,1.0481,1.0483,3.90,14.30
2007.06.21 22:28:07.334,1.0481,1.0484,3.90,20.70
2007.06.21 22:28:07.370,1.0481,1.0484,3.90,18.30
2007.06.21 22:28:07.452,1.0481,1.0484,3.90,14.30
2007.06.21 22:28:22.204,1.0481,1.0484,3.90,11.90
2007.06.21 22:28:29.863,1.0481,1.04845,3.90,19.90
2007.06.21 22:29:22.737,1.048,1.0484,22.40,15.90
2007.06.21 22:29:22.933,1.048,1.0484,22.40,19.90
2007.06.21 22:29:22.964,1.048,1.0484,22.40,27.90
2007.06.21 22:29:24.179,1.048,1.0483,26.40,4.00
2007.06.21 22:29:35.776,1.048,1.0483,24.00,4.00
2007.06.21 22:29:35.861,1.048,1.0482,24.00,4.00
2007.06.21 22:29:35.906,1.048,1.0482,16.00,4.00
2007.06.21 22:29:35.929,1.048,1.0482,12.00,4.00
2007.06.21 22:29:40.327,1.0481,1.0482,3.90,4.00
2007.06.21 22:29:40.341,1.0481,1.0483,7.90,15.90
2007.06.21 22:29:40.851,1.0481,1.0483,7.90,4.00
2007.06.21 22:29:51.844,1.0481,1.0483,4.00,4.00
2007.06.21 22:29:51.918,1.048,1.0483,24.00,4.00
2007.06.21 22:29:52.002,1.048,1.0483,15.90,4.00
2007.06.21 22:29:52.162,1.048,1.0483,7.90,4.00
2007.06.21 22:29:59.960,1.0481,1.0483,4.00,4.00
2007.06.21 22:30:00.872,1.0481,1.0483,7.90,4.00
2007.06.21 22:31:10.066,1.0481,1.0484,7.90,28.00
2007.06.21 22:31:10.223,1.0481,1.0484,19.90,12.00
2007.06.21 22:31:10.259,1.0481,1.0484,23.90,8.00
2007.06.21 22:31:10.377,1.0481,1.0485,31.90,22.40
2007.06.21 22:31:12.645,1.0481,1.0485,31.90,0.50
2007.06.21 22:32:20.653,1.0481,1.0484,19.90,4.00
2007.06.21 22:32:20.741,1.0481,1.0484,7.90,4.00
2007.06.21 22:32:34.645,1.0481,1.0484,10.30,4.00
2007.06.21 22:32:34.714,1.0481,1.0484,18.30,4.00
2007.06.21 22:32:34.717,1.0482,1.0484,4.00,6.40
2007.06.21 22:32:35.765,1.0482,1.0484,7.90,6.40
2007.06.21 22:33:21.093,1.0482,1.0484,7.90,4.00
2007.06.21 22:33:55.309,1.0482,1.0484,4.00,4.00
2007.06.21 22:33:55.419,1.0481,1.0484,19.90,4.00
2007.06.21 22:33:55.451,1.0481,1.0484,11.90,4.00
2007.06.21 22:33:55.515,1.0481,1.0484,7.90,4.00
2007.06.21 22:34:37.860,1.0481,1.0484,7.90,6.40
2007.06.21 22:34:37.864,1.0481,1.0484,7.90,14.40
2007.06.21 22:34:37.964,1.0481,1.0483,7.90,4.00
2007.06.21 22:34:44.485,1.0481,1.0483,7.90,0.90
2007.06.21 22:35:06.392,1.0481,1.0483,7.90,15.90
2007.06.21 22:35:06.491,1.0481,1.0482,3.90,4.00
2007.06.21 22:35:06.669,1.048,1.0482,10.30,4.00
2007.06.21 22:35:12.479,1.048,1.0482,7.90,6.40
2007.06.21 22:35:15.663,1.048,1.0481,3.90,4.00
2007.06.21 22:35:15.795,1.0479,1.0481,12.00,4.00
2007.06.21 22:35:17.825,1.048,1.0482,4.00,6.40
2007.06.21 22:35:19.035,1.048,1.0482,7.90,6.40
2007.06.21 22:35:44.998,1.048,1.0482,7.90,2.40
2007.06.21 22:35:45.148,1.048,1.0483,7.90,12.00
2007.06.21 22:35:45.166,1.048,1.0483,7.90,4.00
2007.06.21 22:35:48.921,1.0481,1.0483,4.00,4.00
2007.06.21 22:35:49.041,1.0481,1.0483,4.00,6.40
2007.06.21 22:35:50.081,1.0481,1.0483,7.90,6.40
2007.06.21 22:35:52.003,1.0481,1.0483,7.90,2.40
2007.06.21 22:35:52.111,1.0481,1.0484,7.90,18.40
2007.06.21 22:35:52.200,1.0481,1.0484,7.90,14.40
2007.06.21 22:35:52.275,1.0481,1.0484,7.90,6.40
2007.06.21 22:35:52.625,1.0481,1.0482,3.90,4.00
2007.06.21 22:35:52.643,1.048,1.0482,26.40,4.00
2007.06.21 22:35:52.740,1.048,1.0483,15.90,22.30
2007.06.21 22:35:52.797,1.048,1.0483,7.90,30.30
2007.06.21 22:35:55.663,1.048,1.0483,7.90,0.70
2007.06.21 22:35:55.852,1.048,1.0485,7.90,40.80
2007.06.21 22:35:56.181,1.048,1.0484,7.90,0.90
2007.06.21 22:35:59.132,1.048,1.0482,7.90,0.60
2007.06.21 22:36:01.190,1.048,1.0484,7.90,34.40
2007.06.21 22:36:01.262,1.048,1.0485,7.90,40.70
2007.06.21 22:36:12.588,1.048,1.0484,7.90,0.50
2007.06.21 22:36:12.665,1.048,1.0485,7.90,40.80
2007.06.21 22:36:12.703,1.048,1.0485,10.30,36.80
2007.06.21 22:36:12.844,1.048,1.0485,14.30,36.80
2007.06.21 22:36:12.866,1.04805,1.0486,8.00,40.70
2007.06.21 22:36:15.126,1.04805,1.0485,8.00,36.70
2007.06.21 22:36:15.155,1.048,1.0484,14.30,0.70
2007.06.21 22:36:15.205,1.048,1.0485,11.90,36.70
2007.06.21 22:36:15.248,1.048,1.0484,7.90,0.90
2007.06.21 22:36:16.125,1.048,1.0485,7.90,36.80
2007.06.21 22:36:21.536,1.0481,1.0484,4.00,34.40
2007.06.21 22:36:21.619,1.0481,1.0484,4.00,24.80
2007.06.21 22:36:21.727,1.0481,1.0484,4.00,20.80
2007.06.21 22:36:21.761,1.0481,1.0484,4.00,12.80
2007.06.21 22:36:21.786,1.0481,1.0484,4.00,10.40
2007.06.21 22:36:22.660,1.0481,1.0484,4.00,6.40
2007.06.21 22:36:22.714,1.0481,1.0484,7.90,6.40
2007.06.21 22:36:27.236,1.0481,1.0484,4.00,10.30
2007.06.21 22:36:27.268,1.048,1.0484,38.40,10.30
2007.06.21 22:36:27.353,1.048,1.0484,36.00,20.70
2007.06.21 22:36:27.368,1.048,1.0483,24.00,11.90
2007.06.21 22:36:53.329,1.0481,1.0484,4.00,22.30
2007.06.21 22:36:53.374,1.0481,1.0484,4.00,19.90
2007.06.21 22:36:53.447,1.0481,1.0484,4.00,15.90
2007.06.21 22:36:53.497,1.0481,1.0484,4.00,7.90
2007.06.21 22:36:54.295,1.0481,1.0484,7.90,4.00
2007.06.21 22:36:54.712,1.0481,1.0484,4.00,7.90
2007.06.21 22:36:54.770,1.0481,1.0484,4.00,15.90
2007.06.21 22:36:54.858,1.048,1.0483,26.40,11.90
2007.06.21 22:36:58.430,1.048,1.0483,24.00,11.90
2007.06.21 22:36:59.314,1.0481,1.0483,4.00,11.90
2007.06.21 22:36:59.535,1.0481,1.0484,4.00,18.30
2007.06.21 22:36:59.714,1.048,1.0484,36.00,18.30
2007.06.21 22:36:59.912,1.048,1.0483,24.00,11.90
2007.06.21 22:37:00.294,1.048,1.0483,24.00,15.90
2007.06.21 22:37:01.318,1.048,1.0483,20.00,15.90
2007.06.21 22:37:01.369,1.048,1.0483,12.00,15.90
2007.06.21 22:37:02.783,1.0481,1.0483,4.00,4.00
2007.06.21 22:37:03.844,1.0481,1.0483,7.90,4.00
2007.06.21 22:37:11.713,1.0481,1.0484,7.90,16.00
2007.06.21 22:37:11.812,1.0481,1.0484,7.90,8.00
2007.06.21 22:37:12.143,1.0481,1.04845,7.90,12.00
2007.06.21 22:37:14.202,1.0481,1.0484,4.00,0.70
2007.06.21 22:37:14.281,1.048,1.0484,26.40,22.20
2007.06.21 22:37:14.326,1.048,1.0483,18.40,0.90
2007.06.21 22:37:14.397,1.048,1.0483,14.40,0.80
2007.06.21 22:37:14.405,1.048,1.0484,12.00,36.60
2007.06.21 22:37:21.673,1.048,1.0483,12.00,0.70
2007.06.21 22:37:26.238,1.048,1.0484,8.00,39.10
2007.06.21 22:37:26.275,1.04795,1.0484,8.00,40.70
2007.06.21 22:37:26.296,1.0479,1.04835,26.40,27.90
2007.06.21 22:37:26.372,1.0479,1.04835,26.40,30.30
2007.06.21 22:37:26.439,1.0479,1.04835,24.00,32.70
2007.06.21 22:37:26.535,1.0479,1.0484,16.00,39.10
2007.06.21 22:37:26.671,1.0479,1.0484,16.00,40.70
2007.06.21 22:37:26.813,1.0479,1.0483,7.90,0.90
2007.06.21 22:37:26.852,1.0479,1.0484,4.00,40.70
2007.06.21 22:37:26.882,1.04785,1.0483,8.00,0.70
2007.06.21 22:37:29.337,1.0479,1.0483,8.00,0.80
2007.06.21 22:37:29.366,1.0479,1.04835,12.00,36.70
2007.06.21 22:37:29.427,1.0479,1.0483,16.00,0.90
2007.06.21 22:37:29.439,1.0479,1.04835,18.40,30.30
2007.06.21 22:37:29.751,1.0479,1.04835,22.30,30.30
2007.06.21 22:37:29.763,1.0479,1.0483,26.40,22.30
2007.06.21 22:37:29.845,1.0479,1.0483,24.00,24.70
2007.06.21 22:37:29.855,1.0479,1.0483,16.00,32.70
2007.06.21 22:37:30.331,1.0479,1.0483,12.00,36.70
2007.06.21 22:37:44.276,1.0479,1.0482,16.00,4.00
2007.06.21 22:37:44.335,1.0479,1.0482,24.00,4.00
2007.06.21 22:37:44.815,1.0479,1.0482,16.00,4.00
2007.06.21 22:37:45.175,1.0479,1.0482,12.00,4.00
2007.06.21 22:37:54.307,1.048,1.0482,4.00,6.40
2007.06.21 22:37:56.822,1.04795,1.0482,8.00,4.00
2007.06.21 22:37:57.304,1.0479,1.0482,16.00,4.00
2007.06.21 22:37:57.872,1.0479,1.0482,12.00,4.00
2007.06.21 22:37:59.645,1.0479,1.0482,20.00,4.00
2007.06.21 22:38:02.757,1.0479,1.0483,20.00,28.70
2007.06.21 22:38:02.838,1.0479,1.0483,24.00,24.70
2007.06.21 22:38:03.362,1.0479,1.0483,24.00,0.60
2007.06.21 22:38:10.229,1.0479,1.04835,36.00,20.70
2007.06.21 22:38:10.353,1.0479,1.0483,36.00,0.60
2007.06.21 22:38:10.429,1.048,1.0483,4.00,0.90
2007.06.21 22:38:10.505,1.048,1.0483,12.00,0.60
2007.06.21 22:39:04.264,1.048,1.0489,12.00,3.20
2007.06.21 22:39:07.918,1.048,1.0489,4.00,3.20
2007.06.21 22:39:07.945,1.04795,1.0489,8.00,3.20
2007.06.21 22:39:09.181,1.048,1.0489,8.00,3.20
2007.06.21 22:39:09.194,1.048,1.0489,12.00,3.20
2007.06.21 22:39:11.522,1.0479,1.0489,36.00,3.20
2007.06.21 22:39:23.514,1.048,1.0489,4.40,3.20
2007.06.21 22:39:23.641,1.0479,1.0489,36.00,3.20
2007.06.21 22:39:37.803,1.048,1.0489,1.10,3.20
2007.06.21 22:39:37.893,1.0479,1.0484,38.40,32.00
2007.06.21 22:39:37.904,1.048,1.0484,5.70,24.00
2007.06.21 22:39:38.283,1.048,1.0484,5.20,26.40
2007.06.21 22:39:38.795,1.0479,1.0484,40.70,22.40
2007.06.21 22:40:30.208,1.048,1.0484,24.00,18.30
2007.06.21 22:40:30.353,1.048,1.0484,36.00,2.40
2007.06.21 22:40:30.438,1.04805,1.0484,8.00,2.40
2007.06.21 22:40:30.458,1.04805,1.0485,8.00,38.40
2007.06.21 22:40:39.338,1.04805,1.04845,8.00,8.00
2007.06.21 22:41:02.699,1.04805,1.0485,8.00,38.40
2007.06.21 22:41:24.304,1.04805,1.0484,8.00,2.40
2007.06.21 22:41:24.393,1.04805,1.0484,8.00,18.30
2007.06.21 22:41:24.535,1.048,1.0484,24.00,18.30
2007.06.21 22:41:33.480,1.048,1.04845,24.00,26.30
2007.06.21 22:42:18.782,1.048,1.0483,24.00,15.90
2007.06.21 22:42:18.901,1.048,1.0483,16.00,15.90
2007.06.21 22:42:18.968,1.048,1.0483,12.00,15.90
2007.06.21 22:42:34.639,1.048,1.04825,12.00,8.00
2007.06.21 22:42:34.860,1.048,1.04825,8.00,8.00
2007.06.21 22:42:34.886,1.048,1.0482,8.00,8.00
2007.06.21 22:42:34.921,1.048,1.0482,4.00,8.00
2007.06.21 22:42:34.957,1.0479,1.0482,14.40,8.00
2007.06.21 22:42:35.013,1.0479,1.0482,12.00,8.00
2007.06.21 22:42:35.163,1.0479,1.0483,20.00,24.70
2007.06.21 22:42:35.170,1.0479,1.0483,24.00,20.70
2007.06.21 22:42:35.957,1.0479,1.0482,24.00,2.40
2007.06.21 22:42:36.399,1.0479,1.0483,24.00,18.30
2007.06.21 22:42:37.062,1.0479,1.0483,0.80,18.30
2007.06.21 22:42:38.705,1.0478,1.0482,26.30,12.00
2007.06.21 22:42:38.824,1.0479,1.0481,0.50,4.00
2007.06.21 22:42:38.835,1.0477,1.0481,20.80,4.00
2007.06.21 22:42:43.798,1.04775,1.0482,0.70,28.70
2007.06.21 22:42:43.916,1.0478,1.0482,23.90,14.40
2007.06.21 22:42:43.941,1.0479,1.0482,0.60,12.00
2007.06.21 22:42:44.303,1.0478,1.0481,26.30,4.00
2007.06.21 22:42:45.838,1.0478,1.0481,14.30,4.00
2007.06.21 22:42:45.897,1.0478,1.0481,14.30,15.90
2007.06.21 22:42:45.946,1.0478,1.0481,3.80,15.90
2007.06.21 22:42:46.373,1.0479,1.04815,1.30,8.00
2007.06.21 22:42:46.560,1.0478,1.04815,23.90,8.00
2007.06.21 22:42:46.593,1.0479,1.04815,4.30,8.00
2007.06.21 22:42:47.419,1.0478,1.04815,26.30,8.00
2007.06.21 22:42:47.436,1.0479,1.0482,2.50,12.00
2007.06.21 22:42:47.475,1.0478,1.0482,34.30,12.00
2007.06.21 22:42:47.500,1.0477,1.0482,40.80,12.00
2007.06.21 22:42:47.602,1.0478,1.04815,6.10,8.00
2007.06.21 22:42:47.691,1.0477,1.04815,40.80,8.00
2007.06.21 22:42:48.330,1.0477,1.0481,32.80,11.90
2007.06.21 22:42:48.398,1.0478,1.0481,5.40,14.30
2007.06.21 22:42:48.429,1.0477,1.0481,26.40,18.30
2007.06.21 22:42:50.339,1.0477,1.0481,28.80,15.90
2007.06.21 22:42:50.368,1.0478,1.0481,12.00,4.00
2007.06.21 22:42:51.291,1.0478,1.0481,11.90,4.00
2007.06.21 22:42:57.867,1.0479,1.0481,2.30,15.90
2007.06.21 22:42:57.961,1.0478,1.0481,7.90,15.90
2007.06.21 22:42:58.056,1.0477,1.0481,24.80,15.90
2007.06.21 22:42:58.247,1.0476,1.0481,31.20,15.90
2007.06.21 22:43:06.403,1.04775,1.0481,3.00,15.90
2007.06.21 22:43:06.428,1.0477,1.0481,36.80,4.00
2007.06.21 22:43:12.488,1.04755,1.0481,46.00,4.00
2007.06.21 22:43:12.553,1.0477,1.0481,8.80,15.90
2007.06.21 22:43:12.634,1.0477,1.0481,6.50,15.90
2007.06.21 22:43:53.933,1.0477,1.0481,26.40,15.90
2007.06.21 22:44:05.762,1.0477,1.0481,24.00,15.90
2007.06.21 22:44:06.983,1.0477,1.0481,26.40,15.90
2007.06.21 22:44:16.646,1.0477,1.0481,38.40,4.00
2007.06.21 22:44:20.037,1.0477,1.048,26.40,11.90
2007.06.21 22:44:20.121,1.0477,1.048,26.40,15.90
2007.06.21 22:44:20.165,1.0477,1.048,26.40,18.30
2007.06.21 22:44:20.218,1.0477,1.048,22.40,18.30
2007.06.21 22:44:20.294,1.0477,1.048,14.40,18.30
2007.06.21 22:44:23.059,1.0477,1.048,26.40,6.40
2007.06.21 22:44:23.109,1.0477,1.048,34.40,6.40
2007.06.21 22:44:23.177,1.0477,1.048,34.40,2.40
2007.06.21 22:44:23.250,1.0475,1.048,2.40,2.40
2007.06.21 22:44:23.287,1.0477,1.0481,40.80,4.00
2007.06.21 22:44:31.118,1.0477,1.048,28.80,11.90
2007.06.21 22:44:31.227,1.0477,1.048,24.80,15.90
2007.06.21 22:44:31.235,1.0477,1.048,16.80,15.90
2007.06.21 22:44:34.058,1.0477,1.04805,28.80,8.00
2007.06.21 22:44:34.152,1.0477,1.04805,32.80,8.00
2007.06.21 22:44:34.273,1.0477,1.0481,40.80,4.00
2007.06.21 22:44:36.753,1.0477,1.04815,40.80,12.00
2007.06.21 22:44:51.066,1.0477,1.04815,36.80,12.00
2007.06.21 22:44:51.132,1.0479,1.04815,4.00,12.00
2007.06.21 22:44:51.164,1.0479,1.04815,4.00,14.40
2007.06.21 22:44:52.354,1.0479,1.0482,7.90,24.80
2007.06.21 22:45:11.486,1.04775,1.0481,8.00,6.40
2007.06.21 22:45:13.469,1.04775,1.0481,8.00,4.00
2007.06.21 22:46:16.943,1.04752,1.04772,4.00,14.40
2007.06.21 22:46:16.979,1.04754,1.04774,16.80,28.70
2007.06.21 22:46:17.053,1.04754,1.04774,19.20,18.30
2007.06.21 22:46:19.768,1.0475,1.0478,19.20,18.30
2007.06.21 22:46:19.826,1.04752,1.04782,4.00,6.40
2007.06.21 22:46:19.976,1.04751,1.04781,16.80,28.70
2007.06.21 22:46:24.339,1.04757,1.04777,4.00,6.40
2007.06.21 22:46:24.401,1.04756,1.04776,4.00,16.80
2007.06.21 22:46:24.506,1.04757,1.04777,19.20,20.70
2007.06.21 22:46:40.200,1.04753,1.04783,4.00,6.40
2007.06.21 22:46:59.967,1.04754,1.04784,4.00,14.40
2007.06.21 22:47:43.925,1.04775,1.0482,8.00,32.00
2007.06.21 22:47:44.247,1.0477,1.04815,32.00,8.00
2007.06.21 22:47:44.451,1.0477,1.0481,32.00,4.00
2007.06.21 22:47:45.138,1.0477,1.0481,38.40,4.00
2007.06.21 22:47:45.495,1.0477,1.04815,38.40,8.00
2007.06.21 22:47:45.758,1.0478,1.0482,8.00,34.40
2007.06.21 22:47:45.779,1.0478,1.0482,12.00,34.40
2007.06.21 22:47:48.445,1.0478,1.0482,14.40,32.00
2007.06.21 22:47:48.455,1.0478,1.0482,26.30,20.00
2007.06.21 22:47:48.542,1.0479,1.0482,4.00,22.40
2007.06.21 22:47:48.967,1.0479,1.0481,7.90,4.00
2007.06.21 22:47:52.321,1.04775,1.0482,8.00,32.70
2007.06.21 22:47:52.715,1.0479,1.0482,12.00,20.80
2007.06.21 22:47:53.141,1.0479,1.0482,12.00,8.80
2007.06.21 22:48:00.801,1.0479,1.0481,12.00,4.00
2007.06.21 22:48:03.382,1.0479,1.0481,12.00,0.50
2007.06.21 22:48:04.327,1.0479,1.0483,12.00,31.10
2007.06.21 22:48:05.093,1.0479,1.04825,12.00,20.80
2007.06.21 22:48:05.145,1.0479,1.04825,12.00,16.80
2007.06.21 22:48:06.860,1.0479,1.04825,12.00,14.40
2007.06.21 22:48:09.710,1.0479,1.0482,12.00,6.40
2007.06.21 22:48:13.685,1.048,1.0482,3.90,14.40
2007.06.21 22:48:13.871,1.048,1.0483,7.90,34.30
2007.06.21 22:48:14.482,1.048,1.0483,7.90,34.30
2007.06.21 22:48:14.592,1.048,1.0483,7.90,34.30
2007.06.21 22:48:16.751,1.048,1.0483,4.00,38.30
2007.06.21 22:48:16.762,1.0479,1.0482,12.00,0.90
2007.06.21 22:48:19.221,1.0479,1.0481,12.00,0.50
2007.06.21 22:48:20.085,1.0479,1.0482,12.00,0.50
2007.06.21 22:48:20.184,1.0479,1.04825,12.00,12.00
2007.06.21 22:48:20.309,1.0479,1.04825,12.00,16.00
2007.06.21 22:48:20.317,1.0479,1.0483,12.00,34.30
2007.06.21 22:48:20.499,1.0479,1.0481,12.00,0.70
2007.06.21 22:48:20.582,1.04775,1.0482,8.00,30.30
2007.06.21 22:48:20.698,1.04775,1.0483,8.00,38.20
2007.06.21 22:48:20.808,1.0479,1.0483,12.00,38.30
2007.06.21 22:48:22.675,1.0479,1.04825,12.00,18.40
2007.06.21 22:48:22.955,1.0479,1.0482,12.00,0.60
2007.06.21 22:48:24.573,1.0479,1.04825,12.00,10.40
2007.06.21 22:48:24.628,1.0479,1.04825,14.40,0.90
2007.06.21 22:48:24.989,1.0479,1.0482,14.40,0.90
2007.06.21 22:48:38.997,1.0479,1.04825,14.40,8.00
2007.06.21 22:48:40.108,1.0479,1.0482,14.40,4.00
2007.06.21 22:48:41.678,1.0479,1.0482,2.90,4.00
2007.06.21 22:49:01.070,1.0479,1.0482,3.30,15.90
2007.06.21 22:49:01.133,1.0478,1.0482,30.40,18.30
2007.06.21 22:49:01.157,1.0479,1.0482,3.00,18.30
2007.06.21 22:49:01.224,1.0479,1.0482,0.50,22.30
2007.06.21 22:49:01.275,1.0477,1.0482,38.40,22.30
2007.06.21 22:49:01.360,1.0478,1.0482,4.50,26.30
2007.06.21 22:49:01.459,1.0477,1.0482,38.40,34.30
2007.06.21 22:49:02.468,1.04775,1.0482,12.00,34.30
2007.06.21 22:49:02.658,1.04775,1.0482,2.00,34.30
2007.06.21 22:49:03.475,1.0478,1.0482,3.90,34.30
2007.06.21 22:49:03.493,1.0477,1.0482,38.40,34.30
2007.06.21 22:49:05.015,1.0478,1.0482,16.00,34.30
2007.06.21 22:49:05.163,1.0478,1.0482,30.30,22.30
2007.06.21 22:49:06.187,1.0479,1.0482,3.60,18.40
2007.06.21 22:49:07.304,1.0478,1.0482,34.20,10.40
2007.06.21 22:49:07.584,1.0478,1.0482,34.20,6.40
2007.06.21 22:49:33.712,1.0479,1.0482,10.30,4.00
2007.06.21 22:49:33.740,1.0479,1.04825,10.30,8.00
2007.06.21 22:49:33.822,1.0479,1.04825,14.40,8.00
2007.06.21 22:49:34.139,1.0479,1.0482,14.40,4.00
2007.06.21 22:49:37.200,1.048,1.0482,3.90,4.00
2007.06.21 22:49:37.309,1.048,1.04825,7.90,8.00
2007.06.21 22:49:38.267,1.0481,1.04825,4.00,8.00
2007.06.21 22:49:38.540,1.0481,1.0483,4.00,19.90
2007.06.21 22:49:38.551,1.0481,1.0483,4.00,15.90
2007.06.21 22:49:38.767,1.0481,1.0483,4.00,4.00
2007.06.21 22:49:39.184,1.04795,1.0483,8.00,4.00
2007.06.21 22:49:39.557,1.0481,1.0483,7.90,4.00
2007.06.21 22:49:43.601,1.0481,1.0483,3.90,4.00
2007.06.21 22:49:43.685,1.048,1.0483,19.90,4.00
2007.06.21 22:49:44.190,1.048,1.0483,16.00,4.00
2007.06.21 22:49:44.310,1.048,1.0483,16.00,7.90
2007.06.21 22:49:44.327,1.048,1.0483,12.00,19.90
2007.06.21 22:49:44.529,1.048,1.0483,8.00,19.90
2007.06.21 22:49:44.665,1.0479,1.0483,26.40,27.90
2007.06.21 22:49:45.066,1.0479,1.0483,26.40,31.90
2007.06.21 22:49:53.474,1.0479,1.0483,22.40,31.90
2007.06.21 22:49:53.563,1.0479,1.0483,14.40,31.90
2007.06.21 22:50:16.679,1.0479,1.0482,14.40,4.00
2007.06.21 22:50:16.815,1.0479,1.0482,12.00,4.00
2007.06.21 22:50:19.792,1.0479,1.04825,12.00,8.00
2007.06.21 22:50:19.972,1.0479,1.0483,12.00,34.30
2007.06.21 22:50:24.393,1.0479,1.0482,12.00,4.00
2007.06.21 22:50:28.373,1.048,1.04825,7.90,8.00
2007.06.21 22:50:29.388,1.048,1.0483,7.90,8.00
2007.06.21 22:50:29.544,1.048,1.0483,7.90,4.00
2007.06.21 22:50:30.729,1.0481,1.0483,4.00,4.00
2007.06.21 22:50:31.824,1.04795,1.0483,8.00,4.00
2007.06.21 22:50:40.374,1.04795,1.0483,8.00,0.80
2007.06.21 22:50:42.052,1.0481,1.0483,7.90,0.80
2007.06.21 22:51:15.404,1.0481,1.0484,7.90,20.00
2007.06.21 22:51:15.488,1.0481,1.0484,7.90,16.00
2007.06.21 22:51:16.850,1.0481,1.0484,7.90,12.00
2007.06.21 22:51:16.893,1.0481,1.0484,7.90,4.00
2007.06.21 22:51:35.834,1.0481,1.0483,7.90,4.00
2007.06.21 22:51:40.616,1.048,1.0483,28.70,4.00
2007.06.21 22:52:00.689,1.048,1.0483,26.30,6.40
2007.06.21 22:53:00.954,1.0481,1.0483,7.90,4.00
2007.06.21 22:53:51.010,1.0481,1.0484,7.90,31.90
2007.06.21 22:53:51.126,1.0481,1.0484,7.90,20.00
2007.06.21 22:53:51.229,1.0481,1.0484,7.90,18.40
2007.06.21 22:53:51.318,1.0481,1.0484,7.90,14.40
2007.06.21 22:53:51.353,1.0481,1.0484,7.90,6.40
2007.06.21 22:53:59.560,1.0481,1.0484,7.90,18.30
2007.06.21 22:53:59.682,1.0481,1.0483,7.90,4.00
2007.06.21 22:54:18.801,1.04774,1.04804,4.00,18.40
2007.06.21 22:54:24.773,1.04779,1.04804,4.00,18.40
2007.06.21 22:54:24.897,1.04786,1.04811,8.00,27.20
2007.06.21 22:54:24.958,1.04797,1.04822,16.80,22.40
2007.06.21 22:54:25.386,1.048,1.0483,4.00,8.00
2007.06.21 22:54:43.750,1.04792,1.04822,4.00,4.00
2007.06.21 22:54:44.540,1.04782,1.04812,4.00,8.00
2007.06.21 22:54:44.557,1.04777,1.04797,16.80,22.40
2007.06.21 22:54:44.784,1.04766,1.04786,6.40,10.40
2007.06.21 22:54:44.880,1.04752,1.04772,6.40,27.20
2007.06.21 22:54:44.934,1.04738,1.04758,8.80,22.40
2007.06.21 22:54:46.256,1.04732,1.04752,8.80,22.40
2007.06.21 22:54:47.320,1.04737,1.04757,4.00,18.40
2007.06.21 22:54:50.616,1.04739,1.04769,4.00,8.00
2007.06.21 22:54:50.647,1.04746,1.04776,6.40,8.00
2007.06.21 22:54:50.789,1.04751,1.04781,6.40,27.20
2007.06.21 22:54:50.841,1.04762,1.04782,8.80,22.40
2007.06.21 22:54:58.557,1.04768,1.04788,5.60,8.00
2007.06.21 22:54:58.647,1.04773,1.04793,6.40,18.40
2007.06.21 22:54:58.839,1.04777,1.04797,4.00,22.40
2007.06.21 22:54:58.876,1.04776,1.04801,8.00,27.20
2007.06.21 22:55:54.296,1.0481,1.0484,7.90,27.90
2007.06.21 22:55:54.414,1.0481,1.0484,7.90,16.00
2007.06.21 22:55:54.481,1.0481,1.0484,7.90,8.00
2007.06.21 22:55:54.511,1.0481,1.0484,7.90,4.00
2007.06.21 22:56:02.845,1.0481,1.0483,7.90,4.00
2007.06.21 22:56:02.994,1.0481,1.0483,7.90,6.40
2007.06.21 22:56:51.395,1.0481,1.0483,7.90,2.40
2007.06.21 22:56:51.543,1.0481,1.0484,7.90,18.40
2007.06.21 22:56:52.545,1.0481,1.0484,7.90,14.40
2007.06.21 22:56:52.645,1.0481,1.0484,7.90,6.40
2007.06.21 22:57:12.060,1.0481,1.0484,7.90,18.30
2007.06.21 22:57:12.166,1.0481,1.0483,7.90,4.00
2007.06.21 22:57:56.984,1.0481,1.0483,3.90,4.00
2007.06.21 22:57:57.044,1.048,1.0483,26.40,4.00
2007.06.21 22:57:57.114,1.048,1.0483,22.30,4.00
2007.06.21 22:57:57.147,1.048,1.0483,19.90,6.40
2007.06.21 22:57:57.409,1.048,1.0483,11.90,6.40
2007.06.21 22:57:57.506,1.048,1.0483,7.90,6.40
2007.06.21 22:57:59.545,1.048,1.0483,10.30,6.40
2007.06.21 22:57:59.652,1.0481,1.0483,4.00,6.40
2007.06.21 22:58:00.664,1.0481,1.0483,7.90,6.40
2007.06.21 22:58:54.452,1.0481,1.0483,7.90,4.00
2007.06.21 22:59:00.207,1.0481,1.0483,4.00,4.00
2007.06.21 22:59:15.755,1.048,1.0483,16.00,4.00
2007.06.21 22:59:15.836,1.048,1.0483,12.00,4.00
2007.06.21 22:59:15.894,1.048,1.0483,4.00,4.00
2007.06.21 22:59:32.127,1.048,1.0483,4.00,6.40
2007.06.21 22:59:32.390,1.0479,1.0483,40.80,6.40
