2007.06.28 12:00:01.927,1.0397,1.0399,9.60,15.90
2007.06.28 12:00:04.395,1.0397,1.0399,12.00,15.90
2007.06.28 12:00:04.431,1.0397,1.0399,10.40,15.90
2007.06.28 12:00:08.409,1.03965,1.0399,18.40,15.90
2007.06.28 12:00:09.192,1.03965,1.0399,18.40,19.90
2007.06.28 12:00:09.349,1.03965,1.0399,12.00,28.00
2007.06.28 12:00:09.400,1.0397,1.0399,0.90,28.00
2007.06.28 12:00:09.423,1.0397,1.0398,1.10,15.90
2007.06.28 12:00:09.997,1.0396,1.0399,20.00,30.40
2007.06.28 12:00:10.225,1.0397,1.0399,0.50,38.40
2007.06.28 12:00:10.355,1.0397,1.0399,0.50,40.80
2007.06.28 12:00:10.551,1.03955,1.0399,17.60,40.80
2007.06.28 12:00:14.729,1.03955,1.0399,16.00,40.80
2007.06.28 12:00:14.799,1.0396,1.03985,1.70,8.00
2007.06.28 12:00:15.754,1.03955,1.0398,16.00,15.90
2007.06.28 12:00:15.887,1.0396,1.0398,1.20,15.90
2007.06.28 12:00:15.925,1.0396,1.0398,0.80,19.90
2007.06.28 12:00:15.993,1.03955,1.0398,9.60,26.40
2007.06.28 12:00:16.028,1.03955,1.0398,9.60,28.80
2007.06.28 12:00:16.081,1.0396,1.03975,0.60,8.00
2007.06.28 12:00:16.281,1.0394,1.0397,9.80,4.00
2007.06.28 12:00:16.587,1.0394,1.0397,40.80,4.00
2007.06.28 12:00:17.235,1.03945,1.0397,10.40,4.00
2007.06.28 12:00:17.366,1.0395,1.0397,1.90,4.00
2007.06.28 12:00:20.212,1.0395,1.0397,2.40,4.00
2007.06.28 12:00:25.245,1.03945,1.0398,17.60,40.80
2007.06.28 12:00:25.350,1.03945,1.0398,15.20,40.80
2007.06.28 12:00:25.868,1.0394,1.0398,42.30,30.40
2007.06.28 12:00:27.514,1.0394,1.03985,59.90,38.40
2007.06.28 12:00:29.272,1.0395,1.03985,17.60,38.40
2007.06.28 12:00:30.403,1.0394,1.03985,42.30,38.40
2007.06.28 12:00:33.293,1.0395,1.03985,31.90,18.40
2007.06.28 12:00:33.362,1.03955,1.03985,13.60,16.00
2007.06.28 12:00:34.374,1.03955,1.03985,13.60,12.00
2007.06.28 12:00:45.458,1.0396,1.0399,5.60,0.80
2007.06.28 12:00:45.529,1.0396,1.0399,7.20,0.60
2007.06.28 12:00:48.822,1.0396,1.04,5.60,47.20
2007.06.28 12:00:48.894,1.0396,1.03985,5.60,0.70
2007.06.28 12:00:50.772,1.0396,1.03985,5.60,23.90
2007.06.28 12:00:50.897,1.0396,1.03985,5.60,27.90
2007.06.28 12:00:51.106,1.0396,1.03985,1.60,30.30
2007.06.28 12:00:51.161,1.0396,1.03985,1.60,34.40
2007.06.28 12:00:51.284,1.0396,1.03985,1.60,38.40
2007.06.28 12:00:51.415,1.0396,1.0398,1.60,0.80
2007.06.28 12:00:51.463,1.0396,1.0399,1.60,44.80
2007.06.28 12:00:57.819,1.0395,1.0398,7.20,40.80
2007.06.28 12:00:57.915,1.0395,1.0398,3.20,40.80
2007.06.28 12:00:58.205,1.0395,1.0397,3.20,4.00
2007.06.28 12:00:58.217,1.0395,1.0397,1.60,4.00
2007.06.28 12:00:58.347,1.0395,1.0397,1.60,8.00
2007.06.28 12:00:58.451,1.0395,1.0397,1.60,24.00
2007.06.28 12:00:58.671,1.0395,1.0397,1.60,26.40
2007.06.28 12:00:58.984,1.0395,1.0397,1.60,30.40
2007.06.28 12:00:59.169,1.0395,1.0397,1.60,32.80
2007.06.28 12:00:59.656,1.0395,1.0397,1.60,40.80
2007.06.28 12:00:59.682,1.0394,1.0397,3.20,40.80
2007.06.28 12:01:01.689,1.03935,1.0397,11.20,40.80
2007.06.28 12:01:01.921,1.0394,1.0397,3.70,40.80
2007.06.28 12:01:02.296,1.03935,1.0397,15.20,38.40
2007.06.28 12:01:02.343,1.0393,1.0397,42.30,38.40
2007.06.28 12:01:03.360,1.0394,1.0397,4.80,30.40
2007.06.28 12:01:03.422,1.0393,1.0397,42.30,30.40
2007.06.28 12:01:03.917,1.0394,1.0397,16.00,30.40
2007.06.28 12:01:05.022,1.0393,1.0397,42.30,30.40
2007.06.28 12:01:05.858,1.0394,1.0397,4.40,14.40
2007.06.28 12:01:05.894,1.0394,1.0397,31.90,10.40
2007.06.28 12:01:05.922,1.0395,1.0397,2.10,8.00
2007.06.28 12:01:06.048,1.0395,1.0397,1.60,8.00
2007.06.28 12:01:07.047,1.0395,1.0397,2.60,4.00
2007.06.28 12:01:19.246,1.03945,1.0397,13.60,8.00
2007.06.28 12:01:20.061,1.0395,1.0397,1.50,16.00
2007.06.28 12:01:20.074,1.0394,1.0397,26.30,20.00
2007.06.28 12:01:20.638,1.0395,1.0397,0.50,22.40
2007.06.28 12:01:20.910,1.03935,1.0397,31.90,22.40
2007.06.28 12:01:21.345,1.03935,1.0397,33.50,22.40
2007.06.28 12:01:24.217,1.03935,1.0397,37.50,18.40
2007.06.28 12:01:24.339,1.03935,1.0397,21.60,34.40
2007.06.28 12:01:25.163,1.0393,1.0397,43.90,34.40
2007.06.28 12:01:25.370,1.0394,1.0397,4.70,32.00
2007.06.28 12:01:26.902,1.0394,1.0397,4.60,32.00
2007.06.28 12:01:27.066,1.0394,1.0397,3.20,34.40
2007.06.28 12:01:28.441,1.03935,1.0397,37.50,18.40
2007.06.28 12:01:32.287,1.0395,1.0397,4.00,14.40
2007.06.28 12:01:33.823,1.0395,1.0397,4.00,6.40
2007.06.28 12:01:33.832,1.0395,1.0397,5.60,4.00
2007.06.28 12:01:48.173,1.0395,1.0397,5.60,20.00
2007.06.28 12:01:48.242,1.0395,1.0397,1.60,20.00
2007.06.28 12:01:48.547,1.0395,1.0397,1.60,24.00
2007.06.28 12:01:48.771,1.0395,1.0397,1.60,26.40
2007.06.28 12:01:49.119,1.0395,1.0397,1.60,30.40
2007.06.28 12:01:49.487,1.0395,1.0397,1.60,28.00
2007.06.28 12:01:50.311,1.0395,1.0397,1.60,24.00
2007.06.28 12:01:50.994,1.0395,1.0397,1.60,32.00
2007.06.28 12:01:51.302,1.0394,1.0397,21.60,32.00
2007.06.28 12:01:54.197,1.0394,1.0397,17.60,36.00
2007.06.28 12:01:54.269,1.0394,1.0397,13.60,36.00
2007.06.28 12:01:54.607,1.0394,1.0397,11.20,38.40
2007.06.28 12:01:55.081,1.0394,1.0397,11.20,40.80
2007.06.28 12:01:55.130,1.0394,1.0397,3.20,40.80
2007.06.28 12:01:56.691,1.0394,1.0397,7.20,40.80
2007.06.28 12:01:56.713,1.0394,1.0397,15.20,40.80
2007.06.28 12:01:56.878,1.0394,1.0397,15.20,38.40
2007.06.28 12:01:57.769,1.0394,1.0397,19.20,34.40
2007.06.28 12:02:04.532,1.0395,1.0397,5.60,30.40
2007.06.28 12:02:04.683,1.0395,1.0397,5.60,34.40
2007.06.28 12:02:04.779,1.0395,1.0397,1.60,38.40
2007.06.28 12:02:04.895,1.0395,1.0396,1.60,15.90
2007.06.28 12:02:04.914,1.0394,1.0396,15.20,15.90
2007.06.28 12:02:29.575,1.0395,1.0396,1.20,18.30
2007.06.28 12:02:29.663,1.0395,1.0396,0.90,26.30
2007.06.28 12:02:29.682,1.0394,1.0396,0.90,30.30
2007.06.28 12:02:30.691,1.0393,1.0396,14.40,34.30
2007.06.28 12:02:33.761,1.0393,1.0396,9.60,30.30
2007.06.28 12:02:42.374,1.0394,1.0396,5.60,14.40
2007.06.28 12:02:42.552,1.0394,1.0396,5.60,8.00
2007.06.28 12:02:42.589,1.0394,1.0396,9.60,8.00
2007.06.28 12:02:42.668,1.0394,1.0397,9.60,34.40
2007.06.28 12:02:45.292,1.0394,1.0397,7.20,36.80
2007.06.28 12:02:49.885,1.0394,1.0396,7.20,15.90
2007.06.28 12:02:50.123,1.0394,1.0396,5.60,15.90
2007.06.28 12:02:51.115,1.0394,1.0396,5.60,19.90
2007.06.28 12:02:52.470,1.0394,1.0396,5.60,4.00
2007.06.28 12:02:52.657,1.0394,1.0397,5.60,36.80
2007.06.28 12:02:52.682,1.0394,1.0397,7.20,36.80
2007.06.28 12:02:53.899,1.0394,1.0396,7.20,15.90
2007.06.28 12:02:54.016,1.0394,1.0396,5.60,15.90
2007.06.28 12:02:55.216,1.0394,1.0396,5.60,19.90
2007.06.28 12:03:01.769,1.0394,1.0396,5.60,15.90
2007.06.28 12:03:02.057,1.0394,1.0396,8.00,15.90
2007.06.28 12:03:02.468,1.0394,1.0396,8.00,23.90
2007.06.28 12:03:03.087,1.0394,1.0396,8.00,8.00
2007.06.28 12:03:03.218,1.0394,1.0396,6.40,8.00
2007.06.28 12:03:03.309,1.0395,1.0396,1.60,8.00
2007.06.28 12:03:04.742,1.0395,1.03965,1.60,8.00
2007.06.28 12:03:06.229,1.0394,1.03965,6.40,8.00
2007.06.28 12:03:06.253,1.0394,1.03965,10.40,8.00
2007.06.28 12:03:06.289,1.0395,1.03965,4.00,8.00
2007.06.28 12:03:06.307,1.0396,1.03965,2.40,8.00
2007.06.28 12:03:06.517,1.0396,1.0398,2.40,32.00
2007.06.28 12:03:06.541,1.0396,1.03975,1.60,8.00
2007.06.28 12:03:08.498,1.0395,1.03975,6.40,8.00
2007.06.28 12:03:09.000,1.0395,1.03975,4.00,8.00
2007.06.28 12:03:09.833,1.0395,1.0397,4.00,2.40
2007.06.28 12:03:09.864,1.0394,1.0397,22.40,22.30
2007.06.28 12:03:10.156,1.0393,1.0397,28.80,22.30
2007.06.28 12:03:10.249,1.0394,1.0397,3.20,30.40
2007.06.28 12:03:10.361,1.0393,1.0396,28.80,15.90
2007.06.28 12:03:10.785,1.0394,1.0396,5.30,15.90
2007.06.28 12:03:10.803,1.0393,1.0396,24.80,23.90
2007.06.28 12:03:10.903,1.0393,1.0396,24.80,8.00
2007.06.28 12:03:12.399,1.0394,1.03965,4.00,8.00
2007.06.28 12:03:15.793,1.0394,1.03965,6.40,8.00
2007.06.28 12:03:15.803,1.0394,1.03965,22.30,8.00
2007.06.28 12:03:16.048,1.0394,1.0397,22.30,16.00
2007.06.28 12:03:16.063,1.0394,1.0397,22.30,14.40
2007.06.28 12:03:16.205,1.0394,1.0397,26.30,10.40
2007.06.28 12:03:16.308,1.0394,1.0397,10.40,30.30
2007.06.28 12:03:16.413,1.0394,1.0397,14.40,30.30
2007.06.28 12:03:16.821,1.0394,1.03965,14.40,8.00
2007.06.28 12:03:16.913,1.0394,1.03965,30.40,8.00
2007.06.28 12:03:17.551,1.0394,1.0397,30.40,12.00
2007.06.28 12:03:17.852,1.0394,1.0397,30.40,10.40
2007.06.28 12:03:18.549,1.0394,1.0397,30.40,12.00
2007.06.28 12:03:18.560,1.0394,1.03965,30.40,8.00
2007.06.28 12:03:22.063,1.0395,1.03965,4.00,8.00
2007.06.28 12:03:22.193,1.0395,1.0397,4.00,10.40
2007.06.28 12:03:27.024,1.0395,1.0397,4.80,10.40
2007.06.28 12:03:28.731,1.0395,1.0397,4.80,26.30
2007.06.28 12:03:28.802,1.0395,1.0397,4.80,30.30
2007.06.28 12:03:28.873,1.0395,1.03965,4.80,8.00
2007.06.28 12:03:29.316,1.0395,1.03965,0.80,8.00
2007.06.28 12:03:30.199,1.0394,1.03965,15.20,8.00
2007.06.28 12:03:31.371,1.0395,1.03965,1.60,8.00
2007.06.28 12:04:13.432,1.0394,1.03965,12.00,8.00
2007.06.28 12:04:13.476,1.0394,1.03965,9.60,8.00
2007.06.28 12:04:13.640,1.0394,1.0396,9.60,15.90
2007.06.28 12:04:13.799,1.0394,1.0396,5.60,15.90
2007.06.28 12:04:15.103,1.0394,1.0396,1.60,19.90
2007.06.28 12:04:15.426,1.0394,1.0396,1.60,22.30
2007.06.28 12:04:15.595,1.0394,1.03955,1.60,8.00
2007.06.28 12:04:15.614,1.0394,1.03955,5.60,8.00
2007.06.28 12:04:17.638,1.0394,1.0396,5.60,26.30
2007.06.28 12:04:21.352,1.0394,1.03955,5.60,8.00
2007.06.28 12:04:22.084,1.0394,1.0396,5.60,26.30
2007.06.28 12:04:22.878,1.0394,1.0396,1.60,30.30
2007.06.28 12:04:23.651,1.0394,1.03955,1.60,8.00
2007.06.28 12:04:28.674,1.0394,1.03955,17.50,8.00
2007.06.28 12:04:28.800,1.0395,1.03955,4.00,8.00
2007.06.28 12:04:28.977,1.0395,1.0397,4.00,8.80
2007.06.28 12:04:29.093,1.0395,1.0397,4.00,16.80
2007.06.28 12:04:29.219,1.0395,1.0397,4.00,32.80
2007.06.28 12:04:29.401,1.0394,1.0397,12.00,36.80
2007.06.28 12:04:29.456,1.0394,1.0397,8.00,40.80
2007.06.28 12:04:29.475,1.0394,1.03965,8.00,8.00
2007.06.28 12:04:29.559,1.0394,1.03965,5.60,8.00
2007.06.28 12:04:42.433,1.0394,1.0399,5.60,2.40
2007.06.28 12:04:42.709,1.0394,1.0399,7.20,2.40
2007.06.28 12:04:42.826,1.0394,1.0397,7.20,40.80
2007.06.28 12:04:47.713,1.0394,1.0397,7.20,36.80
2007.06.28 12:04:47.772,1.0394,1.0397,7.20,32.80
2007.06.28 12:04:47.883,1.0394,1.0397,7.20,28.70
2007.06.28 12:04:47.897,1.0395,1.0397,1.60,28.70
2007.06.28 12:04:47.926,1.0395,1.0397,1.60,26.30
2007.06.28 12:04:48.083,1.0395,1.0397,1.60,23.90
2007.06.28 12:04:48.117,1.0395,1.0397,1.60,15.90
2007.06.28 12:04:48.435,1.0395,1.0397,1.60,18.30
2007.06.28 12:04:49.211,1.0395,1.0397,1.60,26.30
2007.06.28 12:04:49.262,1.0395,1.0397,1.60,28.70
2007.06.28 12:04:50.418,1.0394,1.0397,5.60,28.70
2007.06.28 12:04:50.486,1.0394,1.0397,5.60,32.80
2007.06.28 12:04:50.657,1.0394,1.0397,5.60,36.80
2007.06.28 12:04:50.784,1.0394,1.0397,7.20,36.80
2007.06.28 12:04:52.246,1.0394,1.0397,7.20,40.80
2007.06.28 12:04:57.722,1.0394,1.0396,3.20,19.90
2007.06.28 12:04:57.894,1.0394,1.0396,3.20,27.90
2007.06.28 12:04:57.973,1.0394,1.0395,1.60,2.40
2007.06.28 12:04:58.288,1.0394,1.0395,1.60,6.40
2007.06.28 12:04:58.370,1.0394,1.0395,1.60,10.40
2007.06.28 12:05:02.026,1.0394,1.0395,1.60,6.40
2007.06.28 12:05:02.080,1.0394,1.0395,1.60,2.40
2007.06.28 12:05:05.991,1.0393,1.0395,16.00,2.40
2007.06.28 12:05:06.038,1.0393,1.0396,16.00,42.40
2007.06.28 12:05:06.147,1.0393,1.0396,20.00,38.40
2007.06.28 12:05:06.474,1.0395,1.0396,1.60,22.40
2007.06.28 12:05:06.825,1.0395,1.0396,1.60,18.40
2007.06.28 12:05:06.853,1.0395,1.0396,1.60,10.40
2007.06.28 12:05:06.913,1.0395,1.0396,1.60,6.40
2007.06.28 12:05:20.826,1.0395,1.0396,1.60,22.40
2007.06.28 12:05:22.338,1.0394,1.0396,5.60,22.40
2007.06.28 12:05:24.283,1.0394,1.0396,21.50,6.40
2007.06.28 12:05:24.351,1.0394,1.0396,21.50,4.00
2007.06.28 12:05:24.365,1.0394,1.0396,23.10,4.00
2007.06.28 12:05:24.408,1.0395,1.0396,1.60,4.00
2007.06.28 12:05:28.033,1.0395,1.0397,1.60,23.20
2007.06.28 12:05:28.275,1.0394,1.0397,23.10,27.20
2007.06.28 12:05:29.272,1.0395,1.0397,1.60,24.80
2007.06.28 12:05:39.302,1.0395,1.0397,1.60,20.80
2007.06.28 12:05:39.920,1.0395,1.0397,5.60,18.40
2007.06.28 12:05:40.004,1.0395,1.0397,5.60,10.40
2007.06.28 12:05:40.181,1.0396,1.0397,15.90,10.40
2007.06.28 12:05:40.300,1.0396,1.0397,15.90,6.40
2007.06.28 12:05:40.512,1.0396,1.03975,15.90,8.00
2007.06.28 12:05:41.065,1.0396,1.0398,15.90,16.80
2007.06.28 12:05:41.354,1.0395,1.0398,9.60,32.80
2007.06.28 12:05:41.450,1.0395,1.0398,13.60,30.40
2007.06.28 12:05:41.545,1.0395,1.0398,13.60,32.80
2007.06.28 12:05:41.827,1.0395,1.0398,9.60,35.20
2007.06.28 12:05:42.054,1.0395,1.03975,1.60,8.00
2007.06.28 12:05:42.941,1.0395,1.0397,1.60,4.00
2007.06.28 12:05:52.226,1.0395,1.03975,1.60,8.00
2007.06.28 12:05:53.644,1.0395,1.0398,9.60,38.40
2007.06.28 12:05:53.761,1.0396,1.0398,15.90,22.40
2007.06.28 12:05:54.689,1.0396,1.0398,15.90,14.40
2007.06.28 12:05:54.826,1.0396,1.0398,15.90,10.40
2007.06.28 12:06:00.028,1.0396,1.0398,15.90,14.40
2007.06.28 12:06:00.074,1.0396,1.0398,15.90,10.40
2007.06.28 12:06:00.463,1.0396,1.0398,15.90,14.40
2007.06.28 12:06:05.570,1.0396,1.0398,15.90,10.40
2007.06.28 12:06:05.635,1.0396,1.0398,15.90,6.40
2007.06.28 12:06:13.363,1.0395,1.0398,31.90,6.40
2007.06.28 12:06:34.993,1.03955,1.0398,23.90,4.00
2007.06.28 12:06:35.078,1.03955,1.03985,27.90,8.00
2007.06.28 12:06:38.607,1.0397,1.03985,1.10,8.00
2007.06.28 12:06:48.469,1.0397,1.03985,5.60,8.00
2007.06.28 12:06:48.613,1.0398,1.0399,1.60,4.00
2007.06.28 12:06:48.705,1.0398,1.03995,1.60,8.00
2007.06.28 12:06:49.006,1.0398,1.0399,1.60,4.00
2007.06.28 12:06:49.121,1.0396,1.0399,40.00,6.40
2007.06.28 12:06:49.481,1.0396,1.0399,33.50,8.80
2007.06.28 12:06:49.521,1.0396,1.0399,29.50,8.80
2007.06.28 12:06:49.666,1.0397,1.0399,1.60,16.80
2007.06.28 12:06:50.151,1.0397,1.0399,1.60,14.40
2007.06.28 12:06:50.164,1.0397,1.0399,1.60,6.40
2007.06.28 12:06:52.497,1.0397,1.0399,5.60,2.40
2007.06.28 12:06:52.515,1.0397,1.0399,4.00,2.40
2007.06.28 12:06:52.801,1.0398,1.0399,1.60,2.40
2007.06.28 12:06:52.877,1.0398,1.04,1.60,40.70
2007.06.28 12:06:52.887,1.0398,1.04,1.60,40.80
2007.06.28 12:06:53.579,1.0398,1.03995,1.60,8.00
2007.06.28 12:06:55.400,1.0398,1.0399,1.60,4.00
2007.06.28 12:07:01.260,1.0398,1.0399,1.60,8.00
2007.06.28 12:07:01.739,1.0398,1.0399,1.60,16.00
2007.06.28 12:07:01.751,1.0398,1.0399,1.60,18.40
2007.06.28 12:07:02.188,1.0398,1.0399,1.60,22.40
2007.06.28 12:07:02.321,1.0398,1.0399,1.60,24.80
2007.06.28 12:07:02.769,1.0397,1.0399,4.00,24.80
2007.06.28 12:07:08.657,1.0396,1.0399,27.90,24.80
2007.06.28 12:07:09.301,1.0396,1.0398,27.90,2.40
2007.06.28 12:07:09.375,1.0396,1.0398,27.90,10.40
2007.06.28 12:07:10.128,1.0396,1.0398,5.60,10.40
2007.06.28 12:07:10.159,1.03945,1.0398,34.30,10.40
2007.06.28 12:07:10.356,1.03945,1.0398,36.70,8.00
2007.06.28 12:07:10.412,1.0395,1.03985,8.80,8.00
2007.06.28 12:07:10.435,1.0397,1.03985,0.80,8.00
2007.06.28 12:07:10.681,1.0396,1.0399,23.10,27.20
2007.06.28 12:07:12.959,1.0396,1.0402,3.20,2.40
2007.06.28 12:07:12.974,1.0397,1.0398,0.80,8.00
2007.06.28 12:07:13.609,1.0396,1.0398,21.50,8.00
2007.06.28 12:07:13.769,1.0396,1.0399,29.50,24.80
2007.06.28 12:07:14.254,1.0397,1.0399,1.50,24.80
2007.06.28 12:07:20.099,1.0396,1.0398,8.00,22.30
2007.06.28 12:07:20.113,1.0397,1.03975,1.40,8.00
2007.06.28 12:07:20.128,1.0395,1.03975,12.00,8.00
2007.06.28 12:07:20.205,1.0396,1.03975,1.10,8.00
2007.06.28 12:07:21.169,1.0396,1.0398,0.60,40.80
2007.06.28 12:07:22.659,1.0396,1.03975,1.20,8.00
2007.06.28 12:07:24.719,1.0395,1.0398,17.60,23.90
2007.06.28 12:07:25.099,1.0396,1.0398,1.00,27.90
2007.06.28 12:07:25.275,1.0395,1.0398,8.00,30.30
2007.06.28 12:07:25.282,1.0396,1.0398,0.50,32.70
2007.06.28 12:07:26.186,1.0395,1.0398,8.00,36.70
2007.06.28 12:07:26.218,1.0396,1.0398,0.90,40.80
2007.06.28 12:07:26.446,1.0396,1.0398,9.00,24.80
2007.06.28 12:07:26.644,1.0395,1.0398,23.90,20.80
2007.06.28 12:07:26.707,1.0395,1.0398,26.30,14.40
2007.06.28 12:07:26.982,1.0395,1.0398,26.30,10.40
2007.06.28 12:07:27.083,1.0396,1.0398,1.30,8.00
2007.06.28 12:07:27.154,1.0396,1.0402,1.60,2.40
2007.06.28 12:07:27.177,1.0396,1.0402,0.90,2.40
2007.06.28 12:07:29.397,1.0395,1.03985,34.30,8.00
2007.06.28 12:07:40.519,1.0396,1.0398,1.60,15.90
2007.06.28 12:07:40.636,1.0396,1.0398,1.60,19.90
2007.06.28 12:07:40.714,1.0396,1.0398,1.60,27.90
2007.06.28 12:07:40.730,1.0396,1.0398,1.60,30.30
2007.06.28 12:07:41.683,1.0396,1.0398,1.60,34.30
2007.06.28 12:07:49.714,1.0396,1.0397,1.60,4.00
2007.06.28 12:07:49.981,1.0396,1.0397,1.60,23.90
2007.06.28 12:07:50.102,1.0394,1.0397,24.80,23.90
2007.06.28 12:07:50.326,1.03945,1.0397,8.00,23.90
2007.06.28 12:07:50.336,1.0396,1.0397,1.60,8.00
2007.06.28 12:07:50.730,1.0394,1.0397,24.80,8.00
2007.06.28 12:07:52.494,1.0394,1.0397,36.70,12.00
2007.06.28 12:07:52.644,1.0395,1.0397,1.60,12.00
2007.06.28 12:07:55.178,1.0395,1.0397,1.60,8.00
2007.06.28 12:07:55.281,1.0395,1.0397,1.60,4.00
2007.06.28 12:07:55.342,1.0395,1.03975,1.60,8.00
2007.06.28 12:07:55.675,1.0395,1.0398,1.60,32.70
2007.06.28 12:07:55.677,1.0395,1.0398,3.20,32.70
2007.06.28 12:07:58.132,1.0395,1.0398,7.20,32.70
2007.06.28 12:07:58.139,1.0395,1.0398,9.60,30.30
2007.06.28 12:07:58.263,1.0395,1.0398,17.60,30.30
2007.06.28 12:07:58.280,1.0395,1.0398,17.60,27.90
2007.06.28 12:07:58.783,1.0395,1.0398,17.60,19.90
2007.06.28 12:07:58.952,1.0395,1.0398,20.00,19.90
2007.06.28 12:07:59.010,1.0396,1.0398,1.60,19.90
2007.06.28 12:08:01.836,1.0396,1.0398,1.60,27.90
2007.06.28 12:08:03.192,1.0396,1.0398,1.60,30.30
2007.06.28 12:08:03.954,1.0396,1.0398,1.60,32.70
2007.06.28 12:08:04.179,1.0395,1.0398,3.20,32.70
2007.06.28 12:08:05.869,1.0395,1.0398,1.60,32.70
2007.06.28 12:08:16.069,1.0395,1.0398,3.20,36.70
2007.06.28 12:08:16.497,1.0395,1.0398,3.20,40.80
2007.06.28 12:08:22.178,1.0395,1.0398,3.20,36.80
2007.06.28 12:08:22.247,1.0395,1.0398,3.20,32.80
2007.06.28 12:08:22.385,1.0395,1.0398,19.10,10.40
2007.06.28 12:08:22.655,1.0395,1.0398,21.50,8.00
2007.06.28 12:08:22.677,1.0395,1.03985,29.50,8.00
2007.06.28 12:08:22.894,1.0395,1.03985,33.50,8.00
2007.06.28 12:08:22.935,1.03955,1.03985,8.00,8.00
2007.06.28 12:08:23.958,1.0396,1.03985,1.60,8.00
2007.06.28 12:08:40.607,1.0396,1.03985,17.50,8.00
2007.06.28 12:08:40.740,1.0396,1.03985,27.90,8.00
2007.06.28 12:08:40.766,1.0397,1.03985,2.40,8.00
2007.06.28 12:08:40.865,1.0397,1.03985,4.00,8.00
2007.06.28 12:08:41.122,1.0397,1.0399,4.00,12.00
2007.06.28 12:08:41.896,1.0397,1.0399,4.00,8.00
2007.06.28 12:08:56.683,1.0397,1.0399,4.00,4.00
2007.06.28 12:08:56.792,1.0397,1.03995,4.00,8.00
2007.06.28 12:08:57.209,1.0397,1.03995,8.00,8.00
2007.06.28 12:08:57.736,1.0397,1.04,8.00,38.40
2007.06.28 12:08:58.016,1.0397,1.04,9.60,38.40
2007.06.28 12:08:59.791,1.0397,1.04,8.00,38.40
2007.06.28 12:08:59.862,1.0397,1.04,10.40,36.00
2007.06.28 12:09:00.051,1.0398,1.04,1.60,28.00
2007.06.28 12:09:00.944,1.0398,1.04,1.60,24.00
2007.06.28 12:09:01.204,1.0398,1.0399,1.60,4.00
2007.06.28 12:09:01.736,1.0396,1.0399,38.40,6.40
2007.06.28 12:09:04.854,1.0396,1.0399,40.00,6.40
2007.06.28 12:09:04.914,1.0397,1.0399,1.60,6.40
2007.06.28 12:09:10.252,1.0397,1.0399,1.60,2.40
2007.06.28 12:09:10.299,1.0396,1.0399,41.60,2.40
2007.06.28 12:09:10.338,1.0397,1.03995,1.40,8.00
2007.06.28 12:09:10.347,1.03965,1.04,12.00,38.40
2007.06.28 12:09:10.379,1.0397,1.04,1.60,38.40
2007.06.28 12:09:10.794,1.03965,1.04,17.60,38.40
2007.06.28 12:09:20.873,1.0397,1.04,4.50,36.00
2007.06.28 12:09:21.062,1.0397,1.04,20.00,28.00
2007.06.28 12:09:21.387,1.0398,1.04,0.70,24.00
2007.06.28 12:09:24.991,1.0397,1.04,39.90,8.00
2007.06.28 12:09:25.867,1.0398,1.04,0.60,10.40
2007.06.28 12:09:25.890,1.0398,1.04,0.70,14.40
2007.06.28 12:09:25.940,1.0398,1.04,1.10,22.40
2007.06.28 12:09:36.418,1.03965,1.04,33.50,22.40
2007.06.28 12:09:37.445,1.0398,1.04,1.60,14.40
2007.06.28 12:09:37.484,1.0398,1.04,1.60,12.00
2007.06.28 12:09:37.935,1.0398,1.04,1.60,8.00
2007.06.28 12:09:46.729,1.0398,1.04,5.60,8.00
2007.06.28 12:09:46.813,1.0398,1.04,9.60,4.00
2007.06.28 12:09:47.075,1.0398,1.0401,25.50,20.80
2007.06.28 12:09:47.279,1.0398,1.0401,27.10,20.80
2007.06.28 12:09:51.068,1.0399,1.0401,1.60,20.80
2007.06.28 12:10:16.847,1.0399,1.0401,1.60,18.40
2007.06.28 12:10:17.329,1.0399,1.0401,1.60,10.40
2007.06.28 12:10:18.093,1.0399,1.0401,1.60,18.40
2007.06.28 12:10:21.258,1.0399,1.0401,1.60,12.00
2007.06.28 12:10:21.369,1.0399,1.0401,1.60,8.00
2007.06.28 12:10:21.517,1.0399,1.04015,1.60,8.00
2007.06.28 12:10:21.897,1.0399,1.04015,5.60,8.00
2007.06.28 12:10:22.072,1.0399,1.0405,5.60,2.40
2007.06.28 12:10:22.087,1.0399,1.0402,5.60,40.80
2007.06.28 12:10:22.818,1.0399,1.0402,9.60,36.80
2007.06.28 12:10:25.868,1.0399,1.0401,9.60,15.90
2007.06.28 12:10:25.928,1.0399,1.0401,5.60,19.90
2007.06.28 12:10:25.962,1.0399,1.0401,1.60,23.90
2007.06.28 12:10:26.119,1.0398,1.0401,19.20,23.90
2007.06.28 12:10:26.370,1.0398,1.0401,35.10,8.00
2007.06.28 12:10:26.467,1.0398,1.0401,32.70,4.00
2007.06.28 12:10:26.474,1.0398,1.04015,36.70,8.00
2007.06.28 12:10:26.597,1.03985,1.04015,8.00,8.00
2007.06.28 12:10:27.307,1.0399,1.04015,4.00,8.00
2007.06.28 12:10:27.317,1.0399,1.04015,8.00,8.00
2007.06.28 12:10:27.415,1.0399,1.04015,26.30,8.00
2007.06.28 12:10:27.424,1.0399,1.0402,35.90,10.40
2007.06.28 12:10:27.591,1.0399,1.0402,38.30,8.00
2007.06.28 12:10:30.641,1.0399,1.04015,23.90,8.00
2007.06.28 12:10:30.658,1.0399,1.0402,31.90,14.40
2007.06.28 12:10:30.689,1.0399,1.04015,1.60,8.00
2007.06.28 12:10:31.414,1.0399,1.04015,5.60,8.00
2007.06.28 12:10:31.642,1.0399,1.0402,4.00,40.80
2007.06.28 12:10:31.976,1.0399,1.0402,8.00,36.80
2007.06.28 12:10:33.738,1.0399,1.0402,9.60,36.80
2007.06.28 12:10:35.551,1.0399,1.0402,25.50,20.80
2007.06.28 12:10:35.707,1.04,1.0402,4.00,16.80
2007.06.28 12:10:35.787,1.0401,1.0402,1.60,0.80
2007.06.28 12:10:36.511,1.0401,1.0403,1.60,43.10
2007.06.28 12:10:41.378,1.0401,1.0402,1.60,0.60
2007.06.28 12:10:41.440,1.0401,1.0402,1.60,0.90
2007.06.28 12:10:41.489,1.0401,1.0402,1.60,0.80
2007.06.28 12:10:41.679,1.04,1.0402,1.60,0.50
2007.06.28 12:10:41.692,1.04,1.0401,1.60,0.80
2007.06.28 12:10:43.307,1.0399,1.0402,8.00,44.80
2007.06.28 12:10:46.637,1.0399,1.0402,8.00,44.70
2007.06.28 12:10:46.767,1.0399,1.0402,4.00,44.70
2007.06.28 12:10:46.954,1.0399,1.0402,1.60,44.70
2007.06.28 12:10:47.072,1.0399,1.0402,1.60,44.80
2007.06.28 12:10:47.114,1.0399,1.0402,1.60,47.20
2007.06.28 12:10:47.301,1.0399,1.04,1.60,0.80
2007.06.28 12:10:48.434,1.0397,1.04,14.40,0.50
2007.06.28 12:10:48.712,1.0397,1.04,22.40,0.60
2007.06.28 12:10:49.866,1.0399,1.0401,4.00,20.80
2007.06.28 12:10:51.371,1.0399,1.0401,4.00,0.70
2007.06.28 12:10:52.882,1.0399,1.04,4.00,0.60
2007.06.28 12:10:52.966,1.03985,1.0401,8.00,23.90
2007.06.28 12:10:53.761,1.0397,1.0401,19.20,34.30
2007.06.28 12:10:53.956,1.0397,1.04,27.20,0.80
2007.06.28 12:10:54.835,1.0398,1.04,4.00,0.60
2007.06.28 12:10:54.952,1.0398,1.0401,10.40,35.90
2007.06.28 12:10:55.891,1.0399,1.04005,2.40,0.90
2007.06.28 12:10:56.488,1.0399,1.04015,2.40,35.90
2007.06.28 12:10:56.656,1.0399,1.04015,2.40,31.90
2007.06.28 12:10:56.811,1.0399,1.04015,2.40,27.90
2007.06.28 12:10:56.957,1.0399,1.04015,18.30,0.70
2007.06.28 12:10:58.340,1.0399,1.0402,22.30,24.00
2007.06.28 12:10:58.884,1.0399,1.0402,19.90,26.40
2007.06.28 12:10:58.964,1.0399,1.0401,15.90,0.60
2007.06.28 12:10:59.269,1.0398,1.0401,24.80,0.60
2007.06.28 12:10:59.483,1.0398,1.0401,16.80,0.90
2007.06.28 12:10:59.692,1.0398,1.0402,12.80,42.30
2007.06.28 12:11:00.012,1.0398,1.0401,10.40,0.60
2007.06.28 12:11:00.194,1.03975,1.0402,8.00,42.40
2007.06.28 12:11:01.231,1.0398,1.0401,4.80,0.90
2007.06.28 12:11:01.748,1.0398,1.0401,7.20,0.70
2007.06.28 12:11:02.377,1.0398,1.0401,11.20,0.80
2007.06.28 12:11:02.402,1.0398,1.0401,19.20,0.90
2007.06.28 12:11:02.529,1.0398,1.0401,19.20,0.80
2007.06.28 12:11:03.953,1.0398,1.0401,19.20,24.00
2007.06.28 12:11:04.045,1.0398,1.0401,21.60,24.00
2007.06.28 12:11:07.618,1.0398,1.0401,22.40,24.00
2007.06.28 12:11:10.459,1.0398,1.0401,20.00,24.00
2007.06.28 12:11:10.569,1.0398,1.0401,20.00,32.00
2007.06.28 12:11:12.331,1.0398,1.0401,26.40,27.90
2007.06.28 12:11:12.382,1.0398,1.0401,26.40,19.90
2007.06.28 12:11:12.438,1.0399,1.0401,15.90,4.00
2007.06.28 12:11:12.830,1.0398,1.0401,26.40,19.90
2007.06.28 12:11:13.868,1.0398,1.0401,24.00,19.90
2007.06.28 12:11:13.961,1.0398,1.0401,24.00,27.90
2007.06.28 12:11:17.820,1.0398,1.0401,20.00,27.90
2007.06.28 12:11:18.360,1.0399,1.0401,15.90,8.00
2007.06.28 12:11:18.593,1.0399,1.04015,15.90,8.00
2007.06.28 12:11:19.160,1.0399,1.04015,15.90,0.60
2007.06.28 12:11:22.217,1.0399,1.04015,15.90,12.00
2007.06.28 12:11:22.324,1.0398,1.0401,22.40,0.60
2007.06.28 12:11:22.373,1.0398,1.04015,20.00,27.90
2007.06.28 12:11:22.471,1.0398,1.0401,20.00,0.60
2007.06.28 12:11:22.614,1.0398,1.0401,17.60,0.50
2007.06.28 12:11:22.676,1.0398,1.0401,17.60,0.80
2007.06.28 12:11:29.449,1.0398,1.0401,17.60,30.30
2007.06.28 12:11:29.544,1.0398,1.04,20.00,0.60
2007.06.28 12:11:29.649,1.0398,1.04,12.00,0.60
2007.06.28 12:11:29.665,1.0398,1.04005,12.00,27.90
2007.06.28 12:11:29.703,1.0398,1.04005,12.00,30.30
2007.06.28 12:11:30.523,1.0398,1.04005,8.00,30.30
2007.06.28 12:11:30.818,1.0398,1.04,5.60,0.80
2007.06.28 12:11:30.941,1.0398,1.04,5.60,0.70
2007.06.28 12:11:32.253,1.0398,1.0401,9.60,0.90
2007.06.28 12:11:32.530,1.0398,1.04015,20.00,34.30
2007.06.28 12:11:32.748,1.0398,1.0401,16.00,0.80
2007.06.28 12:11:32.976,1.0398,1.0402,8.00,42.30
2007.06.28 12:11:33.024,1.0398,1.0401,5.60,0.80
2007.06.28 12:11:35.799,1.0398,1.0402,8.00,42.30
2007.06.28 12:11:35.815,1.0398,1.0402,8.00,42.30
2007.06.28 12:11:35.881,1.0398,1.0402,12.00,42.30
2007.06.28 12:11:36.200,1.0398,1.0402,20.00,42.30
2007.06.28 12:11:36.634,1.0398,1.0401,24.00,0.50
2007.06.28 12:11:37.559,1.03985,1.0401,8.00,0.90
2007.06.28 12:11:38.423,1.0399,1.0401,1.60,0.50
2007.06.28 12:11:38.458,1.0399,1.04015,5.60,12.00
2007.06.28 12:11:38.805,1.0399,1.0402,9.60,36.70
2007.06.28 12:11:38.890,1.0399,1.0402,25.60,20.80
2007.06.28 12:11:39.847,1.0399,1.04015,29.60,0.90
2007.06.28 12:11:39.914,1.0399,1.0402,32.00,14.40
2007.06.28 12:11:40.291,1.0399,1.0402,40.00,0.80
2007.06.28 12:11:49.361,1.04,1.0402,17.50,6.40
2007.06.28 12:11:49.433,1.04,1.0402,21.60,6.40
2007.06.28 12:11:49.502,1.04,1.0402,21.60,4.00
2007.06.28 12:11:54.305,1.04,1.0402,21.60,6.40
2007.06.28 12:11:54.422,1.04,1.0402,5.60,6.40
2007.06.28 12:11:56.372,1.04,1.0402,21.60,6.40
2007.06.28 12:12:00.436,1.04,1.0402,23.20,6.40
2007.06.28 12:12:06.421,1.04,1.0403,23.20,24.80
2007.06.28 12:12:09.680,1.04,1.0402,23.20,10.40
2007.06.28 12:12:10.018,1.04,1.0402,3.20,10.40
2007.06.28 12:12:10.315,1.04,1.0402,3.20,18.40
2007.06.28 12:12:10.487,1.04,1.0402,1.60,18.40
2007.06.28 12:12:10.653,1.04,1.0401,1.60,4.00
2007.06.28 12:12:10.855,1.0399,1.0401,11.20,4.00
2007.06.28 12:12:11.728,1.0399,1.0401,13.60,4.00
2007.06.28 12:12:11.775,1.04,1.0401,1.60,4.00
2007.06.28 12:12:12.758,1.04,1.0402,1.60,40.80
2007.06.28 12:12:12.841,1.04,1.0402,1.60,24.80
2007.06.28 12:12:13.136,1.0399,1.0402,19.10,22.40
2007.06.28 12:12:13.229,1.0399,1.0402,27.10,22.40
2007.06.28 12:12:13.799,1.0399,1.0401,27.10,4.00
2007.06.28 12:12:14.277,1.0399,1.0402,27.10,22.40
2007.06.28 12:12:14.488,1.0399,1.0402,25.50,24.80
2007.06.28 12:12:14.564,1.0399,1.04015,17.50,8.00
2007.06.28 12:12:14.859,1.0399,1.0401,17.50,4.00
2007.06.28 12:12:15.364,1.0399,1.04015,17.50,8.00
2007.06.28 12:12:15.378,1.0399,1.04015,19.90,8.00
2007.06.28 12:12:15.416,1.0399,1.04015,22.30,8.00
2007.06.28 12:12:16.173,1.0399,1.04015,26.30,8.00
2007.06.28 12:12:16.280,1.04,1.04015,1.60,8.00
2007.06.28 12:12:16.396,1.04,1.0402,1.60,12.00
2007.06.28 12:12:16.459,1.04,1.0402,17.50,12.00
2007.06.28 12:12:16.553,1.04,1.0402,21.50,8.00
2007.06.28 12:12:16.706,1.04,1.0402,23.90,8.00
2007.06.28 12:12:16.925,1.04,1.0402,26.30,8.00
2007.06.28 12:12:17.244,1.04,1.0402,26.30,4.00
2007.06.28 12:12:17.726,1.04,1.0402,22.30,8.00
2007.06.28 12:12:17.770,1.04,1.0402,22.30,12.00
2007.06.28 12:12:17.821,1.04,1.0402,4.00,12.00
2007.06.28 12:12:17.863,1.04,1.0402,1.60,12.00
2007.06.28 12:12:20.557,1.04,1.0402,1.60,20.00
2007.06.28 12:12:20.695,1.0399,1.0402,31.90,20.00
2007.06.28 12:12:21.072,1.0399,1.0402,31.90,12.00
2007.06.28 12:12:21.092,1.0399,1.0402,34.30,12.00
2007.06.28 12:12:25.456,1.0398,1.0402,42.30,12.00
2007.06.28 12:12:26.815,1.0399,1.0402,6.80,28.00
2007.06.28 12:12:26.887,1.0398,1.0402,30.40,30.40
2007.06.28 12:12:26.968,1.03985,1.0402,16.00,38.40
2007.06.28 12:12:28.822,1.03985,1.0401,12.00,4.00
2007.06.28 12:12:29.794,1.0398,1.0401,44.70,8.00
2007.06.28 12:12:29.947,1.0398,1.0401,40.70,12.00
2007.06.28 12:12:32.712,1.0398,1.0401,43.10,8.00
2007.06.28 12:12:32.816,1.0399,1.04015,3.90,8.00
2007.06.28 12:12:33.128,1.03985,1.0402,16.00,38.40
2007.06.28 12:12:33.501,1.03985,1.0402,18.40,36.00
2007.06.28 12:12:33.668,1.0398,1.0402,30.40,28.00
2007.06.28 12:12:34.340,1.0399,1.0402,18.40,28.00
2007.06.28 12:12:34.490,1.0399,1.0402,38.30,12.00
2007.06.28 12:12:36.031,1.04,1.0402,0.50,12.00
2007.06.28 12:12:42.548,1.04,1.0402,19.90,12.00
2007.06.28 12:12:42.641,1.0401,1.0402,6.80,8.00
2007.06.28 12:12:42.745,1.04,1.0402,27.90,4.00
2007.06.28 12:12:42.840,1.04005,1.0404,30.30,24.80
2007.06.28 12:12:43.143,1.04005,1.0403,10.40,19.90
2007.06.28 12:12:43.272,1.04005,1.0403,12.00,22.30
2007.06.28 12:12:43.454,1.04005,1.0403,9.60,22.30
2007.06.28 12:12:44.271,1.0401,1.0403,0.80,26.30
2007.06.28 12:12:44.698,1.04005,1.0403,9.60,23.90
2007.06.28 12:12:44.797,1.04005,1.0403,9.60,19.90
2007.06.28 12:12:44.818,1.04005,1.04035,33.60,8.00
2007.06.28 12:12:44.923,1.0401,1.0404,5.40,20.80
2007.06.28 12:12:45.426,1.04005,1.0404,33.60,18.40
2007.06.28 12:12:45.446,1.04,1.0404,44.00,18.40
2007.06.28 12:12:46.256,1.0401,1.0404,2.70,34.30
2007.06.28 12:12:46.327,1.04,1.0404,44.00,36.70
2007.06.28 12:12:46.466,1.04005,1.0404,13.60,36.70
2007.06.28 12:12:46.934,1.04005,1.0404,13.60,39.10
2007.06.28 12:12:47.124,1.04005,1.0404,16.00,36.70
2007.06.28 12:12:47.231,1.04,1.0404,44.00,28.70
2007.06.28 12:12:49.311,1.04,1.0404,43.90,28.70
2007.06.28 12:12:56.341,1.0401,1.0404,17.60,28.70
2007.06.28 12:12:56.435,1.0401,1.0404,17.60,36.70
2007.06.28 12:12:57.521,1.04,1.0404,43.90,36.70
2007.06.28 12:13:00.230,1.0401,1.0404,33.60,20.80
2007.06.28 12:13:00.322,1.0401,1.0404,33.60,10.40
2007.06.28 12:13:00.364,1.0401,1.0404,36.00,6.40
2007.06.28 12:13:00.393,1.0401,1.0404,40.00,2.40
2007.06.28 12:13:00.499,1.0401,1.04045,42.40,8.00
2007.06.28 12:13:06.389,1.0401,1.0404,42.40,8.00
2007.06.28 12:13:06.438,1.0401,1.0404,40.00,8.00
2007.06.28 12:13:11.766,1.0401,1.0404,32.00,8.00
2007.06.28 12:13:12.081,1.0401,1.0404,32.00,10.40
2007.06.28 12:13:12.280,1.0402,1.0404,2.40,10.40
2007.06.28 12:13:12.611,1.0402,1.0404,6.40,10.40
2007.06.28 12:13:12.928,1.0402,1.0404,10.40,10.40
2007.06.28 12:13:13.391,1.0402,1.0404,6.40,10.40
2007.06.28 12:13:13.482,1.0402,1.0404,4.00,10.40
2007.06.28 12:13:14.207,1.0402,1.0404,5.60,10.40
2007.06.28 12:13:14.217,1.0402,1.0404,5.60,2.40
2007.06.28 12:13:14.319,1.0402,1.0404,5.60,4.80
2007.06.28 12:13:14.710,1.0402,1.0404,1.60,6.40
2007.06.28 12:13:14.802,1.0401,1.0404,41.60,6.40
2007.06.28 12:13:14.921,1.0399,1.0404,2.40,4.00
2007.06.28 12:13:16.257,1.0402,1.0404,4.00,4.00
2007.06.28 12:13:16.355,1.0402,1.0404,6.40,4.00
2007.06.28 12:13:16.388,1.0402,1.0404,10.40,4.00
2007.06.28 12:13:16.456,1.0402,1.0404,12.00,4.00
2007.06.28 12:13:16.584,1.0402,1.04045,16.00,8.00
2007.06.28 12:13:17.787,1.0402,1.04045,13.60,8.00
2007.06.28 12:13:17.816,1.0402,1.0404,13.60,2.40
2007.06.28 12:13:19.883,1.0402,1.0404,16.00,2.40
2007.06.28 12:13:19.903,1.0402,1.04045,16.00,8.00
2007.06.28 12:13:20.276,1.0402,1.0404,16.00,2.40
2007.06.28 12:13:26.382,1.0402,1.0404,17.60,2.40
2007.06.28 12:13:28.022,1.0402,1.0404,16.00,2.40
2007.06.28 12:13:33.361,1.0402,1.04045,16.00,8.00
2007.06.28 12:13:34.169,1.0402,1.04045,32.00,8.00
2007.06.28 12:13:35.175,1.0403,1.0406,1.60,20.70
2007.06.28 12:13:35.183,1.0403,1.0406,1.60,28.70
2007.06.28 12:13:35.836,1.0403,1.0406,3.20,28.70
2007.06.28 12:13:36.799,1.0403,1.0406,3.20,0.80
2007.06.28 12:13:37.182,1.0403,1.0405,3.20,0.90
2007.06.28 12:13:37.283,1.0403,1.0405,3.20,0.50
2007.06.28 12:13:37.411,1.0403,1.04055,1.60,27.90
2007.06.28 12:13:39.782,1.0403,1.0406,1.60,39.10
2007.06.28 12:13:39.836,1.0403,1.0405,1.60,0.60
2007.06.28 12:13:40.913,1.0403,1.0405,1.60,0.70
2007.06.28 12:13:40.988,1.0402,1.0406,13.60,43.10
2007.06.28 12:13:44.487,1.0402,1.0405,21.60,0.80
2007.06.28 12:13:44.866,1.0402,1.0405,24.00,0.50
2007.06.28 12:13:44.913,1.0402,1.04055,21.60,34.30
2007.06.28 12:13:44.962,1.0402,1.0405,13.60,0.70
2007.06.28 12:13:47.256,1.0402,1.0405,13.60,0.90
2007.06.28 12:13:49.807,1.0402,1.0406,12.00,43.10
2007.06.28 12:13:49.823,1.0402,1.04045,12.00,0.80
2007.06.28 12:13:49.905,1.0402,1.04045,8.00,12.00
2007.06.28 12:13:50.840,1.0402,1.0404,4.00,0.80
2007.06.28 12:13:50.980,1.0402,1.04045,1.60,16.00
2007.06.28 12:13:52.698,1.0402,1.04045,1.60,12.00
2007.06.28 12:13:52.740,1.0402,1.04045,1.60,0.60
2007.06.28 12:13:52.846,1.0402,1.04045,8.00,0.70
2007.06.28 12:13:53.856,1.0402,1.04045,10.40,0.90
2007.06.28 12:13:53.883,1.0403,1.0405,2.40,38.40
2007.06.28 12:13:54.020,1.0403,1.0405,2.40,0.60
2007.06.28 12:13:54.202,1.0403,1.0406,2.40,40.80
2007.06.28 12:13:54.804,1.0403,1.04055,2.40,32.00
2007.06.28 12:13:54.901,1.0403,1.04055,4.00,32.00
2007.06.28 12:14:06.372,1.0403,1.0405,4.00,26.40
2007.06.28 12:14:06.451,1.0403,1.0405,1.60,34.40
2007.06.28 12:14:06.520,1.0403,1.0405,1.60,36.80
2007.06.28 12:14:06.745,1.0403,1.0405,1.60,40.80
2007.06.28 12:14:09.850,1.0402,1.0405,8.00,40.80
2007.06.28 12:14:18.274,1.0402,1.0405,8.00,38.40
2007.06.28 12:14:20.364,1.0402,1.04045,8.00,8.00
2007.06.28 12:14:22.309,1.0402,1.04045,9.60,8.00
2007.06.28 12:14:22.364,1.0402,1.0405,9.60,38.40
2007.06.28 12:14:24.330,1.0402,1.0405,9.60,22.40
2007.06.28 12:14:24.539,1.0402,1.0403,9.60,15.90
2007.06.28 12:14:24.636,1.0402,1.0403,7.20,15.90
2007.06.28 12:14:24.773,1.0402,1.0403,3.20,19.90
2007.06.28 12:14:25.593,1.0402,1.0403,1.60,19.90
2007.06.28 12:14:26.381,1.0402,1.0403,1.60,4.00
2007.06.28 12:14:27.412,1.0401,1.0403,20.00,6.40
2007.06.28 12:14:27.493,1.0401,1.0403,20.00,10.40
2007.06.28 12:14:27.505,1.0401,1.0403,17.50,10.40
2007.06.28 12:14:27.559,1.0401,1.0403,17.50,18.40
2007.06.28 12:14:27.943,1.0401,1.0403,17.50,14.40
2007.06.28 12:14:27.958,1.0401,1.0403,17.50,10.40
2007.06.28 12:14:28.060,1.0401,1.0403,17.50,2.40
2007.06.28 12:14:28.140,1.0401,1.04035,17.50,8.00
2007.06.28 12:14:29.270,1.0401,1.0403,1.60,15.90
2007.06.28 12:14:29.394,1.0401,1.0402,1.60,4.00
2007.06.28 12:14:30.220,1.0401,1.0402,1.60,8.00
2007.06.28 12:14:31.808,1.0401,1.0402,17.50,8.00
2007.06.28 12:14:31.907,1.0401,1.0402,19.90,4.00
2007.06.28 12:14:31.960,1.0401,1.0403,22.30,6.40
2007.06.28 12:14:32.095,1.0401,1.0404,23.90,22.40
2007.06.28 12:14:32.113,1.0401,1.0404,23.90,0.90
2007.06.28 12:14:33.604,1.0401,1.0405,27.90,43.10
2007.06.28 12:14:33.744,1.0401,1.0403,20.00,0.50
2007.06.28 12:14:33.829,1.0401,1.0403,16.00,0.50
2007.06.28 12:14:34.246,1.0401,1.0403,8.00,0.60
2007.06.28 12:14:34.257,1.0401,1.0403,5.60,0.80
2007.06.28 12:14:35.070,1.0401,1.0404,5.60,40.70
2007.06.28 12:14:37.773,1.0401,1.0403,3.20,0.50
2007.06.28 12:14:37.902,1.0401,1.0403,3.20,28.00
2007.06.28 12:14:38.316,1.0401,1.0403,1.60,30.40
2007.06.28 12:14:39.026,1.04,1.0404,9.60,43.20
2007.06.28 12:14:39.120,1.04,1.04035,17.60,38.40
2007.06.28 12:14:39.293,1.04,1.04035,20.00,36.00
2007.06.28 12:14:40.287,1.0401,1.04035,1.60,36.00
2007.06.28 12:14:40.687,1.0401,1.04035,1.60,32.00
2007.06.28 12:14:40.712,1.0401,1.0403,1.60,0.60
2007.06.28 12:14:40.851,1.0401,1.0404,17.50,24.80
2007.06.28 12:14:41.428,1.0401,1.0404,17.50,0.60
2007.06.28 12:14:41.508,1.0401,1.0404,19.10,0.70
2007.06.28 12:14:44.262,1.0401,1.0405,23.10,31.20
2007.06.28 12:14:44.309,1.0401,1.0404,7.20,40.70
2007.06.28 12:14:44.372,1.0401,1.0403,9.60,0.90
2007.06.28 12:14:44.428,1.0401,1.0404,5.60,40.70
2007.06.28 12:14:44.667,1.0401,1.0404,3.20,43.10
2007.06.28 12:14:45.581,1.0401,1.0403,3.20,0.70
2007.06.28 12:14:46.437,1.0401,1.0403,19.10,0.80
2007.06.28 12:14:46.496,1.0401,1.0404,23.10,27.20
2007.06.28 12:14:46.611,1.0401,1.0405,25.50,31.20
2007.06.28 12:14:46.688,1.0401,1.0405,21.50,43.10
2007.06.28 12:14:49.398,1.0401,1.0404,23.90,0.80
2007.06.28 12:14:49.509,1.0402,1.0405,1.60,29.60
2007.06.28 12:14:49.582,1.0402,1.0405,4.00,27.20
2007.06.28 12:14:50.588,1.0402,1.0405,4.00,27.20
2007.06.28 12:14:50.934,1.0402,1.0404,4.00,0.70
2007.06.28 12:14:51.078,1.0402,1.04045,4.00,18.40
2007.06.28 12:14:54.157,1.0401,1.04045,43.90,28.80
2007.06.28 12:15:00.245,1.0402,1.0404,4.00,14.40
2007.06.28 12:15:00.272,1.0402,1.0403,4.00,4.00
2007.06.28 12:15:00.366,1.0402,1.0403,4.00,8.00
2007.06.28 12:15:00.443,1.0402,1.0403,1.60,8.00
2007.06.28 12:15:01.644,1.0401,1.0403,5.60,4.00
2007.06.28 12:15:02.291,1.0401,1.0403,21.50,4.00
2007.06.28 12:15:02.405,1.0401,1.0403,23.90,4.00
2007.06.28 12:15:02.825,1.0401,1.0403,8.00,4.00
2007.06.28 12:15:02.905,1.0401,1.0403,23.90,4.00
2007.06.28 12:15:02.936,1.0401,1.0403,21.50,4.00
2007.06.28 12:15:03.956,1.0401,1.04035,21.50,8.00
2007.06.28 12:15:04.470,1.0401,1.0404,29.50,16.80
2007.06.28 12:15:04.659,1.0401,1.0404,31.90,14.40
2007.06.28 12:15:14.442,1.0402,1.0404,1.60,14.40
2007.06.28 12:15:15.590,1.0402,1.0404,3.20,14.40
2007.06.28 12:15:16.008,1.0402,1.0404,1.60,14.40
2007.06.28 12:15:18.416,1.0402,1.0404,1.60,30.40
2007.06.28 12:15:18.585,1.0402,1.0404,1.60,32.80
2007.06.28 12:15:19.886,1.0402,1.0404,1.60,16.80
2007.06.28 12:15:19.980,1.0402,1.0404,1.60,14.40
2007.06.28 12:15:27.938,1.0402,1.0404,1.60,30.40
2007.06.28 12:15:28.487,1.0402,1.0404,1.60,32.80
2007.06.28 12:15:29.287,1.0402,1.0404,1.60,40.80
2007.06.28 12:15:29.344,1.0401,1.0404,3.20,40.80
2007.06.28 12:15:36.474,1.0401,1.0404,5.60,38.40
2007.06.28 12:15:36.518,1.0401,1.0404,21.50,22.40
2007.06.28 12:15:36.803,1.0401,1.0404,25.50,22.40
2007.06.28 12:15:37.276,1.0401,1.0404,27.90,20.00
2007.06.28 12:15:37.317,1.0401,1.0404,35.90,12.00
2007.06.28 12:15:37.894,1.0401,1.0404,20.00,28.00
2007.06.28 12:15:37.991,1.0402,1.0404,1.60,28.00
2007.06.28 12:15:38.362,1.0402,1.0404,1.60,12.00
2007.06.28 12:15:43.798,1.0402,1.0404,3.20,12.00
2007.06.28 12:15:47.316,1.0402,1.0404,19.10,12.00
2007.06.28 12:15:47.436,1.0402,1.0404,23.10,8.00
2007.06.28 12:15:48.091,1.0402,1.0404,31.10,8.00
2007.06.28 12:15:48.650,1.0402,1.0404,31.10,4.00
2007.06.28 12:15:48.660,1.0402,1.0404,33.50,4.00
2007.06.28 12:15:49.018,1.0403,1.0404,15.90,4.00
2007.06.28 12:15:49.121,1.0403,1.0404,23.90,4.00
2007.06.28 12:15:49.218,1.0403,1.0404,27.90,4.00
2007.06.28 12:15:49.289,1.0403,1.04065,27.90,8.00
2007.06.28 12:15:52.687,1.0403,1.0406,27.90,4.00
2007.06.28 12:15:52.905,1.0403,1.0406,12.00,19.90
2007.06.28 12:15:52.955,1.0403,1.0406,12.00,23.90
2007.06.28 12:15:53.108,1.0403,1.04065,12.00,34.30
2007.06.28 12:15:53.847,1.0403,1.04065,12.00,38.40
2007.06.28 12:15:54.046,1.0404,1.0406,1.60,0.90
2007.06.28 12:15:54.145,1.0404,1.04055,1.60,0.70
2007.06.28 12:15:54.557,1.04025,1.04055,8.00,0.50
2007.06.28 12:15:54.675,1.0403,1.04055,1.60,0.90
2007.06.28 12:15:56.102,1.0403,1.04055,1.60,14.40
2007.06.28 12:15:56.274,1.0403,1.04055,1.60,16.80
2007.06.28 12:15:56.631,1.0403,1.04055,1.60,12.80
2007.06.28 12:15:56.792,1.0403,1.04055,1.60,10.40
2007.06.28 12:15:56.805,1.0403,1.0406,1.60,40.80
2007.06.28 12:15:57.067,1.0403,1.04055,1.60,12.00
2007.06.28 12:15:57.148,1.0403,1.04055,1.60,14.40
2007.06.28 12:15:58.223,1.0403,1.04055,1.60,10.40
2007.06.28 12:15:58.528,1.0403,1.04055,1.60,0.60
2007.06.28 12:16:05.381,1.0403,1.0407,1.60,43.20
2007.06.28 12:16:05.700,1.0403,1.0406,23.10,0.90
2007.06.28 12:16:12.890,1.0403,1.0406,27.10,0.80
2007.06.28 12:16:13.297,1.0404,1.0407,4.00,41.50
2007.06.28 12:16:13.530,1.0404,1.0407,4.00,41.50
2007.06.28 12:16:14.661,1.0404,1.0407,19.90,29.60
2007.06.28 12:16:14.804,1.0404,1.0406,19.90,0.50
2007.06.28 12:16:14.852,1.0404,1.0407,21.50,27.20
2007.06.28 12:16:15.261,1.0404,1.0407,25.50,27.20
2007.06.28 12:16:15.929,1.0404,1.0406,25.50,0.90
2007.06.28 12:16:15.972,1.0404,1.0407,27.10,0.60
2007.06.28 12:16:16.480,1.0404,1.0408,7.20,43.20
2007.06.28 12:16:16.610,1.0404,1.0409,3.20,0.60
2007.06.28 12:16:17.033,1.0404,1.0406,3.20,0.90
2007.06.28 12:16:17.123,1.0404,1.0407,3.20,43.10
2007.06.28 12:16:17.744,1.0404,1.0407,3.20,43.10
2007.06.28 12:16:17.956,1.0404,1.0407,3.20,43.10
2007.06.28 12:16:18.064,1.0404,1.0407,1.60,43.10
2007.06.28 12:16:20.200,1.0403,1.0406,12.00,0.70
2007.06.28 12:16:21.371,1.0403,1.0407,12.00,43.10
2007.06.28 12:16:24.416,1.0403,1.0406,8.00,0.90
2007.06.28 12:16:24.471,1.0403,1.0406,5.60,0.70
2007.06.28 12:16:24.618,1.0403,1.0407,3.20,43.10
2007.06.28 12:16:24.713,1.0403,1.0406,3.20,0.70
2007.06.28 12:16:24.894,1.0403,1.0406,3.20,0.90
2007.06.28 12:16:25.386,1.0403,1.0407,7.20,41.50
2007.06.28 12:16:26.750,1.0403,1.0405,7.20,0.90
2007.06.28 12:16:27.284,1.0403,1.0407,7.20,41.50
2007.06.28 12:16:27.379,1.0403,1.0406,7.20,0.90
2007.06.28 12:16:27.542,1.0403,1.0405,3.20,0.60
2007.06.28 12:16:28.070,1.0403,1.04055,3.20,27.90
2007.06.28 12:16:28.693,1.0403,1.04055,1.60,27.90
2007.06.28 12:16:28.870,1.0403,1.0405,4.00,0.70
2007.06.28 12:16:29.334,1.0403,1.04055,8.00,0.50
2007.06.28 12:16:29.408,1.0403,1.0406,5.60,34.30
2007.06.28 12:16:29.534,1.0403,1.04055,1.60,0.70
2007.06.28 12:16:29.644,1.0403,1.0405,1.60,0.80
2007.06.28 12:16:30.355,1.0403,1.04055,1.60,27.90
2007.06.28 12:16:31.236,1.0403,1.0406,1.60,34.30
2007.06.28 12:16:31.601,1.0403,1.0407,5.60,40.70
2007.06.28 12:16:32.524,1.0403,1.0407,1.60,40.70
2007.06.28 12:16:32.653,1.0403,1.0405,1.60,0.90
2007.06.28 12:16:34.703,1.0403,1.0406,5.60,34.30
2007.06.28 12:16:34.816,1.0403,1.0407,5.60,40.70
2007.06.28 12:16:34.843,1.0403,1.0407,8.00,40.70
2007.06.28 12:16:35.765,1.0403,1.0407,4.00,40.70
2007.06.28 12:16:35.822,1.0403,1.0406,4.00,34.30
2007.06.28 12:16:35.961,1.0403,1.0405,1.60,0.70
2007.06.28 12:16:36.741,1.0403,1.0406,5.60,34.30
2007.06.28 12:16:36.915,1.0403,1.0407,5.60,40.70
2007.06.28 12:16:36.924,1.0403,1.0407,8.00,40.70
2007.06.28 12:16:39.697,1.0403,1.0406,12.00,0.50
2007.06.28 12:16:39.844,1.0403,1.0406,20.00,0.90
2007.06.28 12:16:39.874,1.0403,1.0406,20.00,0.60
2007.06.28 12:16:40.166,1.0403,1.0406,22.40,0.50
2007.06.28 12:16:40.331,1.0403,1.04065,22.40,27.90
2007.06.28 12:16:40.467,1.0403,1.0406,38.30,0.50
2007.06.28 12:16:40.561,1.0403,1.04065,38.30,0.80
2007.06.28 12:16:40.798,1.0403,1.04065,42.40,0.60
2007.06.28 12:16:41.142,1.0403,1.0407,42.40,42.40
2007.06.28 12:16:41.211,1.0403,1.0406,40.00,0.50
2007.06.28 12:16:41.381,1.0403,1.0407,40.00,42.40
2007.06.28 12:16:41.399,1.0403,1.0407,42.40,42.40
2007.06.28 12:16:41.698,1.04,1.04065,2.40,0.60
2007.06.28 12:16:41.792,1.0404,1.0407,1.60,40.80
2007.06.28 12:16:41.904,1.0404,1.0407,1.60,0.50
2007.06.28 12:16:42.908,1.0404,1.0407,9.60,0.80
2007.06.28 12:16:43.007,1.0404,1.04075,12.00,38.40
2007.06.28 12:16:43.232,1.0404,1.0407,16.00,0.60
2007.06.28 12:16:43.418,1.0404,1.0407,18.40,0.70
2007.06.28 12:16:43.510,1.0404,1.04075,18.40,36.00
2007.06.28 12:16:43.857,1.0404,1.04075,14.40,38.40
2007.06.28 12:16:43.929,1.0404,1.04075,12.00,40.80
2007.06.28 12:16:44.247,1.0404,1.04075,16.00,36.80
2007.06.28 12:16:44.436,1.0404,1.04075,18.40,34.40
2007.06.28 12:16:44.498,1.0404,1.0407,10.40,34.40
2007.06.28 12:16:44.511,1.0404,1.04065,14.40,0.70
2007.06.28 12:16:44.602,1.0404,1.0407,12.00,36.00
2007.06.28 12:16:45.268,1.0404,1.04065,8.00,0.60
2007.06.28 12:16:45.337,1.0404,1.0407,4.00,40.00
2007.06.28 12:16:45.372,1.0404,1.04065,1.60,0.90
2007.06.28 12:16:45.554,1.0404,1.04075,9.60,42.40
2007.06.28 12:16:45.613,1.0404,1.04075,31.90,24.80
2007.06.28 12:16:45.780,1.0404,1.04075,31.90,26.40
2007.06.28 12:16:45.811,1.0404,1.0407,23.90,26.40
2007.06.28 12:16:46.075,1.0404,1.041,23.90,7.20
2007.06.28 12:16:46.177,1.0404,1.0408,27.90,26.40
2007.06.28 12:16:46.428,1.0404,1.0407,0.80,0.80
2007.06.28 12:16:46.540,1.04035,1.0408,35.90,26.40
2007.06.28 12:16:49.916,1.0405,1.0407,1.00,14.40
2007.06.28 12:16:50.000,1.0405,1.0407,1.20,6.40
2007.06.28 12:16:50.168,1.0404,1.0407,44.70,4.00
2007.06.28 12:16:50.331,1.0404,1.0407,44.70,4.00
2007.06.28 12:16:50.425,1.0404,1.0407,44.70,4.00
2007.06.28 12:16:50.515,1.0403,1.0407,43.90,10.40
2007.06.28 12:16:50.583,1.0403,1.0407,43.90,10.40
2007.06.28 12:16:50.859,1.04035,1.0407,38.30,18.40
2007.06.28 12:16:50.905,1.04035,1.0407,35.90,20.80
2007.06.28 12:16:53.566,1.04035,1.0406,16.00,4.00
2007.06.28 12:16:53.645,1.04035,1.0406,12.00,4.00
2007.06.28 12:16:53.741,1.04035,1.0406,9.60,4.00
2007.06.28 12:16:56.111,1.0403,1.0406,26.40,19.90
2007.06.28 12:16:56.427,1.0403,1.0405,26.40,2.40
2007.06.28 12:16:57.044,1.0402,1.0405,26.40,2.40
2007.06.28 12:16:57.127,1.0403,1.0405,4.40,2.40
2007.06.28 12:16:57.262,1.0402,1.0405,28.00,2.40
2007.06.28 12:16:58.895,1.0403,1.0405,3.70,2.40
2007.06.28 12:17:01.186,1.04025,1.0405,24.00,2.40
2007.06.28 12:17:01.323,1.04025,1.0405,20.00,6.40
2007.06.28 12:17:01.394,1.0403,1.0404,5.30,2.40
2007.06.28 12:17:01.433,1.04025,1.0404,13.60,2.40
2007.06.28 12:17:01.712,1.04025,1.0404,9.60,2.40
2007.06.28 12:17:02.317,1.04025,1.0404,25.50,2.40
2007.06.28 12:17:02.436,1.0403,1.0406,5.50,18.40
2007.06.28 12:17:02.734,1.0403,1.0406,6.20,14.40
2007.06.28 12:17:02.757,1.04025,1.0406,39.90,8.00
2007.06.28 12:17:02.907,1.0403,1.0407,39.90,43.20
2007.06.28 12:17:03.052,1.04035,1.0406,1.90,2.40
2007.06.28 12:17:03.140,1.0403,1.0406,10.30,10.40
2007.06.28 12:17:03.263,1.0403,1.0406,11.20,14.40
2007.06.28 12:17:03.363,1.0403,1.0406,4.90,14.40
2007.06.28 12:17:03.389,1.04025,1.0406,25.50,18.40
2007.06.28 12:17:03.486,1.04025,1.0406,9.60,34.30
2007.06.28 12:17:05.024,1.0403,1.0406,5.30,18.40
2007.06.28 12:17:05.144,1.04025,1.0406,29.50,18.40
2007.06.28 12:17:05.235,1.0403,1.0406,9.10,20.80
2007.06.28 12:17:05.322,1.0404,1.0406,1.90,14.40
2007.06.28 12:17:05.470,1.0403,1.0406,23.90,14.40
2007.06.28 12:17:05.476,1.0404,1.0406,7.00,10.40
2007.06.28 12:17:05.677,1.0404,1.0406,9.20,8.00
2007.06.28 12:17:05.756,1.0403,1.0406,35.90,8.00
2007.06.28 12:17:06.089,1.04035,1.0407,29.50,27.20
2007.06.28 12:17:06.301,1.04035,1.0407,33.50,23.20
2007.06.28 12:17:06.794,1.04035,1.0407,17.60,39.20
2007.06.28 12:17:08.231,1.04035,1.0409,13.60,2.40
2007.06.28 12:17:08.336,1.04035,1.0406,9.60,4.00
2007.06.28 12:17:08.940,1.0403,1.0406,37.50,12.00
2007.06.28 12:17:12.527,1.0402,1.0406,43.90,12.00
2007.06.28 12:17:19.145,1.0404,1.0406,15.90,8.00
2007.06.28 12:17:19.289,1.0404,1.0406,18.30,8.00
2007.06.28 12:17:19.368,1.0404,1.0406,22.40,8.00
2007.06.28 12:17:19.455,1.0404,1.0407,22.40,20.00
2007.06.28 12:17:19.472,1.0404,1.0407,22.40,18.40
2007.06.28 12:17:20.634,1.0404,1.0407,25.60,18.40
2007.06.28 12:17:27.233,1.0404,1.0407,29.60,14.40
2007.06.28 12:17:27.331,1.0405,1.0407,15.90,18.40
2007.06.28 12:17:27.366,1.0405,1.0407,15.90,10.40
2007.06.28 12:17:27.660,1.0405,1.0407,15.90,8.00
2007.06.28 12:17:27.758,1.0405,1.0407,15.90,4.00
2007.06.28 12:17:27.837,1.0405,1.04075,15.90,12.00
2007.06.28 12:17:28.026,1.0405,1.04075,15.90,0.90
2007.06.28 12:17:29.540,1.0404,1.04075,35.90,0.80
2007.06.28 12:17:29.612,1.0405,1.04075,1.60,0.70
2007.06.28 12:17:29.978,1.0405,1.0408,1.60,40.80
2007.06.28 12:17:31.877,1.0405,1.0408,17.50,22.40
2007.06.28 12:17:31.961,1.0405,1.0408,15.90,22.40
2007.06.28 12:17:32.327,1.0405,1.04075,15.90,0.60
2007.06.28 12:17:33.068,1.0405,1.0408,17.50,10.40
2007.06.28 12:17:33.817,1.0405,1.041,21.50,34.40
2007.06.28 12:17:33.853,1.0405,1.0409,29.50,40.80
2007.06.28 12:17:34.290,1.0406,1.0409,1.60,40.80
2007.06.28 12:17:34.625,1.0406,1.0408,1.60,0.50
2007.06.28 12:17:35.259,1.0406,1.0408,1.60,0.60
2007.06.28 12:17:35.560,1.0405,1.0409,19.10,43.20
2007.06.28 12:17:36.346,1.0405,1.0408,19.10,0.90
2007.06.28 12:17:36.569,1.0405,1.0409,19.10,43.10
2007.06.28 12:17:37.690,1.0405,1.0408,19.10,22.40
2007.06.28 12:17:37.902,1.0405,1.0407,19.10,0.70
2007.06.28 12:17:38.413,1.0405,1.0408,19.10,27.20
2007.06.28 12:17:38.436,1.0405,1.0408,3.20,43.10
2007.06.28 12:17:38.999,1.0405,1.0408,3.20,43.10
2007.06.28 12:17:39.030,1.0405,1.0408,1.60,43.10
2007.06.28 12:17:40.662,1.0405,1.0408,1.60,43.10
2007.06.28 12:17:40.691,1.0404,1.0408,23.10,43.10
2007.06.28 12:17:40.804,1.0404,1.0407,23.10,0.90
2007.06.28 12:17:40.878,1.0404,1.0407,33.50,0.80
2007.06.28 12:17:40.886,1.0404,1.0408,35.90,40.80
2007.06.28 12:17:41.188,1.0404,1.04075,39.90,0.90
2007.06.28 12:17:41.326,1.0402,1.0408,2.40,40.80
2007.06.28 12:17:41.433,1.0405,1.04075,15.90,0.60
2007.06.28 12:17:41.480,1.0405,1.04075,17.50,0.80
2007.06.28 12:17:41.635,1.0405,1.0409,17.50,31.20
2007.06.28 12:17:41.859,1.0405,1.0408,19.10,0.80
2007.06.28 12:17:42.382,1.0405,1.0409,1.60,43.20
2007.06.28 12:17:42.461,1.0405,1.0408,1.60,40.80
2007.06.28 12:17:42.735,1.0405,1.0408,1.60,40.80
2007.06.28 12:17:42.773,1.0404,1.0407,33.50,0.60
2007.06.28 12:17:46.259,1.0404,1.0408,37.50,40.80
2007.06.28 12:17:47.160,1.0405,1.0408,15.90,22.40
2007.06.28 12:17:47.693,1.0405,1.0407,15.90,0.90
2007.06.28 12:17:48.921,1.0405,1.0407,15.90,0.70
2007.06.28 12:17:49.245,1.0405,1.04075,15.90,0.50
2007.06.28 12:17:50.742,1.0405,1.0408,17.50,22.40
2007.06.28 12:17:51.988,1.0405,1.04075,15.90,0.60
2007.06.28 12:17:52.122,1.0405,1.04055,15.90,0.90
2007.06.28 12:17:53.683,1.0405,1.0409,15.90,32.70
2007.06.28 12:17:53.802,1.0405,1.0408,15.90,10.40
2007.06.28 12:17:54.271,1.0405,1.04075,17.50,0.80
2007.06.28 12:17:54.357,1.0405,1.0409,17.50,43.20
2007.06.28 12:17:54.380,1.0405,1.0408,19.10,0.60
2007.06.28 12:17:56.340,1.0405,1.04075,19.10,8.00
2007.06.28 12:17:56.730,1.0405,1.04075,17.50,8.00
2007.06.28 12:18:00.252,1.0405,1.0408,19.10,10.40
2007.06.28 12:18:01.401,1.0405,1.0408,19.10,14.40
2007.06.28 12:18:02.341,1.0405,1.0408,23.10,14.40
2007.06.28 12:18:02.563,1.0406,1.0408,15.90,10.40
2007.06.28 12:18:03.035,1.0406,1.0408,15.90,8.00
2007.06.28 12:18:04.926,1.0405,1.0408,27.10,8.00
2007.06.28 12:18:05.016,1.0405,1.04085,27.10,8.00
2007.06.28 12:18:05.116,1.0405,1.04085,29.50,8.00
2007.06.28 12:18:05.260,1.0405,1.0408,21.50,8.00
2007.06.28 12:18:05.418,1.0405,1.0408,19.10,10.40
2007.06.28 12:18:08.233,1.0405,1.0408,19.10,14.40
2007.06.28 12:18:08.324,1.0405,1.0408,19.10,18.40
2007.06.28 12:18:08.857,1.0405,1.0408,19.10,14.40
2007.06.28 12:18:09.818,1.0405,1.04075,19.10,8.00
2007.06.28 12:18:10.284,1.0406,1.04075,2.40,8.00
2007.06.28 12:18:11.239,1.0406,1.0409,2.40,26.30
2007.06.28 12:18:11.307,1.0406,1.0408,2.40,8.00
2007.06.28 12:18:11.667,1.0406,1.0408,18.30,8.00
2007.06.28 12:18:11.774,1.0406,1.0408,19.90,8.00
2007.06.28 12:18:11.927,1.0406,1.04085,19.90,8.00
2007.06.28 12:18:12.307,1.0406,1.04085,24.00,8.00
2007.06.28 12:18:14.928,1.0405,1.04085,40.00,8.00
2007.06.28 12:18:15.965,1.0405,1.04085,40.00,8.00
2007.06.28 12:18:16.216,1.0405,1.04085,40.00,8.00
2007.06.28 12:18:16.345,1.0405,1.04085,39.90,8.00
2007.06.28 12:18:16.366,1.0405,1.04085,43.90,8.00
2007.06.28 12:18:17.278,1.0406,1.0408,2.40,4.00
2007.06.28 12:18:17.419,1.0405,1.0408,41.50,6.40
2007.06.28 12:18:17.508,1.0405,1.0408,33.50,14.40
2007.06.28 12:18:18.923,1.0406,1.0408,6.70,14.40
2007.06.28 12:18:20.280,1.0405,1.0408,33.50,10.40
2007.06.28 12:18:21.344,1.0405,1.0408,33.50,10.40
2007.06.28 12:18:21.461,1.0406,1.0408,9.30,10.40
2007.06.28 12:18:22.098,1.0406,1.0408,3.30,8.00
2007.06.28 12:18:22.293,1.0406,1.04085,4.10,8.00
2007.06.28 12:18:22.304,1.0406,1.0408,1.20,4.00
2007.06.28 12:18:22.408,1.0405,1.0408,43.90,4.00
2007.06.28 12:18:22.488,1.0406,1.0408,8.50,4.00
2007.06.28 12:18:22.789,1.0406,1.0408,8.70,6.40
2007.06.28 12:18:24.280,1.0405,1.0408,39.10,8.80
2007.06.28 12:18:24.386,1.0406,1.0408,4.00,16.80
2007.06.28 12:18:28.280,1.0406,1.0408,6.20,12.80
2007.06.28 12:18:28.979,1.0406,1.0408,3.10,10.40
2007.06.28 12:18:30.323,1.0405,1.0408,31.10,12.80
2007.06.28 12:18:30.382,1.0405,1.0408,31.10,16.80
2007.06.28 12:18:44.301,1.0405,1.0408,15.20,32.70
2007.06.28 12:18:44.513,1.0405,1.0407,11.20,4.00
2007.06.28 12:18:44.894,1.0405,1.0407,11.20,6.40
2007.06.28 12:18:45.507,1.0405,1.0407,7.20,6.40
2007.06.28 12:18:46.083,1.0405,1.0408,7.20,39.10
2007.06.28 12:18:46.609,1.0405,1.04075,5.60,14.40
2007.06.28 12:19:04.102,1.0405,1.04075,1.60,14.40
2007.06.28 12:19:10.343,1.0406,1.0407,15.90,0.80
2007.06.28 12:19:10.518,1.0406,1.04075,19.90,10.40
2007.06.28 12:19:10.647,1.0406,1.0408,21.50,12.80
2007.06.28 12:19:10.785,1.0406,1.0409,21.50,31.20
2007.06.28 12:19:10.857,1.0406,1.0408,21.50,0.90
2007.06.28 12:19:15.728,1.0406,1.0408,23.10,2.40
2007.06.28 12:19:17.275,1.0406,1.0408,23.10,6.40
2007.06.28 12:19:17.393,1.0406,1.0407,3.20,2.40
2007.06.28 12:19:17.966,1.0406,1.0407,1.60,2.40
2007.06.28 12:19:18.423,1.0406,1.0408,1.60,8.00
2007.06.28 12:19:18.521,1.0406,1.04085,1.60,8.00
2007.06.28 12:19:18.704,1.0406,1.0408,1.60,8.00
2007.06.28 12:19:18.909,1.0406,1.0408,5.60,8.00
2007.06.28 12:19:19.121,1.0406,1.0408,7.20,8.00
2007.06.28 12:19:19.266,1.0406,1.0412,7.20,2.40
2007.06.28 12:19:19.463,1.0406,1.0409,7.20,40.80
2007.06.28 12:19:19.634,1.0406,1.0409,7.20,36.80
2007.06.28 12:19:19.846,1.0406,1.0409,7.20,32.70
2007.06.28 12:19:20.064,1.0406,1.0409,7.20,36.70
2007.06.28 12:19:20.280,1.0406,1.0408,3.20,6.40
2007.06.28 12:19:20.898,1.0406,1.0408,3.20,4.00
2007.06.28 12:19:21.448,1.0406,1.0408,1.60,4.00
2007.06.28 12:19:21.886,1.0406,1.0408,1.60,12.00
2007.06.28 12:19:26.571,1.0406,1.0407,1.60,8.00
2007.06.28 12:19:26.819,1.0406,1.0407,1.60,23.90
2007.06.28 12:19:26.899,1.0405,1.0407,3.20,23.90
2007.06.28 12:19:27.028,1.0405,1.0407,1.60,23.90
2007.06.28 12:19:27.067,1.0405,1.0407,1.60,26.30
2007.06.28 12:19:27.228,1.0405,1.0407,1.60,30.30
2007.06.28 12:19:27.379,1.0405,1.0407,1.60,32.70
2007.06.28 12:19:27.578,1.0405,1.0406,1.60,2.40
2007.06.28 12:19:28.106,1.0405,1.0406,1.60,6.40
2007.06.28 12:19:28.195,1.0404,1.0406,11.20,6.40
2007.06.28 12:19:28.573,1.0404,1.0406,11.20,4.00
2007.06.28 12:19:29.037,1.0404,1.0406,9.60,4.00
2007.06.28 12:19:29.099,1.0404,1.0407,9.60,40.80
2007.06.28 12:19:29.612,1.0404,1.04065,1.60,8.00
2007.06.28 12:19:29.776,1.0404,1.0406,1.60,4.00
2007.06.28 12:19:30.655,1.0404,1.0406,1.60,8.00
2007.06.28 12:19:32.472,1.0404,1.0406,1.60,10.40
2007.06.28 12:19:32.536,1.0404,1.0406,1.60,18.40
2007.06.28 12:19:33.005,1.0404,1.0406,1.60,14.40
2007.06.28 12:19:35.023,1.0404,1.0406,1.60,18.40
2007.06.28 12:19:35.127,1.0404,1.0406,1.60,20.80
2007.06.28 12:19:35.744,1.0404,1.0406,1.60,18.40
2007.06.28 12:19:36.061,1.0403,1.0406,21.50,18.40
2007.06.28 12:19:36.148,1.0403,1.0406,29.50,14.40
2007.06.28 12:19:36.409,1.04035,1.0406,8.00,6.40
2007.06.28 12:19:36.668,1.0403,1.0406,37.50,6.40
2007.06.28 12:19:36.710,1.0401,1.0406,2.40,4.00
2007.06.28 12:19:38.951,1.0404,1.0406,1.60,4.00
2007.06.28 12:19:42.357,1.0404,1.04065,5.60,8.00
2007.06.28 12:19:42.655,1.0404,1.04065,8.00,8.00
2007.06.28 12:19:43.174,1.0404,1.0407,16.00,38.40
2007.06.28 12:19:43.383,1.0404,1.0407,17.60,36.00
2007.06.28 12:19:44.685,1.0404,1.0407,9.60,36.00
2007.06.28 12:19:44.738,1.0404,1.0407,9.60,38.40
2007.06.28 12:19:45.745,1.04035,1.0407,17.60,38.40
2007.06.28 12:19:47.536,1.04035,1.0407,20.00,38.40
2007.06.28 12:19:47.653,1.04035,1.0407,22.40,36.00
2007.06.28 12:19:47.852,1.0404,1.0407,2.20,28.00
2007.06.28 12:19:48.681,1.0404,1.0407,20.00,30.40
2007.06.28 12:19:48.844,1.0404,1.0407,12.00,38.40
2007.06.28 12:19:49.799,1.0404,1.0407,3.50,38.40
2007.06.28 12:19:50.838,1.0404,1.0407,2.90,36.00
2007.06.28 12:19:50.926,1.0403,1.0407,44.00,36.00
2007.06.28 12:19:51.930,1.0403,1.0406,43.90,4.00
2007.06.28 12:19:52.071,1.04035,1.0406,17.60,4.00
2007.06.28 12:19:52.888,1.04035,1.0406,13.60,8.00
2007.06.28 12:19:53.713,1.0403,1.0406,43.90,16.00
2007.06.28 12:19:54.126,1.0404,1.0406,1.00,16.00
2007.06.28 12:19:54.749,1.0403,1.0406,41.50,8.00
2007.06.28 12:19:55.570,1.0404,1.0406,3.30,4.00
2007.06.28 12:19:55.923,1.0404,1.0406,0.80,4.00
2007.06.28 12:19:56.375,1.04035,1.0406,13.60,8.00
2007.06.28 12:19:56.731,1.0404,1.0406,0.80,8.00
2007.06.28 12:19:57.683,1.0403,1.0406,39.90,12.00
2007.06.28 12:19:58.008,1.0403,1.0406,39.90,12.00
2007.06.28 12:19:58.194,1.0404,1.0406,1.10,28.00
2007.06.28 12:19:58.770,1.0404,1.0406,1.20,30.40
2007.06.28 12:19:58.921,1.0403,1.0406,15.20,32.80
2007.06.28 12:19:59.018,1.0403,1.0406,7.20,40.80
2007.06.28 12:19:59.335,1.04025,1.0406,11.20,40.80
2007.06.28 12:20:00.588,1.04025,1.04055,11.20,8.00
2007.06.28 12:20:00.877,1.0403,1.04055,0.60,8.00
2007.06.28 12:20:00.896,1.04025,1.04055,12.00,8.00
2007.06.28 12:20:00.961,1.04025,1.04055,16.00,8.00
2007.06.28 12:20:02.467,1.0403,1.0406,3.60,38.40
2007.06.28 12:20:02.654,1.04025,1.0406,17.60,38.40
2007.06.28 12:20:03.196,1.04025,1.0406,21.60,34.40
2007.06.28 12:20:03.259,1.04025,1.0406,37.50,14.40
2007.06.28 12:20:03.813,1.04025,1.0406,41.60,10.40
2007.06.28 12:20:03.992,1.0403,1.0406,33.60,10.40
2007.06.28 12:20:04.306,1.0404,1.0406,5.90,10.40
2007.06.28 12:20:04.413,1.0403,1.0406,33.50,10.40
2007.06.28 12:20:04.832,1.0403,1.0406,29.50,14.40
2007.06.28 12:20:04.927,1.0403,1.0406,27.10,16.80
2007.06.28 12:20:05.747,1.0403,1.0406,31.20,16.80
2007.06.28 12:20:05.959,1.04025,1.0406,35.10,20.80
2007.06.28 12:20:06.038,1.0403,1.0406,7.40,24.80
2007.06.28 12:20:06.570,1.0403,1.04055,3.80,8.00
2007.06.28 12:20:07.700,1.0403,1.04055,1.60,8.00
2007.06.28 12:20:07.973,1.0402,1.04055,43.90,8.00
2007.06.28 12:20:08.938,1.04025,1.0406,29.50,24.80
2007.06.28 12:20:09.073,1.0403,1.0406,4.90,26.40
2007.06.28 12:20:09.843,1.04025,1.0406,29.50,24.80
2007.06.28 12:20:10.004,1.0403,1.0405,3.10,2.40
2007.06.28 12:20:10.560,1.0403,1.0405,5.00,6.40
2007.06.28 12:20:10.980,1.0403,1.0405,7.70,4.00
2007.06.28 12:20:11.691,1.04025,1.0406,25.50,27.20
2007.06.28 12:20:11.900,1.04025,1.0407,25.50,42.30
2007.06.28 12:20:12.029,1.04025,1.0407,29.50,42.30
2007.06.28 12:20:18.604,1.0403,1.0407,21.50,34.30
2007.06.28 12:20:19.346,1.0403,1.0407,21.50,42.30
2007.06.28 12:20:19.750,1.0403,1.0406,25.50,0.90
2007.06.28 12:20:19.848,1.0403,1.0406,27.90,0.70
2007.06.28 12:20:19.860,1.0403,1.0407,27.90,40.70
2007.06.28 12:20:19.932,1.0403,1.0407,32.00,42.40
2007.06.28 12:20:20.571,1.0403,1.0406,34.40,0.90
2007.06.28 12:20:20.685,1.0403,1.04065,42.40,0.90
2007.06.28 12:20:21.736,1.0403,1.04065,42.40,12.00
2007.06.28 12:20:21.898,1.0403,1.04065,40.00,14.40
2007.06.28 12:20:22.190,1.0403,1.04065,37.60,16.80
2007.06.28 12:20:22.207,1.0403,1.0407,29.60,42.40
2007.06.28 12:20:22.820,1.0403,1.0407,25.60,42.40
2007.06.28 12:20:23.342,1.0403,1.0407,27.20,43.20
2007.06.28 12:20:23.951,1.0403,1.0407,29.60,43.20
2007.06.28 12:20:24.019,1.0403,1.0406,29.60,0.70
2007.06.28 12:20:24.091,1.0403,1.04065,40.00,18.40
2007.06.28 12:20:24.164,1.0401,1.04065,2.40,14.40
2007.06.28 12:20:25.051,1.0403,1.0407,36.00,35.20
2007.06.28 12:20:25.087,1.0405,1.0407,3.20,35.20
2007.06.28 12:20:25.409,1.0405,1.0407,19.10,19.20
2007.06.28 12:20:25.505,1.0405,1.0406,19.10,0.50
2007.06.28 12:20:25.603,1.0405,1.0408,19.10,29.60
2007.06.28 12:20:25.720,1.0405,1.0408,19.10,31.20
2007.06.28 12:20:25.727,1.0405,1.0408,19.10,31.20
2007.06.28 12:20:26.086,1.0405,1.0407,19.10,0.60
2007.06.28 12:20:26.141,1.0405,1.0408,17.50,31.20
2007.06.28 12:20:26.637,1.0405,1.04075,17.50,16.80
2007.06.28 12:20:26.671,1.0405,1.04075,17.50,14.40
2007.06.28 12:20:27.591,1.0405,1.0407,21.50,0.50
2007.06.28 12:20:27.683,1.0405,1.04075,21.50,0.50
2007.06.28 12:20:27.888,1.0405,1.0408,23.10,0.90
2007.06.28 12:20:34.607,1.0405,1.0409,23.10,43.10
2007.06.28 12:20:34.733,1.0405,1.0408,27.10,0.80
2007.06.28 12:20:34.772,1.0405,1.0409,31.20,43.10
2007.06.28 12:20:34.925,1.0407,1.0409,15.90,31.20
2007.06.28 12:20:35.059,1.0407,1.0409,15.90,27.20
2007.06.28 12:20:35.149,1.0407,1.0409,15.90,20.80
2007.06.28 12:20:35.161,1.0407,1.041,15.90,29.60
2007.06.28 12:20:35.279,1.0407,1.0409,15.90,0.50
2007.06.28 12:20:35.527,1.0406,1.041,16.00,39.10
2007.06.28 12:20:35.596,1.0406,1.0409,16.00,0.80
2007.06.28 12:20:35.794,1.0406,1.0409,17.60,0.70
2007.06.28 12:20:35.876,1.0406,1.0408,15.20,0.50
2007.06.28 12:20:36.235,1.0406,1.0408,17.60,0.90
2007.06.28 12:20:36.251,1.0406,1.0409,25.60,28.70
2007.06.28 12:20:36.832,1.0406,1.0409,21.60,32.70
2007.06.28 12:20:37.259,1.0406,1.0409,25.60,28.70
2007.06.28 12:20:37.441,1.0406,1.04095,25.60,36.70
2007.06.28 12:20:37.808,1.0406,1.04095,25.60,30.30
2007.06.28 12:20:37.869,1.0407,1.0409,1.60,0.50
2007.06.28 12:20:38.507,1.0407,1.04095,17.50,14.40
2007.06.28 12:20:38.567,1.0407,1.04095,21.50,10.40
2007.06.28 12:20:38.687,1.0407,1.0409,25.50,0.90
2007.06.28 12:20:38.803,1.0408,1.0409,1.60,2.40
2007.06.28 12:20:38.874,1.0408,1.04095,1.60,8.00
2007.06.28 12:20:39.225,1.0408,1.04095,5.60,8.00
2007.06.28 12:20:40.155,1.0408,1.04095,1.60,8.00
2007.06.28 12:20:40.489,1.0408,1.041,1.60,10.40
2007.06.28 12:20:41.088,1.0408,1.041,17.50,10.40
2007.06.28 12:20:41.342,1.0408,1.041,17.50,2.40
2007.06.28 12:20:41.528,1.0408,1.04105,17.50,8.00
2007.06.28 12:20:42.841,1.0408,1.04105,1.60,8.00
2007.06.28 12:20:43.550,1.0408,1.041,1.60,15.90
2007.06.28 12:20:43.607,1.0408,1.041,1.60,19.90
2007.06.28 12:20:43.785,1.0408,1.041,1.60,22.30
2007.06.28 12:20:44.201,1.0408,1.041,1.60,26.30
2007.06.28 12:20:44.455,1.0408,1.041,1.60,28.70
2007.06.28 12:20:44.808,1.0408,1.041,1.60,36.70
2007.06.28 12:20:44.959,1.0407,1.041,9.60,36.70
2007.06.28 12:20:46.963,1.0408,1.041,15.90,20.80
2007.06.28 12:20:54.236,1.0407,1.041,9.60,36.70
2007.06.28 12:20:54.835,1.0407,1.041,7.20,39.10
2007.06.28 12:20:55.082,1.04065,1.041,15.20,39.10
2007.06.28 12:21:06.945,1.0407,1.0409,0.70,2.40
2007.06.28 12:21:07.361,1.0407,1.041,2.70,32.70
2007.06.28 12:21:07.531,1.0407,1.0409,0.80,15.90
2007.06.28 12:21:07.955,1.0407,1.041,1.10,36.70
2007.06.28 12:21:08.040,1.04065,1.041,11.20,32.70
2007.06.28 12:21:08.136,1.0407,1.041,1.00,28.70
2007.06.28 12:21:08.262,1.0407,1.041,0.50,26.30
2007.06.28 12:21:08.973,1.04065,1.041,9.60,26.30
2007.06.28 12:21:09.171,1.04065,1.041,11.20,23.90
2007.06.28 12:21:09.180,1.0406,1.041,44.00,23.90
2007.06.28 12:21:09.283,1.0407,1.041,4.60,8.00
2007.06.28 12:21:09.404,1.0406,1.041,43.90,8.00
2007.06.28 12:21:10.273,1.0407,1.041,3.00,8.00
2007.06.28 12:21:11.206,1.0406,1.041,43.90,8.00
2007.06.28 12:21:11.290,1.0408,1.041,0.80,8.00
2007.06.28 12:21:11.448,1.0407,1.04105,37.50,8.00
2007.06.28 12:21:12.967,1.0407,1.041,21.60,15.90
2007.06.28 12:21:13.170,1.0407,1.041,21.60,19.90
2007.06.28 12:21:13.204,1.0407,1.041,21.60,26.30
2007.06.28 12:21:13.259,1.0407,1.0409,17.60,2.40
2007.06.28 12:21:13.313,1.0408,1.0409,1.00,18.30
2007.06.28 12:21:14.510,1.0406,1.0409,9.10,22.30
2007.06.28 12:21:15.622,1.0406,1.0409,24.00,22.30
2007.06.28 12:21:17.775,1.0406,1.0409,24.00,18.30
2007.06.28 12:21:17.860,1.0407,1.0409,0.70,2.40
2007.06.28 12:21:17.913,1.0406,1.04095,44.80,8.00
2007.06.28 12:21:18.127,1.04065,1.0412,12.00,2.40
2007.06.28 12:21:18.372,1.04065,1.041,12.00,39.10
2007.06.28 12:21:20.725,1.04065,1.0409,12.00,4.00
2007.06.28 12:21:20.793,1.04065,1.0409,9.60,8.00
2007.06.28 12:21:20.835,1.04065,1.0409,9.60,10.40
2007.06.28 12:21:20.897,1.0407,1.0409,1.20,26.30
2007.06.28 12:21:20.988,1.0407,1.0409,0.80,34.30
2007.06.28 12:21:21.589,1.0406,1.0409,9.60,36.70
2007.06.28 12:21:24.210,1.0407,1.0409,1.60,32.70
2007.06.28 12:21:24.380,1.0407,1.0409,1.60,24.70
2007.06.28 12:21:24.450,1.0406,1.0409,24.00,22.30
2007.06.28 12:21:27.021,1.0407,1.0409,1.60,22.30
2007.06.28 12:21:32.197,1.0407,1.0408,1.60,4.00
2007.06.28 12:21:33.241,1.0406,1.0408,1.60,4.00
2007.06.28 12:21:35.127,1.0402,1.0408,2.40,4.00
2007.06.28 12:21:37.156,1.0402,1.04085,2.40,8.00
2007.06.28 12:21:37.288,1.0405,1.04085,42.40,8.00
2007.06.28 12:21:37.470,1.0402,1.04085,2.40,8.00
2007.06.28 12:21:37.567,1.04055,1.0409,8.00,40.80
2007.06.28 12:21:41.313,1.0406,1.0409,5.60,40.80
2007.06.28 12:21:41.406,1.0406,1.0409,8.00,38.40
2007.06.28 12:21:42.225,1.0406,1.0409,12.00,34.40
2007.06.28 12:21:42.287,1.0406,1.041,12.00,42.40
2007.06.28 12:21:42.515,1.0406,1.041,27.90,28.80
2007.06.28 12:21:42.648,1.0407,1.041,4.00,40.70
2007.06.28 12:21:42.943,1.0407,1.041,4.00,40.70
2007.06.28 12:21:43.057,1.0407,1.0409,4.00,0.60
2007.06.28 12:21:43.655,1.0407,1.0409,5.60,0.80
2007.06.28 12:21:46.695,1.0407,1.0409,1.60,0.80
2007.06.28 12:21:47.696,1.0407,1.0409,5.60,0.80
2007.06.28 12:21:55.994,1.0407,1.0409,7.20,0.80
2007.06.28 12:22:07.428,1.0407,1.0409,7.20,0.60
2007.06.28 12:22:07.455,1.0407,1.04095,5.60,14.40
2007.06.28 12:22:07.546,1.0407,1.0409,1.60,0.50
2007.06.28 12:22:07.867,1.0407,1.04095,5.60,14.40
2007.06.28 12:22:07.937,1.0407,1.0409,5.60,0.70
2007.06.28 12:22:08.376,1.0407,1.04095,1.60,18.40
2007.06.28 12:22:08.596,1.0407,1.04095,1.60,34.40
2007.06.28 12:22:09.287,1.0407,1.0409,1.60,26.40
2007.06.28 12:22:09.594,1.0406,1.0409,14.40,26.40
2007.06.28 12:22:10.055,1.0406,1.0409,14.40,26.30
2007.06.28 12:22:10.115,1.0406,1.0409,10.40,30.30
2007.06.28 12:22:10.734,1.0406,1.0409,2.40,38.30
2007.06.28 12:22:11.168,1.0405,1.0409,22.30,42.30
2007.06.28 12:22:17.739,1.0405,1.0407,18.30,4.00
2007.06.28 12:22:17.834,1.0405,1.0407,15.90,4.00
2007.06.28 12:22:17.872,1.0405,1.0406,15.90,4.00
2007.06.28 12:22:17.941,1.0405,1.0406,15.90,8.00
2007.06.28 12:22:18.259,1.04045,1.0406,8.00,8.00
2007.06.28 12:22:18.389,1.0404,1.0406,16.80,4.00
2007.06.28 12:22:18.473,1.0404,1.0407,16.80,19.90
2007.06.28 12:22:18.904,1.0404,1.0406,16.80,4.00
2007.06.28 12:22:18.984,1.0404,1.0406,16.80,8.00
2007.06.28 12:22:19.201,1.0404,1.0406,14.40,8.00
2007.06.28 12:22:19.268,1.0404,1.0406,12.00,8.00
2007.06.28 12:22:19.364,1.0404,1.0406,4.00,8.00
2007.06.28 12:22:19.709,1.0404,1.0406,19.90,8.00
2007.06.28 12:22:19.821,1.0404,1.0406,22.30,4.00
2007.06.28 12:22:19.839,1.04045,1.04075,8.00,8.00
2007.06.28 12:22:20.130,1.04045,1.0407,8.00,15.90
2007.06.28 12:22:20.225,1.04045,1.0407,8.00,19.90
2007.06.28 12:22:20.328,1.04045,1.0406,8.00,2.40
2007.06.28 12:22:20.365,1.0404,1.0406,14.40,2.40
2007.06.28 12:22:20.628,1.0404,1.0406,30.30,2.40
2007.06.28 12:22:20.835,1.0404,1.0407,30.30,8.00
2007.06.28 12:22:20.839,1.0404,1.0407,30.30,4.00
2007.06.28 12:22:20.863,1.04045,1.04075,8.00,8.00
2007.06.28 12:22:24.346,1.04045,1.0407,8.00,2.40
2007.06.28 12:22:24.417,1.0404,1.0407,21.50,10.40
2007.06.28 12:22:25.165,1.0405,1.0407,15.90,10.40
2007.06.28 12:22:25.204,1.0405,1.0407,15.90,14.40
2007.06.28 12:22:25.248,1.0405,1.0407,19.90,12.00
2007.06.28 12:22:25.310,1.0405,1.0407,22.30,12.00
2007.06.28 12:22:25.354,1.0405,1.0407,22.30,4.00
2007.06.28 12:22:25.378,1.0405,1.0407,22.30,8.00
2007.06.28 12:22:25.471,1.0405,1.0407,2.40,12.00
2007.06.28 12:22:25.603,1.0405,1.0407,10.40,12.00
2007.06.28 12:22:25.730,1.0405,1.0407,14.40,12.00
2007.06.28 12:22:25.923,1.0405,1.0407,6.40,12.00
2007.06.28 12:22:26.013,1.0405,1.0407,4.00,12.00
2007.06.28 12:22:26.337,1.0405,1.0407,6.40,12.00
2007.06.28 12:22:26.490,1.0405,1.0407,2.40,12.00
2007.06.28 12:22:27.153,1.0405,1.0407,2.40,8.00
2007.06.28 12:22:27.303,1.0405,1.04075,18.30,8.00
2007.06.28 12:22:27.543,1.0405,1.0407,18.30,8.00
2007.06.28 12:22:27.699,1.0405,1.0407,2.40,8.00
2007.06.28 12:22:27.806,1.0405,1.0408,10.40,32.80
2007.06.28 12:22:27.851,1.0405,1.0408,14.40,30.40
2007.06.28 12:22:28.205,1.0405,1.0408,12.00,32.80
2007.06.28 12:22:28.285,1.0405,1.0408,4.00,40.80
2007.06.28 12:22:28.765,1.0405,1.0407,4.00,4.00
2007.06.28 12:22:28.811,1.0405,1.0407,4.00,8.00
2007.06.28 12:22:28.830,1.0405,1.0407,4.00,12.00
2007.06.28 12:22:28.962,1.0405,1.0407,2.40,12.00
2007.06.28 12:22:29.386,1.0405,1.0406,2.40,4.00
2007.06.28 12:22:29.453,1.0404,1.0406,16.00,4.00
2007.06.28 12:22:29.599,1.0404,1.0406,12.00,4.00
2007.06.28 12:22:29.691,1.0404,1.0406,8.00,4.00
2007.06.28 12:22:29.846,1.0403,1.0406,38.30,4.00
2007.06.28 12:22:30.056,1.0403,1.0406,35.90,6.40
2007.06.28 12:22:30.145,1.0403,1.0406,27.90,14.40
2007.06.28 12:22:30.268,1.0403,1.0406,23.90,18.40
2007.06.28 12:22:30.312,1.0403,1.0406,23.90,22.40
2007.06.28 12:22:30.604,1.0403,1.0406,26.30,20.00
2007.06.28 12:22:30.687,1.0403,1.0406,34.30,12.00
2007.06.28 12:22:30.798,1.0403,1.0406,38.30,8.00
2007.06.28 12:22:32.216,1.0404,1.0406,4.00,4.00
2007.06.28 12:22:32.238,1.0404,1.0406,4.00,8.00
2007.06.28 12:22:32.417,1.0404,1.0406,4.00,24.00
2007.06.28 12:22:32.436,1.0404,1.0406,4.00,26.40
2007.06.28 12:22:32.591,1.0403,1.0406,16.00,30.40
2007.06.28 12:22:32.686,1.0403,1.0406,20.00,26.30
2007.06.28 12:22:32.758,1.0403,1.0406,24.00,22.30
2007.06.28 12:22:32.963,1.0403,1.0406,26.40,19.90
2007.06.28 12:22:33.209,1.0403,1.0406,26.40,15.90
2007.06.28 12:22:33.330,1.0403,1.0406,26.40,19.90
2007.06.28 12:22:33.748,1.0404,1.0406,1.60,19.90
2007.06.28 12:22:34.017,1.0404,1.0406,1.60,27.90
2007.06.28 12:22:34.028,1.0403,1.0406,16.00,30.30
2007.06.28 12:22:35.247,1.0403,1.0406,12.00,34.30
2007.06.28 12:22:35.319,1.0403,1.0406,8.00,38.40
2007.06.28 12:22:35.341,1.0403,1.0406,5.60,40.80
2007.06.28 12:22:35.414,1.0403,1.0406,1.60,40.80
2007.06.28 12:22:35.942,1.0403,1.0406,1.60,0.90
2007.06.28 12:22:36.168,1.0403,1.0406,5.60,40.80
2007.06.28 12:22:36.501,1.0403,1.04055,5.60,8.00
2007.06.28 12:22:37.008,1.0403,1.04055,4.00,8.00
2007.06.28 12:22:37.184,1.04025,1.04055,8.00,8.00
2007.06.28 12:22:37.265,1.04025,1.0405,8.00,4.00
2007.06.28 12:22:37.578,1.04025,1.04055,8.00,8.00
2007.06.28 12:22:39.797,1.04025,1.0405,8.00,4.00
2007.06.28 12:22:39.905,1.04,1.0405,2.40,4.00
2007.06.28 12:22:40.389,1.04,1.04055,2.40,8.00
2007.06.28 12:22:41.207,1.04,1.0405,2.40,4.00
2007.06.28 12:22:41.312,1.0403,1.0405,2.40,4.00
2007.06.28 12:22:41.341,1.0403,1.0405,2.40,6.40
2007.06.28 12:22:42.279,1.0403,1.0405,6.40,2.40
2007.06.28 12:22:43.400,1.04025,1.0405,8.00,6.40
2007.06.28 12:22:45.109,1.0402,1.0405,40.00,6.40
2007.06.28 12:22:45.854,1.0399,1.0405,2.40,4.00
2007.06.28 12:22:45.958,1.0399,1.0405,2.40,6.40
2007.06.28 12:22:46.367,1.0402,1.0405,40.00,8.80
2007.06.28 12:22:46.406,1.0402,1.0405,37.60,8.80
2007.06.28 12:22:46.451,1.0402,1.0405,29.60,16.80
2007.06.28 12:22:47.521,1.0402,1.0405,25.60,20.80
2007.06.28 12:22:49.436,1.0402,1.0405,36.00,12.80
2007.06.28 12:22:49.469,1.0399,1.0405,2.40,8.80
2007.06.28 12:22:49.562,1.0399,1.0405,2.40,6.40
2007.06.28 12:22:50.403,1.0402,1.0405,34.40,14.40
2007.06.28 12:22:50.464,1.0402,1.0405,32.00,14.40
2007.06.28 12:22:50.477,1.0402,1.0405,29.60,16.80
2007.06.28 12:22:51.412,1.0402,1.0405,25.60,20.80
2007.06.28 12:22:57.338,1.0402,1.04045,25.60,8.00
2007.06.28 12:22:57.380,1.0402,1.04045,24.00,8.00
2007.06.28 12:22:57.410,1.0402,1.04045,28.00,8.00
2007.06.28 12:22:57.613,1.0402,1.04045,30.40,8.00
2007.06.28 12:22:59.125,1.0402,1.0405,30.40,12.00
2007.06.28 12:22:59.182,1.0402,1.0405,31.20,10.40
2007.06.28 12:22:59.351,1.0403,1.0405,4.00,10.40
2007.06.28 12:22:59.567,1.0403,1.0405,6.40,10.40
2007.06.28 12:22:59.906,1.0403,1.0405,2.40,10.40
2007.06.28 12:22:59.951,1.0402,1.0405,37.60,10.40
2007.06.28 12:23:00.222,1.0402,1.0405,31.20,10.40
2007.06.28 12:23:00.231,1.0403,1.0405,4.00,10.40
2007.06.28 12:23:00.435,1.0403,1.0405,6.40,10.40
2007.06.28 12:23:00.507,1.0403,1.0405,26.30,10.40
2007.06.28 12:23:00.666,1.0404,1.0405,4.00,10.40
2007.06.28 12:23:00.902,1.0404,1.0405,4.00,2.40
2007.06.28 12:23:01.259,1.0404,1.0406,4.00,14.40
2007.06.28 12:23:02.600,1.0404,1.0406,4.80,12.00
2007.06.28 12:23:03.117,1.0404,1.0406,4.80,4.00
2007.06.28 12:23:09.004,1.0405,1.0407,19.90,16.00
2007.06.28 12:23:09.156,1.0405,1.0407,19.90,8.00
2007.06.28 12:23:09.189,1.0405,1.0407,22.30,4.00
2007.06.28 12:23:09.695,1.0405,1.0407,26.30,4.00
2007.06.28 12:23:09.722,1.0405,1.04075,26.30,8.00
2007.06.28 12:23:09.853,1.0405,1.04075,27.10,8.00
2007.06.28 12:23:09.951,1.0405,1.0408,27.10,22.40
2007.06.28 12:23:09.980,1.0405,1.0408,27.10,20.80
2007.06.28 12:23:10.277,1.0406,1.0408,4.00,16.80
2007.06.28 12:23:10.404,1.0406,1.0408,8.00,16.80
2007.06.28 12:23:10.453,1.0406,1.0408,8.00,8.00
2007.06.28 12:23:10.469,1.0406,1.04085,8.00,8.00
2007.06.28 12:23:10.927,1.0406,1.04085,4.00,8.00
2007.06.28 12:23:11.145,1.0406,1.0408,0.80,4.00
2007.06.28 12:23:11.595,1.0406,1.0408,0.80,12.00
2007.06.28 12:23:11.777,1.0406,1.0408,4.80,12.00
2007.06.28 12:23:11.973,1.0406,1.0408,4.80,14.40
2007.06.28 12:23:13.228,1.0406,1.0408,4.80,16.80
2007.06.28 12:23:13.399,1.0406,1.0408,8.00,10.40
2007.06.28 12:23:13.956,1.0406,1.0408,8.00,8.00
2007.06.28 12:23:14.270,1.0406,1.0408,4.00,8.00
2007.06.28 12:23:14.371,1.0406,1.0408,0.80,12.00
2007.06.28 12:23:14.471,1.0406,1.0408,3.20,12.00
2007.06.28 12:23:14.994,1.0406,1.0408,0.80,12.00
2007.06.28 12:23:15.176,1.0406,1.0408,11.20,8.00
2007.06.28 12:23:15.315,1.0406,1.0408,13.60,8.00
2007.06.28 12:23:15.458,1.0406,1.0408,33.60,8.00
2007.06.28 12:23:15.679,1.0406,1.0408,31.20,8.00
2007.06.28 12:23:15.754,1.0406,1.0409,39.20,6.40
2007.06.28 12:23:15.782,1.0406,1.0409,23.20,22.30
2007.06.28 12:23:15.875,1.0406,1.0409,25.60,19.90
2007.06.28 12:23:16.338,1.0406,1.04095,25.60,8.00
2007.06.28 12:23:16.587,1.0406,1.041,17.60,20.80
2007.06.28 12:23:16.707,1.0407,1.041,4.00,34.30
2007.06.28 12:23:16.856,1.0407,1.041,4.00,30.30
2007.06.28 12:23:17.072,1.0407,1.04095,4.00,8.00
2007.06.28 12:23:17.279,1.0407,1.0409,0.80,6.40
2007.06.28 12:23:17.373,1.0407,1.0409,4.80,6.40
2007.06.28 12:23:17.819,1.0407,1.0409,4.80,4.00
2007.06.28 12:23:17.905,1.0407,1.04095,8.80,8.00
2007.06.28 12:23:18.893,1.0407,1.0409,4.80,4.00
2007.06.28 12:23:21.424,1.0407,1.04095,4.80,8.00
2007.06.28 12:23:21.635,1.0407,1.0408,0.80,4.00
2007.06.28 12:23:21.740,1.0407,1.0408,0.80,6.40
2007.06.28 12:23:21.794,1.0407,1.0408,0.80,10.40
2007.06.28 12:23:22.485,1.0407,1.04075,0.80,8.00
2007.06.28 12:23:22.556,1.0406,1.04075,0.80,8.00
2007.06.28 12:23:23.905,1.0405,1.04075,24.80,8.00
2007.06.28 12:23:24.157,1.0405,1.04075,27.20,8.00
2007.06.28 12:23:24.468,1.0405,1.04075,24.80,8.00
2007.06.28 12:23:26.224,1.0405,1.04075,28.80,8.00
2007.06.28 12:23:26.339,1.0405,1.04075,31.20,8.00
2007.06.28 12:23:27.048,1.0406,1.04075,0.80,8.00
2007.06.28 12:23:28.190,1.0405,1.04075,31.20,8.00
2007.06.28 12:23:28.320,1.0405,1.04075,27.20,8.00
2007.06.28 12:23:31.496,1.0405,1.04075,31.20,8.00
2007.06.28 12:23:31.591,1.0406,1.04075,2.40,8.00
2007.06.28 12:23:32.115,1.0405,1.04075,27.20,8.00
2007.06.28 12:23:33.719,1.0405,1.04075,11.20,8.00
2007.06.28 12:23:33.839,1.0405,1.0407,7.20,4.00
2007.06.28 12:23:34.094,1.0405,1.0407,4.80,4.00
2007.06.28 12:23:35.055,1.0405,1.0407,4.80,12.00
2007.06.28 12:23:36.766,1.0405,1.0407,4.80,27.90
2007.06.28 12:23:36.944,1.0405,1.0407,4.80,31.90
2007.06.28 12:23:36.975,1.0405,1.0407,0.80,31.90
2007.06.28 12:23:37.689,1.0405,1.0407,0.80,27.90
2007.06.28 12:23:37.908,1.0405,1.0407,0.80,23.90
2007.06.28 12:23:38.078,1.0404,1.0407,8.80,23.90
2007.06.28 12:23:38.171,1.0404,1.04065,0.80,8.00
2007.06.28 12:23:38.711,1.0404,1.0407,0.80,27.90
2007.06.28 12:23:38.754,1.0404,1.0407,0.80,26.30
2007.06.28 12:23:40.261,1.0404,1.0407,0.80,30.30
2007.06.28 12:23:40.437,1.0404,1.0407,0.80,27.90
2007.06.28 12:23:40.527,1.0404,1.0407,8.80,27.90
2007.06.28 12:23:40.758,1.0404,1.0407,8.80,30.30
2007.06.28 12:23:40.804,1.0404,1.0407,0.80,30.30
2007.06.28 12:23:41.241,1.0404,1.0407,0.80,34.30
2007.06.28 12:23:41.297,1.0404,1.0408,0.80,40.70
2007.06.28 12:23:45.926,1.0404,1.0407,0.80,34.30
2007.06.28 12:23:46.762,1.0404,1.0407,16.70,20.00
2007.06.28 12:23:46.857,1.0404,1.04065,20.70,0.50
2007.06.28 12:23:46.937,1.0404,1.0407,20.70,0.60
2007.06.28 12:23:46.962,1.0404,1.0408,23.10,28.80
2007.06.28 12:23:47.069,1.0405,1.0408,0.80,28.80
2007.06.28 12:23:47.799,1.0405,1.0408,0.80,28.80
2007.06.28 12:23:47.908,1.0405,1.0407,0.80,0.90
2007.06.28 12:23:47.970,1.0405,1.04075,0.80,0.80
2007.06.28 12:23:48.726,1.0405,1.0408,4.80,42.40
2007.06.28 12:23:48.852,1.0405,1.0408,20.70,26.40
2007.06.28 12:23:48.938,1.0405,1.0408,4.80,42.40
2007.06.28 12:23:48.996,1.0405,1.04075,0.80,12.00
2007.06.28 12:23:49.328,1.0405,1.0408,0.80,43.10
2007.06.28 12:23:49.647,1.0405,1.0408,0.80,44.70
2007.06.28 12:23:49.730,1.0405,1.0408,0.80,42.30
2007.06.28 12:23:49.742,1.0405,1.0407,0.80,28.70
2007.06.28 12:23:51.568,1.0404,1.0407,4.00,43.10
2007.06.28 12:23:51.688,1.0404,1.0406,4.80,0.90
2007.06.28 12:23:58.139,1.0404,1.0407,0.80,43.10
2007.06.28 12:23:58.270,1.0404,1.0407,0.80,44.70
2007.06.28 12:24:00.471,1.0404,1.04065,0.80,12.00
2007.06.28 12:24:00.630,1.0404,1.04065,4.00,12.00
2007.06.28 12:24:04.098,1.0404,1.0407,8.00,35.90
2007.06.28 12:24:04.717,1.0405,1.0406,4.00,0.90
2007.06.28 12:24:05.390,1.04035,1.0407,8.00,10.40
2007.06.28 12:24:06.573,1.0403,1.0408,11.20,24.80
2007.06.28 12:24:07.375,1.04055,1.0408,8.00,16.80
2007.06.28 12:24:07.707,1.0406,1.0408,4.80,0.50
2007.06.28 12:24:08.503,1.0406,1.0409,4.00,44.70
2007.06.28 12:24:11.841,1.0406,1.0407,4.00,0.80
2007.06.28 12:24:26.078,1.0406,1.0407,5.60,0.80
2007.06.28 12:24:26.327,1.0406,1.0408,5.60,6.40
2007.06.28 12:24:26.419,1.0406,1.0408,5.60,4.00
2007.06.28 12:24:27.983,1.0407,1.0408,15.90,4.00
2007.06.28 12:24:28.215,1.0407,1.0409,15.90,12.80
2007.06.28 12:24:28.368,1.0407,1.0409,15.90,10.40
2007.06.28 12:24:28.487,1.0407,1.0409,19.90,10.40
2007.06.28 12:24:28.795,1.0407,1.0409,23.90,10.40
2007.06.28 12:24:28.889,1.0408,1.0409,2.40,10.40
2007.06.28 12:24:29.811,1.0408,1.0409,2.40,8.00
2007.06.28 12:24:30.062,1.0408,1.041,2.40,20.80
2007.06.28 12:24:30.587,1.0407,1.041,17.50,24.80
2007.06.28 12:24:31.911,1.0407,1.041,21.50,24.80
2007.06.28 12:24:32.525,1.0407,1.041,25.50,20.80
2007.06.28 12:24:33.250,1.0407,1.041,21.50,24.80
2007.06.28 12:24:33.290,1.0407,1.041,5.60,40.80
2007.06.28 12:24:33.362,1.0407,1.041,5.60,43.20
2007.06.28 12:24:33.466,1.0407,1.0409,1.60,4.00
2007.06.28 12:24:33.656,1.04065,1.0409,8.00,4.00
2007.06.28 12:24:33.873,1.0403,1.0409,2.40,4.00
2007.06.28 12:24:33.983,1.0407,1.04095,4.00,8.00
2007.06.28 12:24:35.168,1.0407,1.041,4.00,43.20
2007.06.28 12:24:35.217,1.0407,1.041,5.60,43.20
2007.06.28 12:24:36.029,1.0407,1.041,4.00,43.20
2007.06.28 12:24:36.267,1.0407,1.04095,4.00,8.00
2007.06.28 12:24:38.361,1.0407,1.04095,19.90,8.00
2007.06.28 12:24:38.728,1.0407,1.04095,21.50,8.00
2007.06.28 12:24:38.801,1.0407,1.041,21.50,27.20
2007.06.28 12:24:39.320,1.0407,1.041,25.50,23.20
2007.06.28 12:24:43.727,1.0407,1.0411,25.50,29.60
2007.06.28 12:24:45.670,1.0407,1.041,21.50,27.20
2007.06.28 12:24:45.741,1.0407,1.041,5.60,27.20
2007.06.28 12:24:45.783,1.0407,1.0408,5.60,0.60
2007.06.28 12:24:45.797,1.0407,1.0408,1.60,0.90
2007.06.28 12:24:46.085,1.0407,1.0408,1.60,0.60
2007.06.28 12:24:46.190,1.0407,1.0408,1.60,0.50
2007.06.28 12:24:46.434,1.0407,1.04095,1.60,20.00
2007.06.28 12:24:46.531,1.0406,1.04095,38.40,16.00
2007.06.28 12:24:46.774,1.0406,1.0409,20.80,23.90
2007.06.28 12:24:46.978,1.0406,1.0408,18.40,0.70
2007.06.28 12:24:47.040,1.0406,1.04085,10.40,12.00
2007.06.28 12:24:47.270,1.0406,1.0408,6.40,0.80
2007.06.28 12:24:54.433,1.0406,1.0408,4.00,0.70
2007.06.28 12:24:56.798,1.0406,1.0408,4.00,0.70
2007.06.28 12:24:59.561,1.0406,1.0407,4.00,0.70
2007.06.28 12:25:00.589,1.0406,1.0409,4.00,32.70
2007.06.28 12:25:00.666,1.0406,1.0409,4.00,32.70
2007.06.28 12:25:00.696,1.0405,1.0408,15.90,0.70
2007.06.28 12:25:00.791,1.0405,1.0408,15.90,0.50
2007.06.28 12:25:00.862,1.0405,1.0408,15.90,22.40
2007.06.28 12:25:02.936,1.0404,1.0408,22.40,38.30
2007.06.28 12:25:03.031,1.0404,1.0407,22.40,0.60
2007.06.28 12:25:03.138,1.0404,1.0408,22.40,43.90
2007.06.28 12:25:03.148,1.0404,1.0407,14.40,31.90
2007.06.28 12:25:03.170,1.0404,1.04065,14.40,10.40
2007.06.28 12:25:03.446,1.0405,1.04065,15.90,10.40
2007.06.28 12:25:03.692,1.0405,1.0408,15.90,24.80
2007.06.28 12:25:05.748,1.0405,1.04075,15.90,0.80
2007.06.28 12:25:06.515,1.0405,1.0409,15.90,40.70
2007.06.28 12:25:06.628,1.0405,1.0408,18.30,0.90
2007.06.28 12:25:06.649,1.0405,1.0409,18.30,39.90
2007.06.28 12:25:06.772,1.0405,1.0408,0.50,0.70
2007.06.28 12:25:08.532,1.0405,1.0408,0.90,0.90
2007.06.28 12:25:08.789,1.0405,1.0407,0.80,0.60
2007.06.28 12:25:09.476,1.04035,1.0408,22.40,12.00
2007.06.28 12:25:09.681,1.0406,1.0407,0.80,0.70
2007.06.28 12:25:09.813,1.0406,1.0408,0.90,0.70
2007.06.28 12:25:09.880,1.0406,1.04085,0.50,0.90
2007.06.28 12:25:10.206,1.0406,1.04085,0.70,0.80
2007.06.28 12:25:12.482,1.0405,1.04085,40.70,8.00
2007.06.28 12:25:12.694,1.0405,1.0408,28.70,8.00
2007.06.28 12:25:12.813,1.04045,1.0408,28.70,8.00
2007.06.28 12:25:12.848,1.0405,1.0408,8.90,10.40
2007.06.28 12:25:13.385,1.04045,1.0408,25.50,12.80
2007.06.28 12:25:13.513,1.0404,1.0408,39.90,4.80
2007.06.28 12:25:13.831,1.0405,1.0408,13.90,2.40
2007.06.28 12:25:13.968,1.04045,1.0408,27.90,10.40
2007.06.28 12:25:14.400,1.04045,1.0408,25.50,12.80
2007.06.28 12:25:15.502,1.04045,1.0407,9.60,15.90
2007.06.28 12:25:15.922,1.0405,1.04075,8.30,8.00
2007.06.28 12:25:16.015,1.0405,1.04075,8.80,8.00
2007.06.28 12:25:16.300,1.04045,1.0408,29.50,27.20
2007.06.28 12:25:16.437,1.04045,1.0407,13.60,15.90
2007.06.28 12:25:16.531,1.0405,1.0407,0.80,15.90
2007.06.28 12:25:17.279,1.0404,1.0407,6.40,23.90
2007.06.28 12:25:17.336,1.04035,1.0407,9.60,26.30
2007.06.28 12:25:17.561,1.0404,1.0407,0.50,34.30
2007.06.28 12:25:17.633,1.04035,1.0406,9.60,2.40
2007.06.28 12:25:17.772,1.04035,1.0406,4.30,2.40
2007.06.28 12:25:17.796,1.0403,1.0406,7.60,10.40
2007.06.28 12:25:18.084,1.0402,1.0406,42.40,2.40
2007.06.28 12:25:18.224,1.0402,1.0406,42.40,2.40
2007.06.28 12:25:19.159,1.0402,1.0406,40.70,2.40
2007.06.28 12:25:19.966,1.0403,1.0406,11.90,6.40
2007.06.28 12:25:20.520,1.0403,1.0406,6.20,14.40
2007.06.28 12:25:20.559,1.0403,1.0406,10.10,14.40
2007.06.28 12:25:22.160,1.0402,1.0406,42.40,18.40
2007.06.28 12:25:22.197,1.0401,1.0405,1.40,2.40
2007.06.28 12:25:22.465,1.0402,1.0405,40.00,2.40
2007.06.28 12:25:22.611,1.0403,1.0405,12.20,2.40
2007.06.28 12:25:23.141,1.0403,1.0405,9.00,2.40
2007.06.28 12:25:26.925,1.0402,1.0405,26.40,18.30
2007.06.28 12:25:27.053,1.0402,1.0405,24.80,22.30
2007.06.28 12:25:27.076,1.0402,1.0405,20.80,26.30
2007.06.28 12:25:27.188,1.0402,1.0404,20.80,2.40
2007.06.28 12:25:27.198,1.0402,1.0404,16.00,2.40
2007.06.28 12:25:27.274,1.0402,1.0404,5.60,2.40
2007.06.28 12:25:27.798,1.0401,1.0404,40.00,6.40
2007.06.28 12:25:27.882,1.0402,1.0404,1.60,14.40
2007.06.28 12:25:27.916,1.04005,1.0404,37.60,16.80
2007.06.28 12:25:28.720,1.04005,1.0404,33.60,20.80
2007.06.28 12:25:29.165,1.0401,1.0404,28.00,20.80
2007.06.28 12:25:29.439,1.0402,1.0404,0.80,18.40
2007.06.28 12:25:30.162,1.0401,1.0404,34.40,14.40
2007.06.28 12:25:30.493,1.0401,1.0404,42.40,6.40
2007.06.28 12:25:30.580,1.0401,1.04045,42.40,8.00
2007.06.28 12:25:30.680,1.0401,1.04045,42.40,8.00
2007.06.28 12:25:30.814,1.0401,1.04045,42.30,8.00
2007.06.28 12:25:32.287,1.0402,1.04045,3.50,8.00
2007.06.28 12:25:32.313,1.04015,1.0405,21.60,32.70
2007.06.28 12:25:33.121,1.0402,1.0404,1.20,4.00
2007.06.28 12:25:33.237,1.04015,1.0404,20.00,4.00
2007.06.28 12:25:33.511,1.0402,1.0404,27.90,4.00
2007.06.28 12:25:33.657,1.0402,1.0405,31.90,12.80
2007.06.28 12:25:35.260,1.0402,1.0405,31.90,10.40
2007.06.28 12:25:35.278,1.0402,1.0405,39.90,2.40
2007.06.28 12:25:38.121,1.0403,1.0405,19.90,10.40
2007.06.28 12:25:38.256,1.0403,1.0405,15.90,16.80
2007.06.28 12:25:39.576,1.0403,1.0405,19.90,12.80
2007.06.28 12:25:39.692,1.0403,1.0405,19.90,10.40
2007.06.28 12:25:39.695,1.0403,1.0405,19.90,2.40
2007.06.28 12:25:39.718,1.0403,1.04055,19.90,8.00
2007.06.28 12:25:42.571,1.0403,1.0405,15.90,4.00
2007.06.28 12:25:42.667,1.0403,1.0405,15.90,6.40
2007.06.28 12:25:42.773,1.0403,1.0405,15.90,8.80
2007.06.28 12:25:42.794,1.0403,1.0405,15.90,16.80
2007.06.28 12:25:43.604,1.0403,1.0405,19.90,12.80
2007.06.28 12:25:43.682,1.0403,1.0405,19.90,10.40
2007.06.28 12:25:43.712,1.0403,1.0405,19.90,8.00
2007.06.28 12:25:43.820,1.0403,1.04055,19.90,8.00
2007.06.28 12:25:45.960,1.0403,1.04055,19.90,0.50
2007.06.28 12:25:46.607,1.0403,1.0406,27.90,18.40
2007.06.28 12:25:46.637,1.0403,1.0406,30.30,14.40
2007.06.28 12:25:46.730,1.0403,1.0406,38.40,6.40
2007.06.28 12:25:47.644,1.04035,1.0406,8.00,6.40
2007.06.28 12:25:47.656,1.04035,1.0406,8.00,2.40
2007.06.28 12:25:47.739,1.04035,1.0407,8.00,26.30
2007.06.28 12:25:47.847,1.04035,1.0407,8.00,23.90
2007.06.28 12:25:47.893,1.0404,1.0407,8.00,23.90
2007.06.28 12:25:48.166,1.0404,1.0407,8.00,26.30
2007.06.28 12:25:48.208,1.04035,1.0407,8.00,26.30
2007.06.28 12:25:48.568,1.04035,1.0407,8.00,10.40
2007.06.28 12:25:48.890,1.0404,1.0407,2.40,8.00
2007.06.28 12:25:48.929,1.0404,1.04075,10.40,8.00
2007.06.28 12:25:48.995,1.0405,1.04075,15.90,8.00
2007.06.28 12:25:49.276,1.0405,1.0408,18.30,12.00
2007.06.28 12:25:49.503,1.0405,1.0408,18.30,10.40
2007.06.28 12:25:50.687,1.0405,1.0408,2.40,26.30
2007.06.28 12:25:50.806,1.04045,1.0408,8.00,28.70
2007.06.28 12:25:51.538,1.0405,1.0408,15.90,12.80
2007.06.28 12:25:52.174,1.0405,1.0408,15.90,16.80
2007.06.28 12:25:52.283,1.0405,1.0408,15.90,19.20
2007.06.28 12:25:52.783,1.0405,1.0408,15.90,23.20
2007.06.28 12:25:52.817,1.0405,1.0408,15.90,27.20
2007.06.28 12:25:53.294,1.0405,1.04075,15.90,8.00
2007.06.28 12:26:01.553,1.04045,1.0407,8.00,15.90
2007.06.28 12:26:01.668,1.04045,1.0407,8.00,26.30
2007.06.28 12:26:01.690,1.04045,1.0406,8.00,2.40
2007.06.28 12:26:01.825,1.0404,1.0406,13.60,2.40
2007.06.28 12:26:02.703,1.0404,1.0406,9.60,2.40
2007.06.28 12:26:03.137,1.0404,1.0406,5.60,2.40
2007.06.28 12:26:03.281,1.0403,1.0406,40.00,2.40
2007.06.28 12:26:03.653,1.0404,1.0406,4.00,2.40
2007.06.28 12:26:03.783,1.0404,1.04065,4.00,8.00
2007.06.28 12:26:04.382,1.0404,1.0407,4.00,40.80
2007.06.28 12:26:04.565,1.0404,1.0407,5.60,40.80
2007.06.28 12:26:12.141,1.0404,1.0407,1.60,40.80
2007.06.28 12:26:12.234,1.0404,1.0406,1.60,2.40
2007.06.28 12:26:12.559,1.04035,1.0406,8.00,2.40
2007.06.28 12:26:12.641,1.04035,1.0406,8.00,6.40
2007.06.28 12:26:13.032,1.0403,1.0406,40.00,6.40
2007.06.28 12:26:23.054,1.0403,1.0406,38.40,6.40
2007.06.28 12:26:34.786,1.0404,1.0406,4.00,6.40
2007.06.28 12:26:34.865,1.0405,1.0406,15.90,6.40
2007.06.28 12:26:34.882,1.0405,1.0406,15.90,4.00
2007.06.28 12:26:34.940,1.0405,1.04065,15.90,8.00
2007.06.28 12:26:35.386,1.0404,1.04065,2.40,8.00
2007.06.28 12:26:35.410,1.0401,1.04065,2.40,8.00
2007.06.28 12:26:35.522,1.0403,1.04065,40.80,8.00
2007.06.28 12:26:36.959,1.0401,1.04065,2.40,8.00
2007.06.28 12:26:36.988,1.04035,1.0407,8.00,40.80
2007.06.28 12:26:38.756,1.0405,1.0407,15.90,24.80
2007.06.28 12:26:38.806,1.0405,1.0407,15.90,16.80
2007.06.28 12:26:38.875,1.0405,1.0407,15.90,12.00
2007.06.28 12:26:39.807,1.0405,1.0407,15.90,8.00
2007.06.28 12:26:45.134,1.0404,1.0407,36.70,8.00
2007.06.28 12:26:53.783,1.0405,1.0407,19.90,4.00
2007.06.28 12:26:54.057,1.0405,1.0407,22.30,4.00
2007.06.28 12:27:01.659,1.0405,1.0407,26.30,4.00
2007.06.28 12:27:01.729,1.0406,1.0408,4.00,6.40
2007.06.28 12:27:07.160,1.0406,1.0408,4.00,10.40
2007.06.28 12:27:07.388,1.0406,1.0408,4.00,8.00
2007.06.28 12:27:07.457,1.0405,1.0408,32.70,12.00
2007.06.28 12:27:08.864,1.0405,1.0408,30.30,16.00
2007.06.28 12:27:08.871,1.0405,1.04075,22.30,8.00
2007.06.28 12:27:09.200,1.0405,1.04075,26.30,8.00
2007.06.28 12:27:09.738,1.0405,1.0408,26.30,20.80
2007.06.28 12:27:10.738,1.0406,1.0408,4.00,16.80
2007.06.28 12:27:11.041,1.0406,1.0408,4.00,6.40
2007.06.28 12:27:20.727,1.0406,1.0408,4.00,4.00
2007.06.28 12:27:20.860,1.0406,1.04085,4.00,8.00
2007.06.28 12:27:20.908,1.0406,1.04085,6.40,8.00
2007.06.28 12:27:21.338,1.0406,1.04085,10.40,8.00
2007.06.28 12:27:21.428,1.0407,1.04085,4.00,8.00
2007.06.28 12:27:21.562,1.0407,1.0409,4.00,2.40
2007.06.28 12:27:21.600,1.0407,1.04095,4.00,8.00
2007.06.28 12:27:21.853,1.0407,1.041,4.00,43.20
2007.06.28 12:27:22.335,1.0407,1.041,8.00,39.20
2007.06.28 12:27:27.692,1.0407,1.0409,8.00,15.90
2007.06.28 12:27:27.764,1.0407,1.0408,4.00,4.00
2007.06.28 12:27:27.904,1.04065,1.0408,8.00,6.40
2007.06.28 12:27:28.347,1.04065,1.0408,8.00,2.40
2007.06.28 12:27:28.420,1.04065,1.0409,8.00,20.80
2007.06.28 12:27:28.454,1.04065,1.0409,8.00,19.20
2007.06.28 12:27:28.587,1.0406,1.0409,22.30,27.20
2007.06.28 12:27:30.297,1.0406,1.0412,6.40,2.40
2007.06.28 12:27:30.380,1.0406,1.0408,2.40,4.00
2007.06.28 12:27:30.415,1.04055,1.0408,8.00,4.00
2007.06.28 12:27:30.699,1.0405,1.0408,43.20,4.00
2007.06.28 12:27:30.784,1.0402,1.0408,2.40,4.00
2007.06.28 12:27:31.272,1.0406,1.0408,4.00,4.00
2007.06.28 12:27:31.384,1.0406,1.0408,8.00,4.00
2007.06.28 12:27:31.442,1.0406,1.0408,16.00,4.00
2007.06.28 12:27:31.490,1.0406,1.0409,20.00,23.90
2007.06.28 12:27:31.585,1.0406,1.0409,22.40,19.90
2007.06.28 12:27:31.950,1.0406,1.0409,22.40,27.90
2007.06.28 12:27:31.966,1.0406,1.0409,20.00,27.90
2007.06.28 12:27:34.203,1.0406,1.0409,20.00,30.30
2007.06.28 12:27:34.518,1.0406,1.0409,12.00,30.30
2007.06.28 12:27:39.239,1.0406,1.041,12.00,38.30
2007.06.28 12:27:39.324,1.0406,1.0409,8.00,30.30
2007.06.28 12:27:39.398,1.0406,1.0409,4.00,34.30
2007.06.28 12:27:39.534,1.04055,1.0411,8.00,2.40
2007.06.28 12:27:39.913,1.0405,1.04085,35.90,8.00
2007.06.28 12:27:40.006,1.0405,1.04085,34.30,8.00
2007.06.28 12:27:41.239,1.0405,1.04085,30.30,8.00
2007.06.28 12:27:41.250,1.0405,1.04085,26.30,8.00
2007.06.28 12:27:41.383,1.0405,1.0408,10.40,15.90
2007.06.28 12:27:41.789,1.0405,1.0408,14.40,15.90
2007.06.28 12:27:42.010,1.0405,1.04085,30.30,8.00
2007.06.28 12:27:43.035,1.0405,1.04085,34.30,8.00
2007.06.28 12:27:53.203,1.0405,1.04085,30.30,8.00
2007.06.28 12:27:53.242,1.0405,1.04085,26.30,8.00
2007.06.28 12:27:53.337,1.0405,1.0408,10.40,15.90
2007.06.28 12:27:53.666,1.0405,1.0408,8.00,15.90
2007.06.28 12:27:53.773,1.0405,1.04085,27.90,8.00
2007.06.28 12:27:53.838,1.0405,1.0408,27.90,8.00
2007.06.28 12:27:53.938,1.0405,1.0408,30.30,8.00
2007.06.28 12:27:54.085,1.0405,1.04085,30.30,8.00
2007.06.28 12:27:54.855,1.0405,1.04085,34.30,8.00
2007.06.28 12:27:56.115,1.04055,1.0411,8.00,2.40
2007.06.28 12:27:56.307,1.04055,1.0408,8.00,19.90
2007.06.28 12:27:56.892,1.0405,1.0408,18.40,27.90
2007.06.28 12:27:56.950,1.0405,1.0408,14.40,31.90
2007.06.28 12:27:57.016,1.0405,1.0408,14.40,34.30
2007.06.28 12:27:57.135,1.0405,1.0408,6.40,34.30
2007.06.28 12:28:15.373,1.0405,1.0408,8.00,34.30
2007.06.28 12:28:25.425,1.0405,1.0408,6.40,34.30
2007.06.28 12:28:25.515,1.0405,1.04075,6.40,8.00
2007.06.28 12:28:27.756,1.0405,1.0408,6.40,34.30
2007.06.28 12:28:27.956,1.0405,1.0408,8.00,34.30
2007.06.28 12:28:28.737,1.0405,1.0408,12.00,30.30
2007.06.28 12:28:28.946,1.0405,1.0408,14.40,30.30
2007.06.28 12:28:28.987,1.0406,1.0408,4.00,26.30
2007.06.28 12:28:29.048,1.0406,1.0408,6.40,26.30
2007.06.28 12:28:29.080,1.0406,1.0408,22.30,10.40
2007.06.28 12:28:29.983,1.0406,1.0408,23.90,8.00
2007.06.28 12:28:30.178,1.0406,1.0409,23.90,22.40
2007.06.28 12:28:31.026,1.0406,1.0409,23.90,24.80
2007.06.28 12:28:31.243,1.0406,1.04085,22.30,8.00
2007.06.28 12:28:33.753,1.0406,1.0409,22.30,24.80
2007.06.28 12:28:34.432,1.0407,1.0409,4.00,18.40
2007.06.28 12:28:34.491,1.0407,1.0409,6.40,14.40
2007.06.28 12:28:34.845,1.0408,1.0409,15.90,14.40
2007.06.28 12:28:35.005,1.0409,1.041,2.40,8.00
2007.06.28 12:28:35.032,1.0408,1.0409,19.90,10.40
2007.06.28 12:28:35.245,1.0409,1.0411,2.40,2.40
2007.06.28 12:28:35.318,1.0409,1.0411,2.40,10.40
2007.06.28 12:28:35.574,1.0409,1.0411,2.40,2.40
2007.06.28 12:28:35.905,1.0409,1.04115,2.40,8.00
2007.06.28 12:28:36.405,1.0409,1.0411,2.40,2.40
2007.06.28 12:28:36.577,1.0409,1.0411,2.40,10.40
2007.06.28 12:28:36.822,1.0409,1.0411,2.40,26.30
2007.06.28 12:28:36.929,1.04075,1.0411,8.00,26.30
2007.06.28 12:28:36.954,1.04075,1.0411,8.00,28.70
2007.06.28 12:28:37.886,1.0407,1.0411,6.40,20.70
2007.06.28 12:28:37.968,1.0407,1.04095,4.00,8.00
2007.06.28 12:28:38.088,1.0406,1.04095,36.70,8.00
2007.06.28 12:28:38.445,1.0406,1.0409,36.70,8.00
2007.06.28 12:28:38.459,1.0406,1.0409,34.30,8.00
2007.06.28 12:28:38.567,1.0406,1.0409,34.30,0.60
2007.06.28 12:28:38.864,1.0406,1.041,34.30,42.30
2007.06.28 12:28:39.724,1.0406,1.041,38.40,40.70
2007.06.28 12:28:39.758,1.0406,1.041,40.80,40.70
2007.06.28 12:28:39.820,1.0406,1.0409,40.80,0.90
2007.06.28 12:28:39.990,1.0406,1.041,40.80,42.40
2007.06.28 12:28:40.013,1.0406,1.04095,43.20,0.70
2007.06.28 12:28:40.355,1.0407,1.041,4.00,42.40
2007.06.28 12:28:41.007,1.0407,1.0411,4.00,42.40
2007.06.28 12:28:41.298,1.0407,1.0411,8.00,42.40
2007.06.28 12:28:42.964,1.0407,1.0409,6.40,0.50
2007.06.28 12:28:44.184,1.0407,1.04095,2.40,12.00
2007.06.28 12:28:46.776,1.04065,1.04095,8.00,12.00
2007.06.28 12:28:46.909,1.0406,1.0409,40.80,0.70
2007.06.28 12:28:48.772,1.0406,1.0409,24.80,0.80
2007.06.28 12:28:49.683,1.0407,1.041,2.40,42.40
2007.06.28 12:28:49.832,1.0407,1.0409,4.80,0.60
2007.06.28 12:28:49.944,1.0407,1.04095,4.80,12.00
2007.06.28 12:28:53.969,1.0407,1.04095,10.40,0.90
2007.06.28 12:28:54.591,1.0407,1.0411,10.40,40.70
2007.06.28 12:29:00.988,1.0408,1.0411,4.00,24.80
2007.06.28 12:29:01.956,1.0408,1.041,4.00,0.80
2007.06.28 12:29:02.979,1.0408,1.0411,4.00,24.80
2007.06.28 12:29:02.986,1.0408,1.041,4.00,0.90
2007.06.28 12:29:03.961,1.0407,1.0409,14.40,0.70
2007.06.28 12:29:04.037,1.0407,1.04105,14.40,38.40
2007.06.28 12:29:04.087,1.0407,1.041,14.40,0.90
2007.06.28 12:29:04.198,1.0407,1.0408,10.40,0.80
2007.06.28 12:29:04.499,1.04065,1.0409,8.00,10.40
2007.06.28 12:29:06.053,1.0406,1.0408,10.40,2.40
2007.06.28 12:29:06.496,1.0406,1.0408,8.00,2.40
2007.06.28 12:29:06.518,1.0406,1.0409,8.00,20.80
2007.06.28 12:29:06.593,1.0406,1.0409,8.00,16.80
2007.06.28 12:29:07.428,1.0406,1.0409,8.00,14.40
2007.06.28 12:29:07.589,1.0406,1.0409,16.00,14.40
2007.06.28 12:29:08.466,1.0406,1.0408,16.00,2.40
2007.06.28 12:29:08.540,1.0406,1.0408,18.40,2.40
2007.06.28 12:29:09.096,1.0406,1.0408,10.40,2.40
2007.06.28 12:29:11.726,1.0406,1.0408,6.40,2.40
2007.06.28 12:29:13.673,1.0406,1.0408,4.00,2.40
2007.06.28 12:29:13.827,1.0406,1.04085,4.00,8.00
2007.06.28 12:29:15.058,1.0406,1.0409,12.00,10.40
2007.06.28 12:29:17.027,1.0406,1.0409,14.40,10.40
2007.06.28 12:29:17.112,1.04065,1.0409,8.00,2.40
2007.06.28 12:29:17.253,1.04065,1.041,8.00,18.40
2007.06.28 12:29:17.462,1.04065,1.041,8.00,16.80
2007.06.28 12:29:17.661,1.0406,1.041,12.80,8.80
2007.06.28 12:29:18.282,1.0406,1.041,10.40,8.80
2007.06.28 12:29:18.368,1.0406,1.0409,6.40,4.00
2007.06.28 12:29:18.900,1.0406,1.0409,4.80,4.00
2007.06.28 12:29:19.500,1.0406,1.0409,2.40,4.00
2007.06.28 12:29:19.540,1.0406,1.0409,2.40,8.00
2007.06.28 12:29:19.609,1.0406,1.0408,2.40,2.40
2007.06.28 12:29:20.112,1.0406,1.0409,2.40,10.40
2007.06.28 12:29:20.150,1.0406,1.0409,2.40,6.40
2007.06.28 12:29:22.400,1.0405,1.0409,10.40,8.80
2007.06.28 12:29:24.849,1.0405,1.0409,8.00,6.40
2007.06.28 12:29:25.535,1.0405,1.0409,10.40,6.40
2007.06.28 12:29:25.746,1.0406,1.0409,2.40,4.00
2007.06.28 12:29:29.756,1.0406,1.0409,2.40,6.40
2007.06.28 12:29:30.090,1.0406,1.041,6.40,4.00
2007.06.28 12:29:31.287,1.0404,1.0408,6.40,2.40
2007.06.28 12:29:31.382,1.0404,1.0408,8.80,2.40
2007.06.28 12:29:31.427,1.0404,1.0408,12.80,2.40
2007.06.28 12:29:31.686,1.0405,1.0409,4.00,2.40
2007.06.28 12:29:32.924,1.0405,1.0409,2.40,4.00
2007.06.28 12:29:34.882,1.0405,1.0409,4.80,4.00
2007.06.28 12:29:35.194,1.0405,1.0409,2.40,4.00
2007.06.28 12:29:35.419,1.0405,1.0409,2.40,8.00
2007.06.28 12:29:35.904,1.0405,1.0411,2.40,19.10
2007.06.28 12:29:36.538,1.0404,1.0408,4.00,2.40
2007.06.28 12:29:37.144,1.0402,1.0408,23.20,2.40
2007.06.28 12:29:37.175,1.0405,1.0408,1.60,2.40
2007.06.28 12:29:37.402,1.0404,1.0408,4.00,2.40
2007.06.28 12:29:38.318,1.0404,1.0408,4.00,6.40
2007.06.28 12:29:38.426,1.0403,1.041,0.80,19.10
2007.06.28 12:29:38.981,1.0401,1.0409,18.30,2.40
2007.06.28 12:29:39.118,1.0401,1.0409,2.40,18.30
2007.06.28 12:29:39.191,1.0402,1.0409,0.80,18.30
2007.06.28 12:29:39.264,1.0402,1.0409,0.80,19.10
2007.06.28 12:29:39.397,1.0402,1.0409,3.20,16.70
2007.06.28 12:29:39.536,1.0402,1.0409,3.20,0.80
2007.06.28 12:29:41.085,1.0402,1.041,2.40,18.30
2007.06.28 12:29:45.223,1.0403,1.041,2.40,15.90
2007.06.28 12:29:45.440,1.0403,1.0411,2.40,18.30
2007.06.28 12:29:45.539,1.0402,1.041,15.90,2.40
2007.06.28 12:29:45.630,1.0402,1.041,18.30,2.40
2007.06.28 12:29:45.843,1.0402,1.041,2.40,2.40
2007.06.28 12:29:46.652,1.0401,1.041,10.40,2.40
2007.06.28 12:29:46.814,1.0403,1.041,15.90,2.40
2007.06.28 12:29:48.234,1.0403,1.0409,15.90,2.40
2007.06.28 12:29:48.403,1.0402,1.0409,19.90,2.40
2007.06.28 12:29:48.647,1.0402,1.041,22.30,2.40
2007.06.28 12:29:48.810,1.0402,1.041,22.30,0.90
2007.06.28 12:29:48.818,1.0403,1.041,15.90,0.80
2007.06.28 12:29:49.013,1.0402,1.0411,6.40,20.70
2007.06.28 12:29:49.154,1.0402,1.0409,4.00,0.50
2007.06.28 12:29:49.377,1.0401,1.041,2.40,20.70
2007.06.28 12:29:51.507,1.04,1.0411,15.90,0.50
2007.06.28 12:29:53.640,1.04,1.0413,18.30,8.80
2007.06.28 12:29:53.916,1.0401,1.0413,15.90,7.20
2007.06.28 12:29:54.673,1.0399,1.041,2.40,0.50
2007.06.28 12:29:54.855,1.04,1.0411,15.90,0.80
2007.06.28 12:29:56.709,1.0398,1.0411,1.60,0.70
2007.06.28 12:29:56.814,1.0398,1.0413,1.60,0.50
2007.06.28 12:30:02.818,1.0399,1.0414,1.60,0.90
2007.06.28 12:30:08.990,1.0401,1.0414,2.40,7.20
2007.06.28 12:30:09.166,1.0402,1.0413,15.90,0.70
2007.06.28 12:30:09.511,1.0402,1.0414,18.30,8.80
2007.06.28 12:30:10.444,1.0403,1.0413,4.00,0.50
2007.06.28 12:30:10.532,1.0403,1.0414,4.00,12.80
2007.06.28 12:30:10.943,1.0404,1.0411,4.00,0.80
2007.06.28 12:30:12.116,1.0404,1.0412,6.40,22.30
2007.06.28 12:30:12.973,1.0404,1.0413,22.30,28.70
2007.06.28 12:30:13.158,1.0405,1.0413,2.40,26.30
2007.06.28 12:30:14.091,1.0405,1.0414,2.40,24.70
2007.06.28 12:30:14.712,1.0404,1.0413,22.30,24.70
2007.06.28 12:30:14.802,1.0404,1.0413,18.30,24.70
2007.06.28 12:30:15.101,1.0404,1.0412,2.40,18.30
2007.06.28 12:30:15.211,1.0403,1.0411,6.40,0.70
2007.06.28 12:30:15.918,1.0404,1.0411,15.90,0.90
2007.06.28 12:30:16.232,1.0404,1.0412,18.30,2.40
2007.06.28 12:30:16.350,1.0404,1.0412,18.30,6.40
2007.06.28 12:30:16.758,1.0404,1.0412,22.30,6.40
2007.06.28 12:30:17.250,1.0404,1.0411,22.30,4.00
2007.06.28 12:30:17.479,1.0404,1.0411,19.90,6.40
2007.06.28 12:30:17.699,1.0406,1.0413,4.00,22.30
2007.06.28 12:30:18.444,1.0406,1.0411,8.00,4.00
2007.06.28 12:30:18.520,1.0404,1.0411,18.30,4.00
2007.06.28 12:30:18.843,1.0407,1.0411,4.00,4.00
2007.06.28 12:30:19.043,1.0407,1.0411,4.00,8.00
2007.06.28 12:30:19.344,1.0407,1.0411,4.00,4.00
2007.06.28 12:30:19.668,1.0407,1.0411,6.40,4.00
2007.06.28 12:30:19.967,1.0407,1.0411,4.00,4.00
2007.06.28 12:30:20.199,1.0407,1.0414,8.00,18.30
2007.06.28 12:30:20.274,1.0408,1.0414,4.00,18.30
2007.06.28 12:30:21.431,1.0406,1.0414,2.40,18.30
2007.06.28 12:30:21.726,1.0408,1.0414,4.00,19.90
2007.06.28 12:30:22.231,1.0408,1.0414,8.00,19.90
2007.06.28 12:30:22.328,1.0408,1.0412,8.00,4.00
2007.06.28 12:30:22.547,1.0408,1.0412,10.40,4.00
2007.06.28 12:30:22.763,1.0408,1.0414,10.40,19.90
2007.06.28 12:30:23.088,1.0408,1.0416,6.40,2.40
2007.06.28 12:30:23.619,1.0408,1.0413,6.40,4.00
2007.06.28 12:30:23.971,1.0408,1.0416,10.40,2.40
2007.06.28 12:30:24.223,1.0409,1.0417,2.40,2.40
2007.06.28 12:30:24.324,1.0409,1.0417,6.40,2.40
2007.06.28 12:30:24.600,1.0409,1.0414,4.00,24.00
2007.06.28 12:30:25.408,1.0409,1.0414,4.00,8.00
2007.06.28 12:30:25.423,1.0409,1.0413,4.00,4.00
2007.06.28 12:30:25.601,1.0407,1.0413,18.30,4.00
2007.06.28 12:30:25.945,1.0409,1.0413,4.00,4.00
2007.06.28 12:30:26.449,1.0409,1.0415,4.00,2.40
