2018.04.23 02:00:00.488,0.82716,0.82724,1.25,1.00
2018.04.23 02:00:00.780,0.82713,0.82723,1.69,1.69
2018.04.23 02:00:00.984,0.82712,0.82721,1.25,1.12
2018.04.23 02:00:01.291,0.82711,0.8272,1.00,2.81
2018.04.23 02:00:01.599,0.82707,0.82715,1.00,1.12
2018.04.23 02:00:02.114,0.82706,0.82715,1.00,2.06
2018.04.23 02:00:02.702,0.82704,0.82714,2.44,1.00
2018.04.23 02:00:03.507,0.82705,0.82714,1.69,1.00
2018.04.23 02:00:04.020,0.82705,0.82715,1.69,1.00
2018.04.23 02:00:04.544,0.82708,0.82716,1.19,1.00
2018.04.23 02:00:05.053,0.82705,0.82714,1.69,3.00
2018.04.23 02:00:05.165,0.82703,0.82712,1.25,1.12
2018.04.23 02:00:05.974,0.82704,0.82712,1.19,1.00
2018.04.23 02:00:06.077,0.82702,0.82712,2.44,1.00
2018.04.23 02:00:06.582,0.82706,0.82714,1.19,1.50
2018.04.23 02:00:06.740,0.82708,0.82717,1.19,2.25
2018.04.23 02:00:07.253,0.82709,0.82719,1.19,1.87
2018.04.23 02:00:07.976,0.82708,0.82718,1.69,2.62
2018.04.23 02:00:08.231,0.82706,0.82716,2.44,1.37
2018.04.23 02:00:08.761,0.82706,0.82715,1.25,1.12
2018.04.23 02:00:11.923,0.82705,0.82715,1.69,1.87
2018.04.23 02:00:12.440,0.82704,0.82714,3.19,1.00
2018.04.23 02:00:12.801,0.82701,0.82711,2.44,1.00
2018.04.23 02:00:13.313,0.82701,0.8271,1.69,1.00
2018.04.23 02:00:15.675,0.82701,0.82711,2.44,1.12
2018.04.23 02:00:16.185,0.82702,0.82712,1.19,1.87
2018.04.23 02:00:16.494,0.82703,0.82712,2.44,1.00
2018.04.23 02:00:17.046,0.82704,0.82714,1.19,2.62
2018.04.23 02:00:17.565,0.82704,0.82714,1.69,2.62
2018.04.23 02:00:20.680,0.82704,0.82714,1.19,3.37
2018.04.23 02:00:21.745,0.82705,0.82714,1.19,4.12
2018.04.23 02:00:22.527,0.82706,0.82714,1.19,1.87
2018.04.23 02:00:24.233,0.82705,0.82714,1.69,1.87
2018.04.23 02:00:24.544,0.82699,0.82709,3.19,2.62
2018.04.23 02:00:30.412,0.82698,0.82708,3.19,3.37
2018.04.23 02:00:31.487,0.82698,0.82708,3.19,1.12
2018.04.23 02:00:32.104,0.82699,0.82708,1.19,1.12
2018.04.23 02:00:34.466,0.82699,0.82709,1.25,2.06
2018.04.23 02:00:34.813,0.82701,0.82709,1.19,1.00
2018.04.23 02:00:35.364,0.82701,0.8271,1.19,2.62
2018.04.23 02:00:35.932,0.82701,0.8271,1.19,3.37
2018.04.23 02:00:36.475,0.82699,0.82709,1.69,2.62
2018.04.23 02:00:37.313,0.82699,0.82709,1.69,2.62
2018.04.23 02:00:40.270,0.82697,0.82704,1.25,1.50
2018.04.23 02:00:40.428,0.82694,0.82703,1.19,1.12
2018.04.23 02:00:40.999,0.82697,0.82703,1.19,1.00
2018.04.23 02:00:41.052,0.82693,0.82702,1.69,1.00
2018.04.23 02:00:46.177,0.82695,0.82702,1.19,1.12
2018.04.23 02:00:46.283,0.82696,0.82704,1.19,2.25
2018.04.23 02:00:46.831,0.82696,0.82705,1.19,1.12
2018.04.23 02:00:49.069,0.82694,0.82702,1.25,1.00
2018.04.23 02:00:49.603,0.82693,0.82701,1.19,1.00
2018.04.23 02:00:50.064,0.82691,0.827,3.19,1.00
2018.04.23 02:00:50.988,0.82692,0.827,1.69,1.00
2018.04.23 02:00:51.519,0.82691,0.827,1.69,1.00
2018.04.23 02:00:52.031,0.82689,0.82699,2.44,1.50
2018.04.23 02:00:53.270,0.82691,0.827,1.25,2.62
2018.04.23 02:01:00.069,0.82691,0.827,1.19,1.00
2018.04.23 02:01:00.352,0.82694,0.827,1.19,1.00
2018.04.23 02:01:00.510,0.82695,0.82702,1.19,1.00
2018.04.23 02:01:01.058,0.82695,0.82703,1.19,2.25
2018.04.23 02:01:01.726,0.82695,0.82704,1.69,1.50
2018.04.23 02:01:03.064,0.82696,0.82704,1.69,1.50
2018.04.23 02:01:04.409,0.82696,0.82705,1.69,1.00
2018.04.23 02:01:04.913,0.82696,0.82705,1.25,1.19
2018.04.23 02:01:05.211,0.82692,0.82701,2.44,1.50
2018.04.23 02:01:05.569,0.82695,0.82701,1.19,1.00
2018.04.23 02:01:05.671,0.82694,0.82703,1.19,2.62
2018.04.23 02:01:05.824,0.82697,0.82703,1.19,1.00
2018.04.23 02:01:05.876,0.82697,0.82705,1.25,1.00
2018.04.23 02:01:05.978,0.82698,0.82705,1.19,1.00
2018.04.23 02:01:07.218,0.82698,0.82706,1.69,1.00
2018.04.23 02:01:07.861,0.82699,0.82706,1.19,1.00
2018.04.23 02:01:07.965,0.82699,0.82708,2.44,1.50
2018.04.23 02:01:10.460,0.827,0.82705,1.00,1.50
2018.04.23 02:01:10.587,0.82696,0.82703,1.25,1.25
2018.04.23 02:01:11.088,0.82695,0.82702,1.19,1.00
2018.04.23 02:01:12.190,0.82694,0.82702,1.69,1.25
2018.04.23 02:01:12.516,0.82692,0.827,1.69,1.00
2018.04.23 02:01:14.744,0.82694,0.82702,1.19,1.87
2018.04.23 02:01:14.796,0.82698,0.82702,1.69,1.00
2018.04.23 02:01:14.901,0.82698,0.82706,1.69,1.00
2018.04.23 02:01:17.484,0.82696,0.82703,1.25,1.00
2018.04.23 02:01:17.589,0.82693,0.82702,3.19,1.12
2018.04.23 02:01:18.137,0.82693,0.82701,1.19,1.00
2018.04.23 02:01:20.267,0.827,0.82705,1.19,2.25
2018.04.23 02:01:20.373,0.827,0.82708,1.19,2.81
2018.04.23 02:01:20.897,0.827,0.82708,1.19,1.25
2018.04.23 02:01:21.235,0.82698,0.82706,1.19,1.87
2018.04.23 02:01:21.793,0.82698,0.82705,1.19,2.25
2018.04.23 02:01:23.539,0.82697,0.82705,1.19,1.00
2018.04.23 02:01:23.878,0.82699,0.82707,1.19,2.25
2018.04.23 02:01:24.429,0.82698,0.82707,1.69,1.50
2018.04.23 02:01:24.956,0.82698,0.82706,1.19,1.00
2018.04.23 02:01:25.660,0.82698,0.82705,1.19,1.00
2018.04.23 02:01:26.390,0.82698,0.82706,1.19,3.37
2018.04.23 02:01:27.015,0.82698,0.82706,1.19,1.50
2018.04.23 02:01:27.711,0.82698,0.82707,1.69,1.50
2018.04.23 02:01:28.760,0.827,0.82708,1.19,1.50
2018.04.23 02:01:30.876,0.82701,0.82708,1.19,1.00
2018.04.23 02:01:31.418,0.82702,0.82709,1.19,1.00
2018.04.23 02:01:31.470,0.82703,0.82711,1.19,1.50
2018.04.23 02:01:31.624,0.82708,0.82713,1.19,1.50
2018.04.23 02:01:31.677,0.82708,0.82715,1.19,2.25
2018.04.23 02:01:31.730,0.82706,0.82714,1.19,1.00
2018.04.23 02:01:32.619,0.82705,0.82714,1.19,1.50
2018.04.23 02:01:33.393,0.82706,0.82714,1.19,1.50
2018.04.23 02:01:34.404,0.82705,0.82713,1.25,1.00
2018.04.23 02:01:34.925,0.82703,0.82712,1.19,1.50
2018.04.23 02:01:35.443,0.82702,0.82711,1.19,2.25
2018.04.23 02:01:36.034,0.82702,0.8271,1.19,1.00
2018.04.23 02:01:36.298,0.82699,0.82709,3.19,1.50
2018.04.23 02:01:37.029,0.82699,0.82709,1.69,3.19
2018.04.23 02:01:37.576,0.82699,0.82708,1.69,1.00
2018.04.23 02:01:39.132,0.827,0.82709,1.69,2.25
2018.04.23 02:01:39.235,0.82701,0.82709,1.19,1.00
2018.04.23 02:01:39.443,0.82701,0.82711,2.44,1.50
2018.04.23 02:01:40.195,0.82701,0.82711,2.44,2.25
2018.04.23 02:01:44.948,0.82703,0.82712,1.19,1.50
2018.04.23 02:01:46.466,0.82703,0.82712,1.19,1.00
2018.04.23 02:01:46.671,0.82706,0.82712,1.19,1.00
2018.04.23 02:01:46.773,0.82706,0.82714,1.19,1.50
2018.04.23 02:01:48.087,0.82705,0.82714,1.19,3.00
2018.04.23 02:01:51.035,0.82705,0.82712,1.19,1.00
2018.04.23 02:01:51.552,0.82703,0.82712,1.19,1.00
2018.04.23 02:01:51.910,0.82702,0.8271,1.69,1.00
2018.04.23 02:01:52.452,0.82703,0.8271,1.19,1.00
2018.04.23 02:01:53.602,0.82702,0.8271,1.25,1.00
2018.04.23 02:01:55.149,0.82702,0.8271,1.19,1.00
2018.04.23 02:01:55.660,0.82703,0.8271,1.19,1.00
2018.04.23 02:01:57.275,0.82703,0.82711,1.19,1.00
2018.04.23 02:01:58.209,0.82704,0.82711,1.19,1.00
2018.04.23 02:01:58.780,0.82703,0.82711,1.69,1.00
2018.04.23 02:02:00.009,0.82703,0.82711,1.25,1.00
2018.04.23 02:02:00.520,0.82704,0.82711,1.25,1.00
2018.04.23 02:02:02.289,0.82702,0.8271,1.19,1.00
2018.04.23 02:02:02.443,0.827,0.82708,1.69,1.00
2018.04.23 02:02:04.007,0.82701,0.82709,1.19,2.25
2018.04.23 02:02:04.522,0.827,0.82708,1.19,1.87
2018.04.23 02:02:05.024,0.82701,0.82708,1.19,1.00
2018.04.23 02:02:06.307,0.827,0.82708,1.19,1.00
2018.04.23 02:02:06.614,0.82697,0.82705,1.19,1.00
2018.04.23 02:02:06.717,0.82695,0.82703,1.19,1.00
2018.04.23 02:02:06.821,0.82694,0.82701,1.19,1.00
2018.04.23 02:02:06.873,0.82693,0.82701,1.69,1.00
2018.04.23 02:02:07.166,0.82691,0.827,1.19,1.00
2018.04.23 02:02:07.525,0.82693,0.82702,1.69,1.50
2018.04.23 02:02:09.126,0.82695,0.82703,1.19,1.50
2018.04.23 02:02:09.384,0.82693,0.82702,1.19,2.62
2018.04.23 02:02:09.540,0.82692,0.827,1.19,1.50
2018.04.23 02:02:10.081,0.82691,0.827,1.19,3.00
2018.04.23 02:02:10.863,0.82693,0.827,1.19,1.00
2018.04.23 02:02:11.377,0.82694,0.82701,1.19,1.00
2018.04.23 02:02:11.429,0.82694,0.82703,1.19,1.50
2018.04.23 02:02:12.347,0.82694,0.82702,1.19,1.00
2018.04.23 02:02:12.449,0.82692,0.82702,2.44,1.12
2018.04.23 02:02:13.027,0.82692,0.82701,1.69,1.50
2018.04.23 02:02:13.572,0.82693,0.82701,1.19,1.00
2018.04.23 02:02:16.722,0.82693,0.82703,1.69,3.37
2018.04.23 02:02:16.774,0.82695,0.82703,1.19,2.25
2018.04.23 02:02:19.309,0.82695,0.82704,1.19,2.25
2018.04.23 02:02:20.214,0.82694,0.82704,1.69,2.25
2018.04.23 02:02:20.319,0.82694,0.82702,1.69,1.50
2018.04.23 02:02:20.476,0.82689,0.82698,1.69,1.12
2018.04.23 02:02:20.992,0.82689,0.82698,1.19,3.37
2018.04.23 02:02:22.818,0.8269,0.82698,1.19,2.25
2018.04.23 02:02:24.782,0.82693,0.827,1.19,1.50
2018.04.23 02:02:25.093,0.82697,0.82702,1.19,1.00
2018.04.23 02:02:25.561,0.82695,0.82703,1.19,1.50
2018.04.23 02:02:26.081,0.82696,0.82703,1.19,1.50
2018.04.23 02:02:26.591,0.82696,0.82703,1.25,1.00
2018.04.23 02:02:28.118,0.82696,0.82704,1.25,1.00
2018.04.23 02:02:28.170,0.82697,0.82705,1.19,1.50
2018.04.23 02:02:28.475,0.82699,0.82707,1.69,1.50
2018.04.23 02:02:40.834,0.827,0.82707,1.19,1.00
2018.04.23 02:02:41.290,0.82699,0.82709,2.81,3.00
2018.04.23 02:02:42.143,0.82699,0.82708,2.06,1.00
2018.04.23 02:02:42.552,0.82701,0.82708,1.19,1.00
2018.04.23 02:02:45.156,0.827,0.82708,1.19,1.00
2018.04.23 02:02:46.277,0.82705,0.82711,1.19,2.25
2018.04.23 02:02:46.328,0.82704,0.82711,1.19,2.25
2018.04.23 02:02:46.836,0.82702,0.82711,1.19,1.50
2018.04.23 02:02:48.325,0.82703,0.82709,1.25,1.00
2018.04.23 02:02:48.868,0.82701,0.82708,1.69,1.00
2018.04.23 02:02:58.162,0.82701,0.82707,1.25,1.00
2018.04.23 02:03:00.162,0.827,0.82707,1.25,1.00
2018.04.23 02:03:00.215,0.82701,0.82708,1.19,1.00
2018.04.23 02:03:01.191,0.82703,0.8271,1.69,1.00
2018.04.23 02:03:01.399,0.82702,0.82709,1.19,1.00
2018.04.23 02:03:01.950,0.82702,0.82708,1.19,1.00
2018.04.23 02:03:02.488,0.82702,0.82708,1.25,1.00
2018.04.23 02:03:03.642,0.82701,0.82708,1.00,1.50
2018.04.23 02:03:04.202,0.827,0.82708,1.25,2.25
2018.04.23 02:03:06.693,0.82699,0.82707,1.69,1.00
2018.04.23 02:03:14.621,0.82699,0.82706,1.50,2.44
2018.04.23 02:03:14.776,0.82696,0.82705,1.25,3.19
2018.04.23 02:03:15.315,0.82696,0.82705,1.69,2.25
2018.04.23 02:03:21.227,0.82696,0.82704,1.69,1.00
2018.04.23 02:03:21.841,0.82696,0.82705,2.44,1.00
2018.04.23 02:03:21.943,0.82697,0.82706,2.06,1.50
2018.04.23 02:03:22.198,0.82698,0.82706,1.69,1.50
2018.04.23 02:03:24.645,0.82697,0.82706,1.25,2.44
2018.04.23 02:03:24.702,0.82697,0.82704,1.25,1.00
2018.04.23 02:03:25.216,0.82696,0.82703,1.19,1.00
2018.04.23 02:03:25.722,0.82696,0.82703,1.25,1.00
2018.04.23 02:03:26.267,0.82696,0.82704,1.25,1.50
2018.04.23 02:03:27.001,0.82696,0.82704,1.69,1.00
2018.04.23 02:03:30.625,0.82697,0.82704,1.19,1.00
2018.04.23 02:03:31.177,0.82697,0.82705,1.19,1.50
2018.04.23 02:03:34.681,0.82697,0.82705,1.25,1.00
2018.04.23 02:03:38.049,0.82697,0.82705,1.19,2.25
2018.04.23 02:03:38.619,0.82696,0.82705,1.69,2.25
2018.04.23 02:03:45.324,0.82697,0.82705,1.19,3.00
2018.04.23 02:03:45.835,0.82696,0.82705,1.69,2.25
2018.04.23 02:03:48.954,0.82696,0.82704,1.69,1.00
2018.04.23 02:03:49.512,0.82696,0.82703,1.69,1.00
2018.04.23 02:03:50.174,0.82696,0.82704,1.69,2.25
2018.04.23 02:03:51.320,0.82696,0.82703,1.69,1.00
2018.04.23 02:03:51.825,0.82696,0.82704,1.69,2.25
2018.04.23 02:03:52.782,0.82696,0.82703,1.69,1.00
2018.04.23 02:03:55.560,0.82696,0.82704,1.19,1.50
2018.04.23 02:03:57.538,0.82696,0.82703,1.19,1.00
2018.04.23 02:03:58.098,0.82696,0.82704,1.19,2.25
2018.04.23 02:03:58.407,0.82691,0.82699,1.19,2.44
2018.04.23 02:03:58.750,0.82689,0.82699,3.19,3.19
2018.04.23 02:04:00.058,0.82689,0.82698,3.19,1.25
2018.04.23 02:04:00.622,0.8269,0.82698,1.69,1.00
2018.04.23 02:04:01.169,0.82689,0.82698,3.19,1.25
2018.04.23 02:04:09.388,0.82691,0.82698,1.19,1.00
2018.04.23 02:04:09.490,0.8269,0.82698,1.25,1.00
2018.04.23 02:04:10.259,0.82689,0.82698,2.44,1.25
2018.04.23 02:04:10.784,0.8269,0.82698,1.25,1.00
2018.04.23 02:04:12.004,0.82689,0.82698,2.44,1.69
2018.04.23 02:04:12.506,0.8269,0.82698,1.25,1.50
2018.04.23 02:04:13.037,0.82691,0.82698,1.25,1.00
2018.04.23 02:04:13.589,0.8269,0.82698,1.00,1.25
2018.04.23 02:04:14.181,0.82689,0.82698,2.44,1.69
2018.04.23 02:04:14.694,0.8269,0.82698,1.00,1.69
2018.04.23 02:04:15.742,0.8269,0.82697,1.00,1.69
2018.04.23 02:04:16.251,0.82689,0.82696,1.00,1.00
2018.04.23 02:04:16.459,0.8269,0.82696,1.19,1.00
2018.04.23 02:04:16.642,0.82688,0.82695,1.00,1.19
2018.04.23 02:04:17.153,0.82688,0.82695,1.69,1.00
2018.04.23 02:04:17.672,0.82688,0.82695,1.25,1.25
2018.04.23 02:04:18.459,0.82688,0.82695,1.00,1.19
2018.04.23 02:04:18.871,0.82685,0.82694,2.44,2.44
2018.04.23 02:04:19.131,0.82686,0.82694,1.19,1.50
2018.04.23 02:04:19.337,0.82685,0.82694,2.44,1.69
2018.04.23 02:04:21.387,0.82687,0.82694,1.00,1.25
2018.04.23 02:04:21.592,0.82685,0.82693,1.69,1.00
2018.04.23 02:04:22.118,0.82686,0.82694,1.25,1.50
2018.04.23 02:04:22.748,0.82685,0.82694,2.44,1.69
2018.04.23 02:04:23.057,0.82685,0.82692,1.69,1.00
2018.04.23 02:04:23.591,0.82685,0.82694,1.25,1.69
2018.04.23 02:04:24.194,0.82686,0.82694,1.19,1.00
2018.04.23 02:04:24.246,0.82685,0.82694,2.44,1.25
2018.04.23 02:04:24.763,0.82686,0.82694,1.00,1.25
2018.04.23 02:04:25.495,0.82687,0.82694,1.00,1.25
2018.04.23 02:04:26.304,0.82687,0.82694,1.19,1.00
2018.04.23 02:04:26.357,0.82686,0.82694,2.06,1.00
2018.04.23 02:04:27.592,0.82685,0.82694,2.44,1.25
2018.04.23 02:04:28.132,0.82685,0.82693,1.69,1.00
2018.04.23 02:04:29.636,0.82686,0.82695,1.19,2.25
2018.04.23 02:04:29.794,0.82685,0.82695,1.25,2.44
2018.04.23 02:04:34.423,0.82686,0.82694,1.00,1.69
2018.04.23 02:04:34.677,0.82685,0.82692,1.25,1.00
2018.04.23 02:04:36.597,0.82685,0.82691,1.25,1.00
2018.04.23 02:04:37.160,0.82683,0.82688,1.00,2.06
2018.04.23 02:04:37.212,0.82682,0.82687,1.00,1.25
2018.04.23 02:04:37.264,0.82678,0.82687,1.69,2.06
2018.04.23 02:04:38.004,0.82677,0.82685,1.19,1.25
2018.04.23 02:04:38.516,0.82677,0.82684,1.19,1.00
2018.04.23 02:04:39.055,0.82676,0.82683,1.19,1.00
2018.04.23 02:04:39.665,0.82675,0.82683,1.19,1.25
2018.04.23 02:04:40.592,0.82676,0.82685,1.69,2.06
2018.04.23 02:04:41.265,0.82675,0.82684,1.19,1.69
2018.04.23 02:04:42.178,0.82675,0.82683,1.19,1.00
2018.04.23 02:04:42.282,0.82674,0.82682,1.19,1.50
2018.04.23 02:04:42.385,0.82672,0.82681,3.19,1.19
2018.04.23 02:04:42.907,0.82671,0.8268,1.69,1.19
2018.04.23 02:04:43.438,0.82672,0.82681,1.69,1.69
2018.04.23 02:04:43.820,0.82673,0.82682,1.19,1.31
2018.04.23 02:04:43.872,0.82675,0.82682,1.19,1.00
2018.04.23 02:04:44.400,0.82674,0.82682,1.19,1.00
2018.04.23 02:04:44.947,0.82675,0.82682,1.19,1.00
2018.04.23 02:04:45.391,0.82676,0.82685,1.69,1.25
2018.04.23 02:04:45.648,0.82679,0.82687,1.00,1.69
2018.04.23 02:04:45.752,0.82681,0.82687,1.00,1.00
2018.04.23 02:04:45.856,0.82682,0.82691,2.81,1.37
2018.04.23 02:04:46.030,0.82684,0.82692,1.00,2.06
2018.04.23 02:04:46.557,0.82682,0.82692,2.06,1.69
2018.04.23 02:04:47.103,0.82683,0.82693,1.69,3.94
2018.04.23 02:04:47.586,0.82682,0.82691,1.19,1.87
2018.04.23 02:04:47.835,0.8268,0.8269,3.19,3.56
2018.04.23 02:04:47.888,0.8268,0.82688,1.25,1.50
2018.04.23 02:04:47.940,0.82678,0.82688,3.19,2.81
2018.04.23 02:04:48.712,0.82678,0.82686,1.25,1.00
2018.04.23 02:04:49.593,0.82677,0.82686,1.25,1.25
2018.04.23 02:04:50.216,0.82676,0.82686,1.69,2.81
2018.04.23 02:04:50.833,0.82677,0.82686,1.25,1.69
2018.04.23 02:04:51.837,0.82677,0.82686,1.69,1.50
2018.04.23 02:04:53.374,0.82677,0.82686,1.25,1.25
2018.04.23 02:04:55.006,0.82679,0.82687,1.19,1.50
2018.04.23 02:04:55.110,0.82677,0.82687,2.44,1.25
2018.04.23 02:04:55.162,0.8268,0.82687,1.19,1.00
2018.04.23 02:04:55.695,0.8268,0.82689,1.69,1.19
2018.04.23 02:04:56.245,0.82681,0.82689,1.19,1.25
2018.04.23 02:04:59.398,0.82681,0.82689,2.44,1.00
2018.04.23 02:04:59.519,0.82682,0.82691,1.19,1.69
2018.04.23 02:04:59.989,0.82685,0.82692,1.19,2.62
2018.04.23 02:05:00.313,0.82689,0.82694,1.00,1.00
2018.04.23 02:05:00.417,0.82689,0.82696,1.25,1.12
2018.04.23 02:05:00.836,0.82687,0.82696,1.25,1.69
2018.04.23 02:05:02.471,0.82686,0.82696,1.69,2.44
2018.04.23 02:05:02.978,0.82685,0.82694,2.81,1.00
2018.04.23 02:05:09.088,0.82685,0.82693,1.69,1.00
2018.04.23 02:05:09.141,0.82683,0.82692,1.25,1.25
2018.04.23 02:05:09.246,0.82681,0.8269,3.19,1.25
2018.04.23 02:05:09.813,0.82681,0.82689,1.25,1.50
2018.04.23 02:05:12.272,0.82679,0.82689,1.69,1.69
2018.04.23 02:05:12.792,0.82679,0.82687,1.19,1.00
2018.04.23 02:05:13.656,0.82678,0.82687,2.06,1.00
2018.04.23 02:05:16.529,0.8268,0.82687,1.19,1.00
2018.04.23 02:05:17.036,0.8268,0.82689,1.19,1.50
2018.04.23 02:05:18.395,0.82681,0.82689,1.19,1.50
2018.04.23 02:05:19.111,0.82682,0.82689,1.19,1.50
2018.04.23 02:05:20.642,0.8268,0.82689,1.25,1.19
2018.04.23 02:05:22.190,0.82678,0.82686,1.19,1.25
2018.04.23 02:05:22.693,0.82679,0.82687,1.19,2.44
2018.04.23 02:05:23.203,0.82678,0.82686,1.19,1.69
2018.04.23 02:05:24.812,0.82677,0.82686,1.69,1.25
2018.04.23 02:05:24.864,0.82679,0.82687,1.19,2.25
2018.04.23 02:05:25.167,0.82679,0.82689,4.31,2.44
2018.04.23 02:05:25.540,0.82682,0.82689,1.19,1.00
2018.04.23 02:05:25.699,0.82682,0.82691,1.19,2.25
2018.04.23 02:05:26.258,0.82683,0.82692,1.69,1.00
2018.04.23 02:05:28.526,0.82683,0.82693,2.44,1.69
2018.04.23 02:05:29.078,0.82683,0.82692,1.69,1.25
2018.04.23 02:05:33.436,0.82683,0.82692,1.69,1.50
2018.04.23 02:05:34.422,0.82687,0.82692,1.00,1.00
2018.04.23 02:05:34.474,0.82687,0.82694,1.00,1.00
2018.04.23 02:05:35.014,0.82686,0.82695,1.25,1.69
2018.04.23 02:05:35.066,0.82686,0.82695,1.00,2.44
2018.04.23 02:05:35.587,0.82685,0.82693,1.00,1.25
2018.04.23 02:05:38.640,0.82684,0.82693,1.25,1.69
2018.04.23 02:05:43.332,0.82684,0.82692,1.25,1.00
2018.04.23 02:05:45.937,0.82683,0.82692,2.44,1.25
2018.04.23 02:05:51.185,0.82683,0.82691,1.25,1.00
2018.04.23 02:05:53.247,0.82683,0.82692,1.69,1.00
2018.04.23 02:05:53.748,0.82683,0.82693,1.69,4.16
2018.04.23 02:05:55.060,0.82683,0.82692,1.69,1.00
2018.04.23 02:05:55.804,0.82682,0.82691,1.00,3.04
2018.04.23 02:05:56.115,0.82679,0.82687,1.19,1.50
2018.04.23 02:05:58.456,0.82677,0.82686,1.69,1.50
2018.04.23 02:06:00.070,0.82677,0.82686,1.69,1.50
2018.04.23 02:06:00.585,0.82679,0.82686,1.19,1.00
2018.04.23 02:06:01.273,0.82679,0.82687,1.19,1.00
2018.04.23 02:06:05.840,0.82679,0.82688,1.19,2.25
2018.04.23 02:06:05.894,0.82679,0.82686,1.25,1.00
2018.04.23 02:06:05.999,0.82676,0.82685,2.25,1.31
2018.04.23 02:06:06.154,0.82676,0.82684,1.50,1.87
2018.04.23 02:06:06.312,0.82672,0.8268,1.00,1.00
2018.04.23 02:06:06.364,0.8267,0.82679,1.69,1.00
2018.04.23 02:06:06.959,0.8267,0.8268,1.69,2.25
2018.04.23 02:06:08.203,0.8267,0.82679,1.69,1.00
2018.04.23 02:06:10.633,0.8267,0.82678,1.00,1.00
2018.04.23 02:06:11.645,0.82669,0.82678,1.25,1.00
2018.04.23 02:06:12.915,0.8267,0.82679,1.25,1.50
2018.04.23 02:06:13.018,0.82671,0.82679,1.19,1.00
2018.04.23 02:06:13.069,0.8267,0.82678,1.19,1.00
2018.04.23 02:06:13.592,0.82671,0.82679,1.19,1.00
2018.04.23 02:06:13.798,0.82672,0.82681,1.19,2.25
2018.04.23 02:06:14.700,0.82672,0.8268,1.19,1.00
2018.04.23 02:06:18.410,0.82672,0.8268,1.25,1.00
2018.04.23 02:06:18.939,0.8267,0.82679,1.25,1.00
2018.04.23 02:06:19.096,0.8267,0.82677,1.25,1.00
2018.04.23 02:06:19.604,0.82671,0.82678,1.19,1.00
2018.04.23 02:06:19.917,0.82672,0.8268,1.31,1.00
2018.04.23 02:06:20.439,0.82672,0.8268,1.31,1.00
2018.04.23 02:06:20.912,0.82672,0.82682,1.31,1.00
2018.04.23 02:06:21.432,0.82672,0.82683,1.31,2.25
2018.04.23 02:06:21.746,0.82672,0.82682,1.25,2.06
2018.04.23 02:06:22.287,0.82671,0.8268,1.69,1.00
2018.04.23 02:06:23.855,0.82671,0.82681,1.69,1.50
2018.04.23 02:06:25.484,0.82671,0.82681,2.44,1.00
2018.04.23 02:06:26.207,0.82671,0.82682,3.56,2.10
2018.04.23 02:06:26.756,0.82671,0.82682,2.44,2.47
2018.04.23 02:06:27.295,0.82671,0.82681,2.44,1.50
2018.04.23 02:06:27.809,0.82671,0.82682,2.44,1.30
2018.04.23 02:06:29.314,0.8267,0.82681,2.25,4.31
2018.04.23 02:06:29.819,0.8267,0.82679,1.50,1.00
2018.04.23 02:06:30.323,0.82672,0.8268,1.31,1.00
2018.04.23 02:06:30.476,0.82673,0.82683,1.31,2.25
2018.04.23 02:06:33.669,0.82674,0.82682,1.25,1.00
2018.04.23 02:06:34.185,0.82672,0.82682,2.44,1.00
2018.04.23 02:06:34.821,0.82672,0.82681,2.44,1.00
2018.04.23 02:06:35.028,0.82672,0.82683,2.44,2.62
2018.04.23 02:06:35.185,0.82674,0.82683,1.19,1.00
2018.04.23 02:06:35.404,0.82674,0.82685,1.69,4.12
2018.04.23 02:06:35.508,0.82674,0.82683,1.19,1.00
2018.04.23 02:06:35.561,0.82673,0.82682,1.00,1.00
2018.04.23 02:06:36.081,0.82672,0.82682,1.50,1.69
2018.04.23 02:06:36.623,0.82672,0.82682,2.44,1.00
2018.04.23 02:06:36.978,0.82672,0.82682,3.94,1.00
2018.04.23 02:06:37.483,0.82672,0.82682,3.94,1.00
2018.04.23 02:06:38.004,0.82672,0.82682,3.19,1.00
2018.04.23 02:06:38.549,0.82674,0.82684,1.19,1.00
2018.04.23 02:06:39.064,0.82674,0.82684,1.25,1.00
2018.04.23 02:06:39.594,0.82674,0.82683,1.25,1.00
2018.04.23 02:06:39.801,0.82672,0.82682,1.69,2.44
2018.04.23 02:06:39.905,0.82672,0.8268,1.00,1.00
2018.04.23 02:06:39.958,0.82669,0.82679,1.00,2.81
2018.04.23 02:06:40.056,0.82668,0.82677,1.69,1.00
2018.04.23 02:06:40.367,0.82669,0.82678,1.19,1.00
2018.04.23 02:06:40.931,0.82669,0.82677,1.19,1.00
2018.04.23 02:06:42.064,0.82669,0.82678,1.19,1.00
2018.04.23 02:06:45.097,0.82669,0.82679,1.19,1.50
2018.04.23 02:06:45.759,0.82669,0.82679,1.69,1.50
2018.04.23 02:06:47.547,0.82669,0.82679,1.69,1.50
2018.04.23 02:06:48.171,0.82669,0.82678,1.19,1.00
2018.04.23 02:06:48.397,0.82668,0.82677,1.69,1.00
2018.04.23 02:06:48.500,0.82667,0.82675,1.69,1.00
2018.04.23 02:06:48.553,0.82667,0.82675,1.69,1.00
2018.04.23 02:06:49.686,0.82667,0.82674,1.25,1.00
2018.04.23 02:06:50.272,0.82667,0.82675,1.25,1.00
2018.04.23 02:06:52.798,0.82668,0.82676,1.19,1.00
2018.04.23 02:06:52.952,0.82668,0.82677,1.25,1.00
2018.04.23 02:06:53.160,0.82669,0.82678,2.81,1.00
2018.04.23 02:06:53.700,0.82669,0.82679,2.06,2.25
2018.04.23 02:06:55.657,0.82668,0.82677,1.69,1.12
2018.04.23 02:06:55.971,0.82665,0.82675,1.69,2.06
2018.04.23 02:06:56.492,0.82665,0.82675,1.69,1.87
2018.04.23 02:06:59.555,0.82664,0.82674,1.19,2.06
2018.04.23 02:06:59.608,0.82663,0.82672,3.19,1.00
2018.04.23 02:06:59.711,0.82661,0.8267,1.50,1.31
2018.04.23 02:06:59.814,0.82661,0.82671,4.31,1.00
2018.04.23 02:07:00.070,0.82661,0.82671,1.69,2.81
2018.04.23 02:07:00.595,0.8266,0.82671,1.69,2.81
2018.04.23 02:07:00.800,0.8266,0.82671,3.19,1.87
2018.04.23 02:07:00.852,0.8266,0.82671,2.44,2.06
2018.04.23 02:07:01.391,0.82663,0.82672,1.25,1.12
2018.04.23 02:07:02.584,0.82663,0.82673,1.19,2.62
2018.04.23 02:07:03.166,0.82663,0.82673,1.25,2.81
2018.04.23 02:07:03.716,0.82663,0.82673,1.19,2.62
2018.04.23 02:07:10.758,0.82663,0.82673,1.25,3.56
2018.04.23 02:07:11.281,0.82663,0.82671,1.25,1.00
2018.04.23 02:07:16.304,0.82663,0.82671,1.19,1.00
2018.04.23 02:07:18.240,0.82663,0.82671,1.25,1.00
2018.04.23 02:07:19.370,0.82663,0.8267,1.00,1.00
2018.04.23 02:07:20.647,0.82662,0.8267,1.25,1.00
2018.04.23 02:07:21.013,0.82661,0.82668,1.69,1.00
2018.04.23 02:07:21.528,0.82661,0.82669,1.69,1.00
2018.04.23 02:07:22.080,0.82662,0.82669,1.25,1.00
2018.04.23 02:07:22.852,0.82662,0.8267,1.25,1.00
2018.04.23 02:07:26.437,0.82661,0.8267,1.25,1.25
2018.04.23 02:07:26.947,0.8266,0.82669,1.19,1.00
2018.04.23 02:07:28.003,0.8266,0.82669,1.69,1.00
2018.04.23 02:07:28.545,0.8266,0.8267,2.44,1.50
2018.04.23 02:07:29.476,0.82661,0.82671,2.44,1.50
2018.04.23 02:07:29.990,0.82661,0.82671,3.94,1.00
2018.04.23 02:07:30.665,0.82661,0.82672,3.94,1.87
2018.04.23 02:07:31.547,0.82661,0.82672,3.94,2.06
2018.04.23 02:07:33.465,0.82661,0.82672,4.69,1.87
2018.04.23 02:07:36.105,0.82662,0.82672,1.19,2.06
2018.04.23 02:07:37.753,0.82662,0.82672,1.19,1.87
2018.04.23 02:07:39.027,0.82661,0.82672,2.81,3.19
2018.04.23 02:07:39.481,0.82661,0.8267,2.81,1.00
2018.04.23 02:07:39.789,0.82662,0.82671,2.81,1.00
2018.04.23 02:07:40.100,0.82664,0.82673,2.81,1.00
2018.04.23 02:07:40.370,0.82667,0.82676,2.06,1.00
2018.04.23 02:07:40.479,0.82666,0.82676,2.06,1.69
2018.04.23 02:07:40.634,0.82665,0.82675,1.25,3.94
2018.04.23 02:07:41.146,0.82665,0.82673,1.25,1.00
2018.04.23 02:07:48.574,0.82663,0.82672,2.06,1.00
2018.04.23 02:07:49.095,0.82663,0.82673,2.81,1.00
2018.04.23 02:07:49.823,0.82664,0.82673,1.25,2.06
2018.04.23 02:07:49.978,0.82662,0.82671,2.44,1.00
2018.04.23 02:07:50.581,0.82662,0.82671,1.69,2.25
2018.04.23 02:07:51.401,0.82662,0.8267,1.69,1.00
2018.04.23 02:07:54.294,0.82662,0.82671,1.69,2.25
2018.04.23 02:07:55.251,0.82662,0.8267,1.19,1.00
2018.04.23 02:08:01.762,0.82662,0.82671,1.69,2.25
2018.04.23 02:08:05.364,0.82662,0.8267,1.19,1.00
2018.04.23 02:08:08.475,0.82662,0.82671,1.69,2.25
2018.04.23 02:08:09.858,0.82661,0.82669,1.25,1.12
2018.04.23 02:08:10.164,0.82657,0.82666,1.25,1.00
2018.04.23 02:08:10.385,0.82656,0.82664,1.50,1.00
2018.04.23 02:08:10.896,0.82656,0.82663,1.00,1.50
2018.04.23 02:08:10.949,0.82654,0.82663,1.00,1.50
2018.04.23 02:08:11.509,0.82654,0.82662,1.00,1.00
2018.04.23 02:08:11.943,0.82656,0.82661,1.00,1.00
2018.04.23 02:08:11.995,0.82654,0.82662,2.25,1.00
2018.04.23 02:08:12.409,0.82653,0.8266,1.00,1.87
2018.04.23 02:08:12.923,0.82653,0.82662,1.50,2.62
2018.04.23 02:08:14.743,0.82653,0.82662,1.69,1.50
2018.04.23 02:08:15.069,0.82654,0.82663,1.19,1.00
2018.04.23 02:08:15.274,0.82656,0.82665,1.25,4.12
2018.04.23 02:08:16.982,0.82655,0.82664,1.19,1.00
2018.04.23 02:08:20.049,0.82655,0.82664,1.25,1.00
2018.04.23 02:08:20.169,0.82655,0.82664,1.69,1.50
2018.04.23 02:08:20.682,0.82654,0.82663,1.19,1.12
2018.04.23 02:08:21.303,0.82654,0.82663,1.19,2.81
2018.04.23 02:08:21.838,0.82654,0.82663,1.31,1.00
2018.04.23 02:08:22.189,0.82658,0.82665,1.31,1.00
2018.04.23 02:08:23.151,0.82658,0.82665,2.06,1.00
2018.04.23 02:08:23.253,0.82657,0.82665,1.56,1.00
2018.04.23 02:08:23.881,0.82657,0.82665,1.31,1.00
2018.04.23 02:08:24.307,0.82659,0.82667,2.06,1.00
2018.04.23 02:08:24.845,0.8266,0.82668,1.19,1.00
2018.04.23 02:08:25.359,0.8266,0.82669,1.69,1.50
2018.04.23 02:08:25.882,0.82662,0.8267,1.00,1.00
2018.04.23 02:08:26.491,0.82662,0.82671,1.00,2.81
2018.04.23 02:08:27.265,0.82662,0.8267,1.69,1.00
2018.04.23 02:08:27.976,0.82662,0.82669,1.50,1.00
2018.04.23 02:08:28.518,0.82663,0.8267,1.00,1.00
2018.04.23 02:08:29.045,0.82662,0.8267,1.00,1.00
2018.04.23 02:08:29.563,0.82662,0.82669,1.25,1.00
2018.04.23 02:08:30.303,0.82662,0.82671,1.25,3.97
2018.04.23 02:08:31.139,0.82663,0.82671,1.00,1.12
2018.04.23 02:08:31.657,0.82662,0.8267,1.00,3.00
2018.04.23 02:08:31.917,0.82662,0.82669,2.44,1.00
2018.04.23 02:08:32.022,0.82663,0.82671,1.69,1.00
2018.04.23 02:08:32.075,0.82664,0.82673,1.69,1.00
2018.04.23 02:08:33.221,0.82664,0.82673,1.69,1.12
2018.04.23 02:08:33.765,0.82664,0.82672,1.00,1.87
2018.04.23 02:08:34.308,0.82664,0.82672,1.00,2.62
2018.04.23 02:08:35.222,0.82662,0.82671,1.69,2.25
2018.04.23 02:08:35.956,0.82662,0.8267,1.25,1.87
2018.04.23 02:08:37.479,0.82662,0.8267,1.19,1.87
2018.04.23 02:08:37.995,0.82662,0.8267,1.25,1.00
2018.04.23 02:08:39.203,0.82662,0.82669,1.00,1.00
2018.04.23 02:08:39.672,0.82659,0.82667,1.31,1.00
2018.04.23 02:08:40.220,0.82659,0.82666,1.19,1.00
2018.04.23 02:08:41.060,0.82659,0.82667,1.19,1.00
2018.04.23 02:08:50.208,0.82659,0.82667,1.69,1.00
2018.04.23 02:08:50.313,0.8266,0.82669,1.69,1.50
2018.04.23 02:08:50.492,0.82661,0.82671,3.94,2.25
2018.04.23 02:08:51.145,0.82663,0.82671,1.69,1.00
2018.04.23 02:08:51.658,0.82663,0.8267,1.69,1.00
2018.04.23 02:08:52.114,0.82663,0.82672,1.69,1.87
2018.04.23 02:08:53.286,0.82663,0.82671,1.69,1.00
2018.04.23 02:08:53.748,0.82664,0.82673,1.19,1.87
2018.04.23 02:08:54.334,0.82665,0.82674,1.69,1.00
2018.04.23 02:08:54.695,0.82665,0.82672,1.25,1.00
2018.04.23 02:08:55.254,0.82665,0.82673,1.00,1.31
2018.04.23 02:08:56.396,0.82665,0.82674,1.69,2.62
2018.04.23 02:08:57.243,0.82665,0.82674,1.69,2.81
2018.04.23 02:08:58.291,0.82665,0.82673,1.69,1.12
2018.04.23 02:08:58.837,0.82665,0.82674,1.50,4.31
2018.04.23 02:08:59.374,0.82665,0.82672,1.50,1.12
2018.04.23 02:09:00.917,0.82663,0.82671,1.00,1.00
2018.04.23 02:09:01.071,0.82661,0.82671,1.69,4.31
2018.04.23 02:09:01.175,0.8266,0.82668,1.50,2.06
2018.04.23 02:09:01.227,0.82658,0.82667,1.69,1.12
2018.04.23 02:09:01.279,0.82658,0.82666,1.00,2.81
2018.04.23 02:09:01.433,0.82659,0.82667,1.00,1.87
2018.04.23 02:09:02.025,0.82658,0.82667,1.69,2.62
2018.04.23 02:09:04.084,0.82658,0.82666,1.00,1.00
2018.04.23 02:09:04.538,0.82656,0.82665,1.00,2.81
2018.04.23 02:09:04.848,0.82656,0.82665,1.19,1.87
2018.04.23 02:09:05.234,0.82658,0.82668,1.69,4.31
2018.04.23 02:09:07.309,0.82658,0.82667,1.69,1.00
2018.04.23 02:09:07.361,0.82658,0.82667,1.69,1.69
2018.04.23 02:09:07.906,0.82656,0.82665,1.69,1.00
2018.04.23 02:09:09.033,0.82656,0.82666,1.69,3.56
2018.04.23 02:09:12.650,0.82657,0.82666,1.69,1.00
2018.04.23 02:09:12.807,0.8266,0.82667,1.31,1.95
2018.04.23 02:09:15.133,0.82659,0.82666,2.06,1.20
2018.04.23 02:09:22.520,0.82658,0.82666,2.81,1.20
2018.04.23 02:09:23.172,0.82658,0.82667,3.19,1.00
2018.04.23 02:09:23.719,0.82658,0.82668,3.94,1.00
2018.04.23 02:09:24.447,0.82659,0.82669,1.19,2.81
2018.04.23 02:09:25.112,0.82659,0.82669,1.25,2.81
2018.04.23 02:09:28.838,0.82659,0.82669,1.19,2.06
2018.04.23 02:09:29.398,0.82659,0.82669,2.06,1.87
2018.04.23 02:09:30.192,0.82659,0.82669,1.31,1.87
2018.04.23 02:09:30.718,0.82659,0.82669,1.31,2.06
2018.04.23 02:09:31.240,0.8266,0.82669,1.00,1.31
2018.04.23 02:09:31.781,0.8266,0.8267,1.19,2.62
2018.04.23 02:09:32.369,0.8266,0.8267,1.19,1.87
2018.04.23 02:09:33.500,0.8266,0.8267,1.69,1.87
2018.04.23 02:09:34.029,0.82662,0.82671,1.19,1.12
2018.04.23 02:09:37.309,0.82663,0.82672,1.69,1.50
2018.04.23 02:09:37.822,0.82665,0.82673,1.25,1.00
2018.04.23 02:09:39.797,0.82665,0.82674,1.69,1.50
2018.04.23 02:09:40.307,0.82666,0.82675,1.69,1.50
2018.04.23 02:09:40.825,0.82666,0.82675,1.69,1.50
2018.04.23 02:09:41.371,0.82667,0.82675,1.69,1.00
2018.04.23 02:09:41.423,0.82668,0.82677,1.25,1.50
2018.04.23 02:09:43.385,0.82668,0.82677,1.19,1.69
2018.04.23 02:09:44.609,0.82669,0.82678,1.19,2.06
2018.04.23 02:09:46.337,0.82669,0.82678,1.19,2.06
2018.04.23 02:09:49.944,0.8267,0.82679,1.00,1.19
2018.04.23 02:09:50.678,0.82669,0.82677,1.19,1.25
2018.04.23 02:09:56.255,0.8267,0.82679,1.69,1.31
2018.04.23 02:10:01.413,0.8267,0.82678,1.69,1.25
2018.04.23 02:10:03.077,0.82669,0.82676,1.19,1.00
2018.04.23 02:10:03.604,0.82669,0.82676,1.25,1.00
2018.04.23 02:10:04.284,0.82667,0.82675,1.19,1.00
2018.04.23 02:10:04.940,0.82666,0.82674,1.69,1.00
2018.04.23 02:10:06.689,0.82666,0.82675,1.19,2.81
2018.04.23 02:10:07.163,0.82668,0.82675,1.19,1.87
2018.04.23 02:10:08.447,0.82666,0.82674,1.19,1.00
2018.04.23 02:10:09.232,0.82666,0.82673,1.19,1.00
2018.04.23 02:10:11.136,0.82665,0.82672,1.19,1.12
2018.04.23 02:10:11.445,0.82663,0.82669,1.19,1.00
2018.04.23 02:10:12.103,0.82663,0.82671,1.19,1.87
2018.04.23 02:10:12.706,0.82664,0.82671,1.19,1.87
2018.04.23 02:10:21.017,0.82663,0.82671,1.19,2.06
2018.04.23 02:10:21.802,0.82664,0.82672,1.19,1.00
2018.04.23 02:10:23.565,0.82664,0.82672,1.19,1.00
2018.04.23 02:10:25.504,0.82665,0.82673,1.19,1.50
2018.04.23 02:10:25.556,0.82667,0.82673,1.19,1.00
2018.04.23 02:10:26.084,0.82667,0.82674,1.19,1.00
2018.04.23 02:10:26.807,0.82667,0.82676,1.19,2.06
2018.04.23 02:10:29.030,0.82667,0.82675,1.25,1.31
2018.04.23 02:10:29.185,0.82665,0.82673,1.19,1.00
2018.04.23 02:10:29.384,0.82662,0.8267,1.25,1.25
2018.04.23 02:10:29.894,0.82661,0.8267,1.69,1.00
2018.04.23 02:10:30.554,0.82663,0.8267,1.19,1.50
2018.04.23 02:10:31.010,0.8266,0.82669,1.25,1.31
2018.04.23 02:10:31.769,0.8266,0.82669,1.69,1.87
2018.04.23 02:10:35.343,0.82661,0.82669,1.19,1.00
2018.04.23 02:10:35.664,0.82662,0.82669,1.19,1.00
2018.04.23 02:10:37.040,0.82662,0.8267,1.19,1.12
2018.04.23 02:10:38.209,0.82662,0.8267,1.25,1.87
2018.04.23 02:10:39.315,0.82663,0.8267,1.19,1.00
2018.04.23 02:10:39.420,0.82664,0.82672,1.19,1.87
2018.04.23 02:10:41.244,0.82664,0.82673,1.19,2.62
2018.04.23 02:10:41.298,0.82666,0.82674,1.19,2.62
2018.04.23 02:10:41.807,0.82666,0.82675,1.69,1.00
2018.04.23 02:10:43.746,0.82666,0.82675,1.69,1.87
2018.04.23 02:10:51.169,0.82666,0.82675,1.19,1.00
2018.04.23 02:10:51.677,0.82668,0.82675,1.69,1.00
2018.04.23 02:10:52.219,0.82668,0.82675,1.25,1.00
2018.04.23 02:10:54.549,0.82668,0.82675,1.19,1.00
2018.04.23 02:10:55.076,0.82667,0.82675,1.69,1.00
2018.04.23 02:10:55.687,0.82667,0.82675,1.25,1.00
2018.04.23 02:11:01.979,0.82667,0.82677,2.44,1.69
2018.04.23 02:11:02.593,0.82667,0.82677,2.44,2.81
2018.04.23 02:11:04.545,0.82667,0.82677,2.44,1.25
2018.04.23 02:11:04.752,0.82666,0.82675,1.69,1.50
2018.04.23 02:11:08.727,0.82667,0.82675,1.19,1.00
2018.04.23 02:11:14.434,0.82669,0.82675,1.69,1.00
2018.04.23 02:11:14.595,0.82669,0.82677,1.69,1.95
2018.04.23 02:11:22.464,0.8267,0.82677,1.19,1.57
2018.04.23 02:11:30.892,0.82669,0.82677,1.25,2.70
2018.04.23 02:11:35.528,0.82667,0.82676,1.19,1.00
2018.04.23 02:11:35.585,0.82666,0.82675,1.69,1.39
2018.04.23 02:11:37.562,0.82666,0.82675,1.69,1.12
2018.04.23 02:11:38.109,0.82666,0.82676,1.69,2.25
2018.04.23 02:11:39.678,0.82667,0.82676,1.19,2.25
2018.04.23 02:11:42.374,0.82667,0.82675,1.19,1.00
2018.04.23 02:11:42.529,0.82666,0.82674,1.25,1.00
2018.04.23 02:11:43.255,0.82665,0.82673,1.19,1.00
2018.04.23 02:11:43.928,0.82665,0.82672,1.19,1.00
2018.04.23 02:11:55.291,0.82663,0.82672,1.69,1.50
2018.04.23 02:11:55.344,0.82661,0.8267,3.04,2.62
2018.04.23 02:11:55.661,0.82661,0.82667,2.29,1.00
2018.04.23 02:11:56.207,0.82661,0.82666,1.05,1.00
2018.04.23 02:11:56.465,0.82658,0.82666,3.19,1.00
2018.04.23 02:11:56.686,0.82656,0.82664,1.25,1.00
2018.04.23 02:11:57.687,0.82655,0.82663,2.44,1.00
2018.04.23 02:11:58.287,0.82656,0.82664,1.25,1.00
2018.04.23 02:12:00.090,0.82657,0.82664,1.00,1.00
2018.04.23 02:12:00.609,0.82657,0.82665,1.00,2.32
2018.04.23 02:12:01.296,0.82655,0.82664,1.69,1.00
2018.04.23 02:12:01.961,0.82655,0.82663,1.19,1.00
2018.04.23 02:12:02.273,0.82652,0.8266,1.69,1.00
2018.04.23 02:12:02.898,0.82651,0.82659,1.69,1.00
2018.04.23 02:12:03.939,0.82652,0.8266,1.19,1.00
2018.04.23 02:12:04.488,0.82651,0.82659,1.19,1.00
2018.04.23 02:12:05.095,0.82651,0.8266,1.69,1.50
2018.04.23 02:12:06.422,0.82651,0.82659,1.19,1.00
2018.04.23 02:12:08.948,0.82652,0.82661,1.19,3.07
2018.04.23 02:12:09.206,0.82654,0.82661,1.19,2.32
2018.04.23 02:12:09.730,0.82654,0.82662,1.19,1.00
2018.04.23 02:12:10.036,0.82656,0.82663,1.19,1.00
2018.04.23 02:12:10.667,0.82656,0.82665,1.19,1.87
2018.04.23 02:12:15.166,0.82656,0.82664,1.19,1.00
2018.04.23 02:12:18.008,0.82658,0.82665,1.25,1.50
2018.04.23 02:12:18.526,0.82657,0.82665,1.19,1.00
2018.04.23 02:12:19.062,0.82657,0.82666,1.31,1.50
2018.04.23 02:12:19.601,0.82658,0.82666,1.19,1.50
2018.04.23 02:12:20.166,0.82657,0.82666,1.31,1.50
2018.04.23 02:12:20.691,0.82657,0.82666,1.31,1.50
2018.04.23 02:12:20.845,0.82656,0.82665,3.56,1.10
2018.04.23 02:12:20.898,0.82661,0.82666,1.19,1.00
2018.04.23 02:12:20.950,0.82658,0.82666,1.19,2.32
2018.04.23 02:12:21.484,0.8266,0.82666,1.19,1.00
2018.04.23 02:12:22.484,0.82658,0.82666,1.19,2.06
2018.04.23 02:12:24.007,0.82658,0.82665,1.19,1.00
2018.04.23 02:12:24.553,0.82658,0.82665,1.25,1.25
2018.04.23 02:12:25.988,0.82657,0.82664,1.19,1.00
2018.04.23 02:12:29.342,0.82656,0.82664,1.19,1.69
2018.04.23 02:12:50.666,0.82655,0.82664,1.69,1.69
2018.04.23 02:12:51.167,0.82656,0.82663,1.19,1.00
2018.04.23 02:12:52.006,0.82655,0.82663,1.19,1.25
2018.04.23 02:12:52.340,0.82653,0.82662,1.69,2.44
2018.04.23 02:12:54.822,0.82653,0.8266,1.19,1.00
2018.04.23 02:12:59.693,0.82652,0.82659,1.69,1.00
2018.04.23 02:12:59.899,0.82651,0.82659,1.19,1.50
2018.04.23 02:13:00.536,0.8265,0.82658,2.44,1.00
2018.04.23 02:13:01.217,0.82649,0.82658,2.44,2.44
2018.04.23 02:13:01.740,0.8265,0.82658,1.19,2.25
2018.04.23 02:13:02.274,0.8265,0.82659,1.69,2.51
2018.04.23 02:13:02.888,0.82651,0.82659,1.19,2.32
2018.04.23 02:13:06.510,0.82651,0.82659,1.19,2.25
2018.04.23 02:13:08.122,0.82653,0.82659,1.19,1.00
2018.04.23 02:13:08.855,0.82652,0.8266,1.19,1.00
2018.04.23 02:13:09.557,0.82652,0.8266,1.19,1.50
2018.04.23 02:13:12.687,0.82652,0.82659,1.19,1.00
2018.04.23 02:13:14.760,0.82652,0.82659,1.25,1.50
2018.04.23 02:13:15.708,0.82651,0.82658,1.69,1.00
2018.04.23 02:13:16.931,0.8265,0.82658,1.19,1.00
2018.04.23 02:13:23.740,0.82649,0.82657,1.69,1.00
2018.04.23 02:13:24.285,0.82649,0.82657,1.19,1.50
2018.04.23 02:13:25.970,0.82649,0.82655,1.25,1.00
2018.04.23 02:13:26.505,0.82647,0.82655,1.87,1.25
2018.04.23 02:13:27.587,0.82647,0.82655,1.00,3.26
2018.04.23 02:13:31.288,0.82646,0.82654,2.44,2.06
2018.04.23 02:13:35.202,0.82646,0.82654,3.19,2.62
2018.04.23 02:13:35.991,0.82646,0.82654,2.44,2.81
2018.04.23 02:13:38.830,0.82646,0.82652,1.00,1.31
2018.04.23 02:13:38.935,0.82644,0.82651,1.00,1.69
2018.04.23 02:13:39.704,0.82644,0.82651,1.00,1.31
2018.04.23 02:13:39.928,0.82641,0.82649,1.19,1.87
2018.04.23 02:13:39.980,0.82639,0.82647,1.19,1.25
2018.04.23 02:13:40.522,0.82638,0.82646,1.19,1.25
2018.04.23 02:13:41.994,0.82638,0.82646,1.25,1.19
2018.04.23 02:13:42.502,0.82637,0.82644,1.25,1.25
2018.04.23 02:13:43.243,0.82636,0.82644,1.87,3.19
2018.04.23 02:13:44.502,0.82636,0.82644,1.25,3.56
2018.04.23 02:13:45.041,0.82635,0.82642,1.69,2.06
2018.04.23 02:13:49.375,0.82635,0.82644,3.00,1.00
2018.04.23 02:13:49.529,0.82637,0.82646,1.19,2.44
2018.04.23 02:13:50.060,0.82637,0.82646,1.19,1.50
2018.04.23 02:13:50.785,0.82638,0.82647,1.69,1.87
2018.04.23 02:13:51.051,0.8264,0.82648,1.19,1.00
2018.04.23 02:13:51.585,0.8264,0.8265,1.19,2.44
2018.04.23 02:13:52.114,0.8264,0.8265,1.19,1.69
2018.04.23 02:13:52.428,0.82634,0.8264,1.19,1.00
2018.04.23 02:13:52.559,0.82633,0.8264,1.19,1.00
2018.04.23 02:13:52.611,0.82634,0.8264,1.19,1.50
2018.04.23 02:13:52.716,0.82632,0.8264,1.25,1.19
2018.04.23 02:13:52.819,0.82634,0.8264,1.19,1.00
2018.04.23 02:13:52.871,0.82634,0.82642,1.19,1.50
2018.04.23 02:13:52.974,0.8263,0.82641,4.31,1.69
2018.04.23 02:13:53.026,0.82633,0.82641,1.31,1.50
2018.04.23 02:13:53.332,0.82632,0.82641,1.00,3.19
2018.04.23 02:13:53.383,0.82631,0.82641,1.19,2.81
2018.04.23 02:13:53.538,0.8263,0.8264,1.69,2.06
2018.04.23 02:13:54.066,0.82629,0.82639,2.81,2.06
2018.04.23 02:13:55.114,0.8263,0.82639,1.56,1.25
2018.04.23 02:13:55.291,0.82631,0.8264,2.06,1.00
2018.04.23 02:13:55.395,0.82633,0.82643,2.81,1.25
2018.04.23 02:13:55.446,0.82632,0.82641,1.19,1.25
2018.04.23 02:13:55.856,0.8263,0.82641,2.81,2.44
2018.04.23 02:13:56.062,0.82631,0.82641,2.06,1.69
2018.04.23 02:13:56.318,0.82631,0.8264,2.06,1.19
2018.04.23 02:13:56.635,0.8263,0.82639,1.25,1.19
2018.04.23 02:13:57.243,0.8263,0.8264,1.19,1.69
2018.04.23 02:13:57.598,0.8263,0.8264,2.06,1.25
2018.04.23 02:13:57.804,0.82631,0.82639,1.25,1.31
2018.04.23 02:13:58.163,0.82634,0.82641,1.19,1.00
2018.04.23 02:13:58.365,0.82634,0.82643,2.06,1.69
2018.04.23 02:13:58.521,0.82632,0.82642,1.69,2.06
2018.04.23 02:13:59.123,0.82634,0.82642,1.19,1.25
2018.04.23 02:13:59.633,0.82634,0.82643,1.69,1.87
2018.04.23 02:14:00.314,0.82634,0.82643,1.00,1.87
2018.04.23 02:14:01.005,0.82634,0.82644,2.06,1.00
2018.04.23 02:14:01.540,0.82634,0.82645,2.06,2.44
2018.04.23 02:14:02.233,0.82636,0.82645,1.31,1.50
2018.04.23 02:14:02.665,0.82636,0.82647,2.81,2.06
2018.04.23 02:14:07.207,0.82638,0.82647,1.12,1.31
2018.04.23 02:14:07.311,0.82639,0.82649,1.25,2.62
2018.04.23 02:14:07.799,0.8264,0.82647,1.00,3.19
2018.04.23 02:14:07.903,0.82636,0.82647,2.44,3.00
2018.04.23 02:14:08.416,0.82638,0.82647,1.00,2.06
2018.04.23 02:14:10.105,0.82638,0.82646,1.00,2.32
2018.04.23 02:14:11.111,0.82639,0.82646,1.00,1.07
2018.04.23 02:14:11.651,0.82638,0.82646,3.56,1.07
2018.04.23 02:14:12.713,0.82637,0.82646,14.81,1.07
2018.04.23 02:14:13.228,0.8264,0.82646,1.00,1.07
2018.04.23 02:14:13.912,0.82639,0.82646,1.00,1.07
2018.04.23 02:14:15.573,0.82641,0.82646,1.25,1.00
2018.04.23 02:14:16.091,0.82642,0.82646,1.00,1.00
2018.04.23 02:14:16.641,0.82642,0.82648,1.00,1.37
2018.04.23 02:14:17.264,0.8264,0.82648,1.69,1.00
2018.04.23 02:14:17.884,0.82641,0.82648,1.19,1.00
2018.04.23 02:14:18.193,0.82644,0.82651,1.69,1.00
2018.04.23 02:14:19.999,0.82645,0.82651,1.25,1.00
2018.04.23 02:14:20.529,0.82645,0.82651,1.19,1.00
2018.04.23 02:14:21.238,0.82645,0.82651,1.00,1.50
2018.04.23 02:14:23.044,0.82643,0.82651,1.25,1.25
2018.04.23 02:14:27.897,0.82643,0.82651,1.69,1.00
2018.04.23 02:14:28.001,0.82645,0.82653,1.19,1.87
2018.04.23 02:14:28.132,0.82647,0.82655,1.12,1.31
2018.04.23 02:14:28.189,0.82648,0.82655,1.19,1.12
2018.04.23 02:14:28.346,0.82649,0.82657,2.06,1.12
2018.04.23 02:14:28.399,0.82651,0.82657,1.19,1.00
2018.04.23 02:14:28.452,0.82651,0.82659,1.69,1.00
2018.04.23 02:14:29.517,0.82651,0.82659,1.69,1.00
2018.04.23 02:14:31.518,0.82651,0.82659,1.19,1.00
2018.04.23 02:14:35.715,0.82651,0.82659,2.06,1.00
2018.04.23 02:14:39.938,0.82651,0.82659,2.06,1.00
2018.04.23 02:14:40.627,0.82651,0.82659,2.06,1.00
2018.04.23 02:14:41.994,0.82652,0.82661,2.81,1.50
2018.04.23 02:14:42.303,0.82656,0.82665,1.19,1.69
2018.04.23 02:14:42.830,0.82656,0.82665,1.69,1.50
2018.04.23 02:14:45.179,0.82656,0.82665,1.25,1.69
2018.04.23 02:14:45.694,0.82654,0.82664,1.69,1.19
2018.04.23 02:14:46.041,0.82654,0.82662,1.50,1.31
2018.04.23 02:14:46.297,0.82649,0.82658,1.50,1.31
2018.04.23 02:14:46.401,0.82651,0.82658,1.00,1.00
2018.04.23 02:14:47.151,0.8265,0.82658,1.50,1.25
2018.04.23 02:14:49.367,0.82649,0.82658,1.69,2.25
2018.04.23 02:14:51.403,0.8265,0.82658,1.00,2.25
2018.04.23 02:14:52.086,0.82649,0.82658,1.25,2.25
2018.04.23 02:14:52.886,0.82649,0.82658,1.00,3.56
2018.04.23 02:14:53.394,0.82647,0.82656,1.19,2.81
2018.04.23 02:14:53.896,0.82646,0.82656,2.44,2.81
2018.04.23 02:15:01.639,0.82646,0.82655,3.56,1.00
2018.04.23 02:15:01.946,0.82644,0.82653,3.19,1.00
2018.04.23 02:15:02.304,0.82644,0.82653,2.25,1.69
2018.04.23 02:15:02.458,0.82644,0.8265,1.00,1.00
2018.04.23 02:15:02.509,0.82641,0.82649,1.00,2.44
2018.04.23 02:15:02.685,0.82639,0.82648,1.69,1.69
2018.04.23 02:15:03.003,0.82641,0.8265,1.00,2.44
2018.04.23 02:15:03.520,0.8264,0.8265,1.50,2.44
2018.04.23 02:15:03.674,0.82639,0.82648,1.00,1.69
2018.04.23 02:15:04.224,0.82638,0.82647,1.25,1.19
2018.04.23 02:15:04.836,0.82638,0.82647,2.44,1.25
2018.04.23 02:15:06.034,0.82638,0.82647,2.44,1.19
2018.04.23 02:15:08.645,0.82638,0.82647,1.69,1.25
2018.04.23 02:15:09.912,0.82639,0.82647,1.25,1.62
2018.04.23 02:15:10.667,0.82638,0.82647,3.19,1.56
2018.04.23 02:15:10.979,0.82637,0.82644,1.19,1.00
2018.04.23 02:15:11.521,0.82636,0.82646,3.94,2.06
2018.04.23 02:15:12.016,0.82639,0.82646,1.00,1.56
2018.04.23 02:15:13.088,0.82638,0.82647,1.69,2.06
2018.04.23 02:15:15.502,0.82638,0.82647,1.69,1.12
2018.04.23 02:15:15.812,0.82641,0.82649,1.50,1.37
2018.04.23 02:15:16.337,0.82641,0.8265,2.44,1.37
2018.04.23 02:15:16.684,0.82644,0.82652,1.00,1.87
2018.04.23 02:15:16.991,0.82646,0.82653,1.00,1.37
2018.04.23 02:15:17.646,0.82645,0.82653,2.25,1.37
2018.04.23 02:15:17.964,0.82646,0.82655,1.00,1.87
2018.04.23 02:15:18.974,0.82647,0.82655,1.00,1.87
2018.04.23 02:15:19.228,0.82645,0.82655,2.44,1.87
2018.04.23 02:15:19.585,0.82647,0.82655,1.00,1.87
2018.04.23 02:15:20.610,0.82646,0.82655,1.00,1.87
2018.04.23 02:15:20.927,0.82648,0.82656,1.00,1.56
2018.04.23 02:15:21.134,0.82645,0.82655,1.50,3.56
2018.04.23 02:15:21.186,0.82645,0.82654,1.00,1.31
2018.04.23 02:15:21.547,0.82643,0.82653,1.50,2.81
2018.04.23 02:15:23.214,0.82643,0.82652,1.50,1.62
2018.04.23 02:15:24.290,0.82644,0.82652,1.00,1.62
2018.04.23 02:15:26.346,0.82644,0.82653,1.00,2.06
2018.04.23 02:15:35.039,0.82644,0.82653,1.00,1.31
2018.04.23 02:15:48.462,0.82643,0.82653,2.25,1.31
2018.04.23 02:15:48.514,0.82646,0.82653,1.00,1.19
2018.04.23 02:15:48.567,0.82647,0.82655,2.06,1.00
2018.04.23 02:15:48.724,0.82649,0.82658,1.25,1.10
2018.04.23 02:15:48.932,0.82649,0.82657,1.50,1.37
2018.04.23 02:15:49.470,0.82648,0.82657,2.25,1.62
2018.04.23 02:15:50.703,0.82649,0.82658,1.25,1.12
2018.04.23 02:15:51.447,0.82649,0.82657,1.00,1.56
2018.04.23 02:15:51.982,0.82648,0.82657,1.50,1.56
2018.04.23 02:15:52.540,0.82649,0.82658,1.00,2.06
2018.04.23 02:15:54.573,0.82649,0.82658,1.50,1.25
2018.04.23 02:15:56.575,0.8265,0.82658,1.00,1.00
2018.04.23 02:15:57.885,0.82649,0.82658,1.69,1.00
2018.04.23 02:16:01.240,0.82649,0.82658,1.25,1.87
2018.04.23 02:16:01.794,0.82649,0.82658,1.25,1.00
2018.04.23 02:16:04.402,0.82648,0.82658,1.00,2.81
2018.04.23 02:16:05.336,0.82647,0.82656,1.00,1.31
2018.04.23 02:16:06.501,0.82646,0.82656,1.69,1.31
2018.04.23 02:16:12.184,0.82646,0.82656,1.69,2.06
2018.04.23 02:16:13.087,0.82646,0.82655,1.50,1.62
2018.04.23 02:16:14.516,0.82646,0.82656,1.50,3.64
2018.04.23 02:16:15.134,0.82645,0.82655,1.50,2.06
2018.04.23 02:16:15.188,0.82643,0.82653,3.19,1.25
2018.04.23 02:16:15.690,0.82643,0.82653,1.00,4.31
2018.04.23 02:16:26.436,0.82642,0.8265,1.00,2.44
2018.04.23 02:16:26.592,0.82637,0.82645,1.00,1.31
2018.04.23 02:16:27.293,0.82636,0.82645,1.00,1.31
2018.04.23 02:16:27.823,0.82637,0.82646,1.00,2.89
2018.04.23 02:16:28.301,0.82639,0.82646,1.00,1.25
2018.04.23 02:16:28.455,0.82637,0.82647,1.00,2.81
2018.04.23 02:16:28.560,0.82638,0.82647,1.00,1.69
2018.04.23 02:16:28.778,0.82641,0.82651,1.31,1.76
2018.04.23 02:16:29.330,0.82642,0.82651,1.00,1.25
2018.04.23 02:16:29.849,0.82643,0.82651,1.00,1.25
2018.04.23 02:16:30.665,0.82642,0.82651,1.00,1.25
2018.04.23 02:16:34.390,0.82643,0.82653,1.00,2.81
2018.04.23 02:16:35.033,0.82644,0.82653,1.00,1.31
2018.04.23 02:16:35.551,0.82643,0.82653,1.50,2.06
2018.04.23 02:16:36.278,0.82644,0.82653,1.00,1.31
2018.04.23 02:16:36.801,0.82643,0.82653,1.50,1.31
2018.04.23 02:16:37.475,0.82644,0.82653,1.00,1.31
2018.04.23 02:16:38.028,0.82643,0.82653,1.50,2.06
2018.04.23 02:16:38.552,0.82643,0.82653,1.69,1.25
2018.04.23 02:16:41.556,0.82644,0.82653,1.00,1.69
2018.04.23 02:16:42.663,0.82643,0.82653,1.69,1.69
2018.04.23 02:16:43.817,0.82643,0.82653,1.50,4.31
2018.04.23 02:16:44.332,0.82643,0.82653,1.50,4.31
2018.04.23 02:16:44.967,0.82643,0.82652,1.50,1.31
2018.04.23 02:16:46.666,0.82643,0.82652,1.00,2.06
2018.04.23 02:16:53.055,0.82643,0.82652,1.00,2.06
2018.04.23 02:16:53.109,0.8264,0.82649,1.50,1.19
2018.04.23 02:16:53.320,0.82638,0.82648,1.50,1.31
2018.04.23 02:16:53.683,0.82636,0.82644,1.00,1.91
2018.04.23 02:16:54.146,0.82631,0.82642,4.31,2.06
2018.04.23 02:16:55.540,0.82634,0.82642,1.00,2.06
2018.04.23 02:16:55.749,0.82631,0.82642,1.50,3.56
2018.04.23 02:16:57.010,0.82632,0.82642,1.00,2.81
2018.04.23 02:16:57.626,0.82632,0.82642,1.00,4.31
2018.04.23 02:16:59.271,0.82631,0.82642,2.25,2.06
2018.04.23 02:16:59.773,0.82632,0.82642,1.00,2.06
2018.04.23 02:17:00.285,0.82632,0.82643,1.50,2.14
2018.04.23 02:17:00.865,0.82632,0.82643,3.19,2.14
2018.04.23 02:17:00.976,0.82632,0.82643,2.25,2.89
2018.04.23 02:17:01.309,0.82632,0.82643,2.25,2.96
2018.04.23 02:17:01.864,0.82633,0.82643,1.00,1.46
2018.04.23 02:17:05.225,0.82633,0.82642,1.00,1.31
2018.04.23 02:17:05.434,0.82634,0.82643,1.00,1.10
2018.04.23 02:17:05.985,0.82633,0.82644,3.00,2.51
2018.04.23 02:17:06.974,0.82634,0.82644,1.00,3.07
2018.04.23 02:17:07.077,0.82636,0.82644,1.00,3.19
2018.04.23 02:17:07.635,0.82636,0.82644,1.50,1.57
2018.04.23 02:17:07.989,0.82637,0.82646,1.50,1.00
2018.04.23 02:17:08.042,0.82641,0.82649,1.00,1.95
2018.04.23 02:17:08.198,0.8264,0.8265,1.00,1.76
2018.04.23 02:17:08.771,0.8264,0.8265,1.00,4.31
2018.04.23 02:17:10.549,0.8264,0.82649,1.00,2.06
2018.04.23 02:17:11.457,0.82638,0.82648,1.50,1.31
2018.04.23 02:17:12.195,0.82638,0.82648,1.50,2.06
2018.04.23 02:17:13.547,0.82638,0.82648,1.50,2.81
2018.04.23 02:17:14.399,0.82638,0.82648,1.50,2.06
2018.04.23 02:17:15.796,0.82638,0.82648,1.50,2.96
2018.04.23 02:17:16.987,0.8264,0.82648,1.00,1.00
2018.04.23 02:17:17.296,0.82641,0.82648,1.00,1.65
2018.04.23 02:17:17.501,0.82639,0.82648,2.25,1.65
2018.04.23 02:17:17.607,0.82639,0.82648,2.25,1.50
2018.04.23 02:17:18.387,0.82639,0.82648,1.69,1.65
2018.04.23 02:17:18.904,0.82639,0.82648,1.25,1.80
2018.04.23 02:17:19.910,0.82639,0.82648,1.00,1.20
2018.04.23 02:17:19.962,0.82639,0.82648,1.00,1.65
2018.04.23 02:17:20.272,0.82638,0.82646,1.50,1.15
2018.04.23 02:17:20.375,0.82638,0.82648,2.25,2.32
2018.04.23 02:17:21.006,0.82639,0.82648,1.00,1.01
2018.04.23 02:17:44.838,0.8264,0.82648,1.00,1.25
2018.04.23 02:17:49.632,0.82641,0.8265,1.00,2.06
2018.04.23 02:17:49.735,0.82643,0.82651,1.00,1.31
2018.04.23 02:17:49.969,0.82643,0.82653,3.00,2.06
2018.04.23 02:17:50.602,0.82643,0.82653,3.00,2.06
2018.04.23 02:17:51.188,0.82644,0.82653,1.00,1.31
2018.04.23 02:17:56.555,0.82645,0.82653,2.25,1.25
2018.04.23 02:17:56.658,0.82647,0.82655,1.00,2.44
2018.04.23 02:17:56.710,0.82648,0.82657,1.50,2.44
2018.04.23 02:17:56.762,0.8265,0.82657,1.00,2.44
2018.04.23 02:17:57.486,0.82646,0.82654,1.50,1.19
2018.04.23 02:17:58.036,0.82646,0.82655,1.50,1.19
2018.04.23 02:17:58.590,0.82647,0.82655,1.00,1.19
2018.04.23 02:17:59.129,0.82647,0.82657,1.50,1.69
2018.04.23 02:17:59.437,0.82649,0.82657,1.00,1.69
2018.04.23 02:18:06.105,0.82649,0.82656,1.00,1.19
2018.04.23 02:18:06.158,0.82647,0.82656,1.50,1.19
2018.04.23 02:18:06.709,0.82647,0.82654,1.00,1.19
2018.04.23 02:18:07.266,0.82648,0.82655,1.00,1.19
2018.04.23 02:18:08.531,0.82647,0.82655,1.00,1.19
2018.04.23 02:18:09.696,0.82646,0.82654,1.50,1.19
2018.04.23 02:18:10.240,0.82645,0.82654,1.00,1.19
2018.04.23 02:18:14.165,0.82645,0.82652,1.00,1.19
2018.04.23 02:18:15.245,0.82644,0.82651,1.00,1.19
2018.04.23 02:18:16.053,0.82644,0.82652,1.00,1.19
2018.04.23 02:18:16.838,0.82645,0.82652,1.00,1.19
2018.04.23 02:18:17.380,0.82643,0.82652,1.00,1.19
2018.04.23 02:18:17.902,0.82643,0.82652,1.50,1.19
2018.04.23 02:18:18.489,0.82643,0.82652,1.50,1.19
2018.04.23 02:18:27.936,0.82641,0.8265,4.87,1.25
2018.04.23 02:18:28.869,0.82641,0.82649,1.00,1.69
2018.04.23 02:18:29.421,0.82641,0.82649,1.50,1.25
2018.04.23 02:18:29.794,0.82644,0.82649,1.00,1.25
2018.04.23 02:18:30.413,0.82643,0.82649,1.00,1.25
2018.04.23 02:18:32.487,0.82644,0.8265,1.00,1.19
2018.04.23 02:18:33.037,0.82643,0.8265,1.00,1.19
2018.04.23 02:18:33.139,0.82641,0.8265,3.75,1.19
2018.04.23 02:18:34.767,0.82641,0.8265,3.75,1.25
2018.04.23 02:18:35.236,0.82643,0.82651,1.00,1.25
2018.04.23 02:18:37.275,0.82643,0.82653,3.75,1.69
2018.04.23 02:18:37.614,0.82646,0.82654,1.00,1.00
2018.04.23 02:18:38.140,0.82646,0.82655,1.50,1.69
2018.04.23 02:18:38.449,0.82647,0.82657,3.19,1.69
2018.04.23 02:18:38.654,0.82649,0.82658,1.00,1.69
2018.04.23 02:18:38.706,0.8265,0.8266,1.50,5.06
2018.04.23 02:18:38.863,0.82651,0.8266,1.12,1.69
2018.04.23 02:18:39.367,0.82652,0.82662,1.00,3.19
2018.04.23 02:18:40.999,0.82654,0.82662,1.00,1.69
2018.04.23 02:18:41.050,0.82652,0.82662,1.87,1.69
2018.04.23 02:18:41.154,0.82654,0.82662,1.00,1.69
2018.04.23 02:18:41.670,0.82654,0.82662,1.00,1.19
2018.04.23 02:18:42.028,0.82654,0.82663,1.00,1.19
2018.04.23 02:18:42.488,0.82653,0.82661,1.00,1.19
2018.04.23 02:18:42.742,0.82653,0.82663,1.50,1.19
2018.04.23 02:18:42.894,0.82652,0.82661,1.50,1.19
2018.04.23 02:18:43.483,0.82653,0.82662,1.00,1.19
2018.04.23 02:18:43.927,0.82653,0.82664,2.81,2.29
2018.04.23 02:18:44.133,0.82653,0.82661,1.50,1.19
2018.04.23 02:18:45.207,0.82652,0.82661,1.00,1.19
2018.04.23 02:18:45.729,0.82651,0.8266,1.87,1.19
2018.04.23 02:18:47.098,0.82651,0.82662,3.00,1.69
2018.04.23 02:18:47.425,0.82654,0.82662,1.00,1.69
2018.04.23 02:18:47.733,0.82653,0.82658,1.00,1.19
2018.04.23 02:18:47.887,0.82653,0.8266,1.00,1.25
2018.04.23 02:18:48.404,0.82654,0.82661,1.00,1.19
2018.04.23 02:18:48.967,0.82654,0.82661,1.00,1.25
2018.04.23 02:18:49.486,0.82655,0.82662,1.00,1.25
2018.04.23 02:18:49.538,0.82655,0.82661,1.00,1.19
2018.04.23 02:18:49.746,0.82655,0.82661,1.00,1.25
2018.04.23 02:18:50.275,0.82654,0.82662,1.00,2.44
2018.04.23 02:18:50.882,0.82653,0.82662,1.00,3.19
2018.04.23 02:18:51.070,0.82652,0.8266,1.00,1.19
2018.04.23 02:18:51.584,0.82651,0.82658,1.00,1.69
2018.04.23 02:18:52.115,0.8265,0.82658,1.00,2.44
2018.04.23 02:18:52.636,0.8265,0.82658,1.00,2.44
2018.04.23 02:18:58.318,0.8265,0.82657,1.00,1.69
2018.04.23 02:18:58.841,0.82649,0.82656,1.00,1.25
2018.04.23 02:19:00.217,0.8265,0.82658,1.00,1.19
2018.04.23 02:19:00.320,0.82652,0.8266,1.31,1.00
2018.04.23 02:19:00.835,0.82654,0.82662,1.00,1.69
2018.04.23 02:19:01.157,0.82654,0.82661,1.00,1.19
2018.04.23 02:19:01.987,0.82653,0.82661,1.00,1.19
2018.04.23 02:19:03.640,0.82652,0.82661,1.00,1.69
2018.04.23 02:19:08.259,0.82652,0.82659,1.00,1.19
2018.04.23 02:19:08.784,0.82652,0.82661,1.00,1.69
2018.04.23 02:19:13.401,0.82652,0.82659,1.00,1.19
2018.04.23 02:19:18.890,0.82652,0.82661,1.25,1.19
2018.04.23 02:19:19.399,0.82652,0.82661,3.56,1.25
2018.04.23 02:19:19.921,0.82652,0.82661,4.31,1.19
2018.04.23 02:19:20.378,0.82654,0.82663,1.25,1.69
2018.04.23 02:19:20.431,0.82656,0.82664,1.25,1.25
2018.04.23 02:19:20.959,0.82656,0.82665,2.06,1.69
2018.04.23 02:19:21.882,0.82657,0.82665,1.00,1.69
2018.04.23 02:19:23.162,0.82656,0.82665,2.06,2.44
2018.04.23 02:19:26.367,0.82655,0.82663,1.69,1.25
2018.04.23 02:19:26.966,0.82655,0.82664,1.69,1.25
2018.04.23 02:19:29.933,0.82655,0.82663,1.50,1.19
2018.04.23 02:19:30.673,0.82655,0.82663,1.00,1.69
2018.04.23 02:19:30.932,0.82656,0.82664,1.00,1.19
2018.04.23 02:19:30.984,0.82657,0.82666,1.69,1.19
2018.04.23 02:19:36.639,0.82657,0.82666,1.50,1.19
2018.04.23 02:19:43.675,0.82655,0.82664,1.69,1.31
2018.04.23 02:19:43.727,0.82655,0.82663,1.00,1.31
2018.04.23 02:19:43.933,0.82652,0.8266,1.50,2.06
2018.04.23 02:19:44.478,0.82651,0.8266,1.69,1.69
2018.04.23 02:19:45.017,0.82651,0.82659,1.50,1.19
2018.04.23 02:19:47.049,0.82651,0.8266,1.69,1.19
2018.04.23 02:19:47.410,0.82653,0.8266,1.00,1.19
2018.04.23 02:19:47.954,0.82653,0.82661,1.00,1.69
2018.04.23 02:19:48.730,0.82653,0.8266,1.00,1.19
2018.04.23 02:19:49.287,0.82653,0.82659,1.00,1.19
2018.04.23 02:19:49.820,0.82652,0.82659,1.00,1.19
2018.04.23 02:19:50.080,0.8265,0.82658,1.50,1.19
2018.04.23 02:19:50.599,0.8265,0.82657,1.00,1.19
2018.04.23 02:19:52.366,0.8265,0.82657,1.25,1.50
2018.04.23 02:19:52.888,0.8265,0.82658,1.25,1.69
2018.04.23 02:19:57.333,0.8265,0.82658,1.19,1.50
2018.04.23 02:19:57.487,0.8265,0.82658,1.25,1.25
2018.04.23 02:19:58.494,0.8265,0.82658,1.69,1.00
2018.04.23 02:20:00.106,0.8265,0.82658,1.25,1.25
2018.04.23 02:20:00.627,0.8265,0.8266,1.19,3.56
2018.04.23 02:20:03.433,0.82651,0.8266,1.69,1.00
2018.04.23 02:20:03.793,0.82655,0.82661,1.19,1.10
2018.04.23 02:20:04.384,0.82655,0.82663,1.00,1.57
2018.04.23 02:20:04.969,0.82656,0.82663,1.00,1.57
2018.04.23 02:20:05.503,0.82655,0.82663,1.50,1.57
2018.04.23 02:20:06.161,0.82654,0.82663,1.87,1.57
2018.04.23 02:20:06.493,0.82657,0.82663,1.25,1.57
2018.04.23 02:20:17.132,0.82655,0.82662,1.19,1.07
2018.04.23 02:20:20.379,0.82655,0.82661,1.19,1.57
2018.04.23 02:20:23.186,0.82656,0.82663,1.00,3.07
2018.04.23 02:20:23.494,0.8266,0.82665,1.25,1.00
2018.04.23 02:20:25.153,0.82663,0.82669,1.25,1.87
2018.04.23 02:20:25.260,0.82664,0.8267,1.19,1.00
2018.04.23 02:20:25.312,0.82664,0.82672,1.19,2.10
2018.04.23 02:20:26.474,0.82667,0.82674,1.25,1.87
2018.04.23 02:20:29.964,0.82668,0.82674,1.25,1.00
2018.04.23 02:20:30.018,0.82668,0.82676,1.19,1.87
2018.04.23 02:20:30.491,0.8267,0.82678,1.69,2.62
2018.04.23 02:20:31.036,0.8267,0.82677,1.69,1.00
2018.04.23 02:20:31.900,0.82669,0.82677,1.25,1.50
2018.04.23 02:20:34.239,0.8267,0.82678,1.25,1.87
2018.04.23 02:20:34.291,0.82669,0.82676,1.69,1.00
2018.04.23 02:20:34.685,0.82671,0.82676,1.25,1.00
2018.04.23 02:20:35.212,0.8267,0.82677,1.19,1.00
2018.04.23 02:20:35.780,0.8267,0.82678,1.19,1.50
2018.04.23 02:20:38.377,0.8267,0.82678,1.25,1.50
2018.04.23 02:20:40.732,0.82669,0.82677,1.25,1.00
2018.04.23 02:20:40.889,0.82667,0.82677,1.25,2.81
2018.04.23 02:20:42.396,0.82666,0.82675,1.19,1.00
2018.04.23 02:20:42.911,0.82664,0.82674,1.31,1.00
2018.04.23 02:20:43.560,0.82664,0.82673,2.06,1.00
2018.04.23 02:20:44.109,0.82664,0.82674,2.06,1.00
2018.04.23 02:20:48.260,0.82664,0.82675,1.19,4.31
2018.04.23 02:20:48.988,0.82664,0.82674,1.19,1.00
2018.04.23 02:20:50.992,0.82667,0.82675,1.00,2.06
2018.04.23 02:20:58.326,0.82667,0.82677,1.25,2.81
2018.04.23 02:21:00.330,0.82668,0.82678,2.06,1.31
2018.04.23 02:21:00.435,0.8267,0.82681,1.69,5.29
2018.04.23 02:21:00.641,0.82671,0.8268,1.00,3.41
2018.04.23 02:21:01.161,0.82668,0.82678,2.44,1.00
2018.04.23 02:21:01.440,0.82668,0.82678,1.69,1.25
2018.04.23 02:21:01.969,0.82669,0.82678,1.25,1.69
2018.04.23 02:21:05.212,0.82669,0.82677,1.19,1.00
2018.04.23 02:21:05.264,0.82672,0.82679,1.19,1.00
2018.04.23 02:21:05.316,0.82673,0.82681,1.19,1.50
2018.04.23 02:21:05.472,0.82672,0.82681,1.19,1.50
2018.04.23 02:21:06.257,0.82673,0.82681,1.00,1.19
2018.04.23 02:21:06.780,0.82671,0.8268,1.19,1.91
2018.04.23 02:21:08.765,0.82671,0.82678,1.25,1.00
2018.04.23 02:21:11.158,0.8267,0.82678,1.19,1.00
2018.04.23 02:21:15.256,0.82671,0.82679,1.69,1.00
2018.04.23 02:21:15.463,0.82672,0.82682,1.69,1.25
2018.04.23 02:21:15.996,0.82673,0.82682,1.19,1.00
2018.04.23 02:21:17.591,0.82674,0.82682,1.19,1.00
2018.04.23 02:21:18.514,0.82675,0.82683,1.19,1.25
2018.04.23 02:21:19.702,0.82675,0.82683,1.00,1.31
2018.04.23 02:21:20.309,0.82674,0.82683,1.25,1.31
2018.04.23 02:21:21.791,0.82673,0.82683,1.69,2.06
2018.04.23 02:21:22.318,0.82672,0.82681,1.25,1.19
2018.04.23 02:21:24.385,0.82673,0.82681,1.19,1.00
2018.04.23 02:21:24.437,0.82673,0.82681,1.25,1.25
2018.04.23 02:21:24.747,0.82672,0.82681,1.00,1.69
2018.04.23 02:21:24.851,0.82672,0.82681,1.19,1.69
2018.04.23 02:21:25.433,0.82672,0.8268,1.19,1.00
2018.04.23 02:21:34.882,0.82672,0.8268,1.69,1.00
2018.04.23 02:21:34.934,0.82672,0.8268,1.25,1.25
2018.04.23 02:21:38.269,0.82671,0.8268,1.69,1.25
2018.04.23 02:21:38.885,0.82672,0.82682,2.44,1.19
2018.04.23 02:21:40.712,0.82672,0.82682,1.69,2.06
2018.04.23 02:21:41.399,0.82672,0.82681,1.69,1.25
2018.04.23 02:21:42.220,0.82672,0.82682,2.44,1.69
2018.04.23 02:21:46.422,0.82673,0.82682,1.19,1.69
2018.04.23 02:21:46.938,0.82672,0.82682,1.69,3.19
2018.04.23 02:21:48.614,0.8267,0.82679,1.69,1.25
2018.04.23 02:21:49.128,0.82669,0.82679,2.06,3.56
2018.04.23 02:21:52.949,0.8267,0.82677,1.69,1.00
2018.04.23 02:21:53.002,0.8267,0.82679,1.69,1.50
2018.04.23 02:21:54.371,0.82671,0.82679,1.31,1.00
2018.04.23 02:22:00.917,0.82673,0.82681,1.25,1.19
2018.04.23 02:22:02.941,0.82671,0.8268,1.69,1.25
2018.04.23 02:22:03.477,0.82673,0.8268,1.19,1.12
2018.04.23 02:22:03.989,0.82673,0.82681,1.25,3.19
2018.04.23 02:22:05.520,0.82672,0.8268,1.25,2.81
2018.04.23 02:22:06.035,0.82673,0.8268,1.25,2.81
2018.04.23 02:22:11.047,0.82672,0.82681,1.25,4.31
2018.04.23 02:22:11.910,0.82674,0.82681,1.19,1.87
2018.04.23 02:22:12.065,0.82673,0.8268,1.25,1.00
2018.04.23 02:22:12.633,0.82673,0.82681,1.19,1.87
2018.04.23 02:22:12.840,0.82676,0.82681,1.19,1.00
2018.04.23 02:22:12.894,0.82675,0.82683,1.19,1.50
2018.04.23 02:22:13.049,0.82678,0.82684,1.19,1.00
2018.04.23 02:22:16.446,0.8268,0.82684,1.25,1.00
2018.04.23 02:22:17.634,0.82678,0.82684,1.19,1.00
2018.04.23 02:22:18.403,0.82675,0.82684,1.25,2.47
2018.04.23 02:22:18.454,0.82674,0.82682,2.44,1.00
2018.04.23 02:22:18.769,0.82665,0.82673,1.25,1.31
2018.04.23 02:22:19.293,0.82665,0.82674,1.19,1.87
2018.04.23 02:22:19.627,0.82664,0.82672,1.25,1.00
2018.04.23 02:22:20.662,0.82662,0.82672,1.19,1.31
2018.04.23 02:22:21.201,0.82661,0.82671,2.44,1.25
2018.04.23 02:22:21.520,0.82661,0.82669,1.25,1.00
2018.04.23 02:22:22.930,0.8266,0.82669,1.25,1.69
2018.04.23 02:22:23.519,0.82661,0.82669,1.25,1.00
2018.04.23 02:22:24.036,0.82661,0.8267,1.25,2.06
2018.04.23 02:22:25.790,0.82661,0.82669,1.25,1.00
2018.04.23 02:22:26.264,0.82659,0.82666,1.25,1.00
2018.04.23 02:22:26.775,0.82658,0.82665,1.69,1.00
2018.04.23 02:22:27.316,0.82658,0.82666,1.25,2.44
2018.04.23 02:22:27.622,0.82656,0.82665,2.44,4.31
2018.04.23 02:22:28.263,0.82656,0.82663,2.44,1.00
2018.04.23 02:22:30.069,0.82657,0.82663,1.00,1.00
2018.04.23 02:22:30.614,0.82656,0.82663,1.69,1.50
2018.04.23 02:22:31.909,0.82656,0.82664,2.44,1.31
2018.04.23 02:22:33.495,0.82657,0.82665,1.00,3.56
2018.04.23 02:22:34.039,0.82656,0.82664,2.44,1.31
2018.04.23 02:22:34.352,0.82654,0.8266,1.25,1.00
2018.04.23 02:22:34.879,0.82653,0.82661,1.19,1.31
2018.04.23 02:22:35.483,0.82654,0.82661,1.19,1.00
2018.04.23 02:22:36.095,0.82655,0.82661,1.19,1.00
2018.04.23 02:22:37.702,0.82654,0.82661,1.19,1.00
2018.04.23 02:22:37.754,0.82653,0.82661,1.25,1.19
2018.04.23 02:22:38.212,0.82654,0.82661,1.19,1.50
2018.04.23 02:22:39.094,0.82657,0.82661,1.25,1.00
2018.04.23 02:22:39.146,0.82657,0.82663,1.25,1.00
2018.04.23 02:22:40.539,0.82658,0.82664,1.25,1.00
2018.04.23 02:22:42.456,0.82657,0.82664,1.25,1.00
2018.04.23 02:22:42.989,0.82658,0.82664,1.25,1.00
2018.04.23 02:22:43.758,0.82656,0.82662,1.19,1.00
2018.04.23 02:22:44.459,0.82655,0.82661,1.19,1.00
2018.04.23 02:22:44.962,0.82656,0.8266,1.25,1.00
2018.04.23 02:22:45.347,0.82654,0.8266,1.19,1.00
2018.04.23 02:22:46.089,0.82654,0.8266,1.25,1.00
2018.04.23 02:22:46.622,0.82654,0.82661,1.25,1.00
2018.04.23 02:22:47.123,0.82654,0.82662,1.25,2.81
2018.04.23 02:22:47.696,0.82655,0.82662,1.19,1.00
2018.04.23 02:22:48.340,0.82655,0.82662,1.69,1.00
2018.04.23 02:22:48.795,0.82656,0.82662,1.19,1.00
2018.04.23 02:22:49.341,0.82657,0.82663,1.00,1.50
2018.04.23 02:22:49.855,0.82657,0.82664,1.25,1.00
2018.04.23 02:22:50.400,0.82656,0.82663,1.19,1.00
2018.04.23 02:22:50.916,0.82657,0.82664,1.19,1.50
2018.04.23 02:22:51.567,0.82657,0.82664,1.00,1.50
2018.04.23 02:22:52.090,0.82656,0.82664,1.19,4.72
2018.04.23 02:22:52.736,0.82655,0.82663,1.69,1.12
2018.04.23 02:22:55.611,0.82653,0.82662,1.69,1.00
2018.04.23 02:22:56.194,0.82653,0.82661,1.19,1.00
2018.04.23 02:22:56.709,0.82652,0.82661,1.19,3.22
2018.04.23 02:22:57.226,0.82651,0.82659,1.25,1.87
2018.04.23 02:22:57.732,0.82651,0.82658,1.19,1.00
2018.04.23 02:22:58.260,0.82652,0.82658,1.69,1.00
2018.04.23 02:22:59.083,0.82652,0.8266,1.69,1.12
2018.04.23 02:23:00.077,0.82651,0.82659,1.19,1.00
2018.04.23 02:23:00.333,0.82652,0.8266,1.19,1.12
2018.04.23 02:23:01.033,0.82652,0.82659,1.69,1.00
2018.04.23 02:23:01.545,0.82652,0.8266,1.19,1.87
2018.04.23 02:23:02.263,0.82653,0.8266,1.19,1.50
2018.04.23 02:23:02.786,0.82653,0.82662,1.69,4.31
2018.04.23 02:23:06.886,0.82653,0.82662,2.44,1.00
2018.04.23 02:23:07.195,0.82655,0.82664,1.69,1.69
2018.04.23 02:23:07.730,0.82657,0.82664,1.69,1.00
2018.04.23 02:23:08.752,0.82657,0.82665,1.69,1.00
2018.04.23 02:23:09.118,0.82657,0.82665,1.69,1.65
2018.04.23 02:23:09.963,0.82656,0.82664,1.69,1.07
2018.04.23 02:23:10.504,0.82656,0.82664,1.69,1.07
2018.04.23 02:23:10.556,0.82656,0.82664,1.00,1.07
2018.04.23 02:23:11.066,0.82657,0.82664,1.00,1.07
2018.04.23 02:23:11.941,0.82657,0.82665,1.69,8.74
2018.04.23 02:23:13.265,0.82659,0.82665,1.19,1.10
2018.04.23 02:23:13.806,0.8266,0.82668,1.19,1.00
2018.04.23 02:23:14.415,0.82661,0.82668,1.69,1.00
2018.04.23 02:23:15.727,0.82661,0.82668,1.19,1.00
2018.04.23 02:23:20.671,0.8266,0.82667,1.25,1.31
2018.04.23 02:23:20.773,0.82661,0.82668,1.19,1.00
2018.04.23 02:23:21.357,0.82661,0.82668,1.69,1.00
2018.04.23 02:23:21.724,0.82664,0.82669,1.19,1.00
2018.04.23 02:23:21.775,0.82665,0.82671,1.19,1.00
2018.04.23 02:23:22.032,0.82665,0.82673,1.19,1.00
2018.04.23 02:23:23.134,0.82665,0.82672,1.19,1.00
2018.04.23 02:23:23.670,0.82664,0.82672,1.69,1.00
2018.04.23 02:23:24.152,0.82666,0.82673,1.19,2.62
2018.04.23 02:23:24.409,0.82663,0.82671,1.69,1.00
2018.04.23 02:23:24.967,0.82664,0.82671,1.25,1.87
2018.04.23 02:23:25.513,0.82665,0.82671,1.00,1.87
2018.04.23 02:23:26.136,0.82665,0.82671,1.00,1.00
2018.04.23 02:23:26.895,0.82666,0.82671,1.00,1.00
2018.04.23 02:23:27.452,0.82665,0.82671,1.00,1.00
2018.04.23 02:23:28.495,0.82666,0.82671,1.00,1.00
2018.04.23 02:23:29.262,0.82665,0.82671,1.00,1.00
2018.04.23 02:23:30.279,0.82666,0.82671,1.00,1.00
2018.04.23 02:23:30.545,0.82666,0.82673,1.69,1.00
2018.04.23 02:23:31.048,0.82668,0.82673,1.00,1.00
2018.04.23 02:23:31.560,0.82666,0.82673,1.19,1.00
2018.04.23 02:23:33.037,0.82667,0.82673,1.19,1.00
2018.04.23 02:23:33.295,0.82668,0.82674,1.19,1.00
2018.04.23 02:23:34.337,0.82668,0.82675,1.69,1.00
2018.04.23 02:23:35.695,0.82667,0.82675,1.69,1.00
2018.04.23 02:23:36.071,0.82669,0.82675,1.19,1.50
2018.04.23 02:23:36.597,0.82669,0.82677,1.69,3.37
2018.04.23 02:23:37.122,0.8267,0.82677,1.69,3.00
2018.04.23 02:23:37.403,0.82673,0.82679,1.00,1.87
2018.04.23 02:23:37.717,0.8267,0.82678,1.25,1.12
2018.04.23 02:23:38.260,0.8267,0.82677,2.44,1.00
2018.04.23 02:23:38.843,0.82669,0.82677,1.25,1.00
2018.04.23 02:23:45.891,0.82668,0.82676,2.06,1.00
2018.04.23 02:23:46.429,0.82669,0.82677,1.19,1.00
2018.04.23 02:23:47.845,0.82668,0.82676,2.81,1.00
2018.04.23 02:23:48.568,0.82667,0.82675,2.81,1.00
2018.04.23 02:23:48.825,0.82667,0.82677,2.06,1.50
2018.04.23 02:23:49.363,0.82667,0.82676,2.06,1.00
2018.04.23 02:23:50.855,0.82668,0.82677,1.19,1.50
2018.04.23 02:23:51.079,0.8267,0.82678,1.31,1.00
2018.04.23 02:23:51.493,0.82671,0.8268,2.44,1.00
2018.04.23 02:23:52.043,0.82671,0.8268,1.25,1.00
2018.04.23 02:23:53.466,0.82671,0.82681,1.69,2.62
2018.04.23 02:23:53.971,0.82671,0.8268,1.69,1.00
2018.04.23 02:23:55.256,0.82672,0.8268,1.19,1.00
2018.04.23 02:23:55.952,0.82671,0.8268,1.19,1.50
2018.04.23 02:23:56.707,0.82671,0.82679,1.19,1.00
2018.04.23 02:23:57.273,0.82671,0.8268,1.69,1.00
2018.04.23 02:24:03.888,0.82672,0.8268,1.69,1.00
2018.04.23 02:24:04.533,0.82672,0.82681,1.69,2.25
2018.04.23 02:24:07.900,0.82672,0.8268,1.69,1.00
2018.04.23 02:24:12.724,0.82673,0.82681,1.25,2.25
2018.04.23 02:24:15.759,0.82674,0.82681,1.00,2.25
2018.04.23 02:24:16.398,0.82672,0.82681,1.69,2.25
2018.04.23 02:24:16.935,0.82672,0.82681,2.06,1.50
2018.04.23 02:24:27.129,0.82673,0.82681,1.19,1.00
2018.04.23 02:24:27.284,0.82677,0.82686,1.31,2.85
2018.04.23 02:24:27.493,0.82679,0.82688,1.31,2.25
2018.04.23 02:24:30.359,0.82679,0.82687,1.31,1.00
2018.04.23 02:24:30.893,0.82679,0.82686,2.06,1.00
2018.04.23 02:24:30.945,0.82678,0.82687,3.56,1.00
2018.04.23 02:24:31.494,0.82678,0.82686,2.06,1.00
2018.04.23 02:24:32.592,0.82678,0.82686,1.31,1.50
2018.04.23 02:24:32.798,0.8268,0.82688,1.19,2.25
2018.04.23 02:24:33.342,0.8268,0.82689,2.06,1.00
2018.04.23 02:24:35.051,0.8268,0.8269,2.06,3.19
2018.04.23 02:24:35.207,0.82682,0.8269,1.31,2.25
2018.04.23 02:24:35.854,0.82682,0.8269,1.31,2.25
2018.04.23 02:24:36.385,0.82682,0.82689,1.19,1.00
2018.04.23 02:24:37.043,0.82681,0.8269,2.06,2.25
2018.04.23 02:24:37.559,0.82684,0.8269,1.25,1.00
2018.04.23 02:24:38.100,0.82685,0.8269,1.00,1.50
2018.04.23 02:24:38.907,0.82683,0.8269,1.69,1.50
2018.04.23 02:24:39.626,0.82682,0.8269,2.06,1.50
2018.04.23 02:24:41.156,0.82681,0.82689,2.81,1.00
2018.04.23 02:24:41.465,0.8268,0.82687,1.19,1.50
2018.04.23 02:24:41.788,0.82678,0.82685,1.19,1.00
2018.04.23 02:24:42.333,0.82678,0.82684,1.19,1.00
2018.04.23 02:24:47.736,0.82676,0.82684,2.06,1.00
2018.04.23 02:24:48.241,0.82675,0.82683,2.81,1.00
2018.04.23 02:24:48.913,0.82676,0.82683,1.31,1.00
2018.04.23 02:24:49.635,0.82681,0.82687,1.19,1.35
2018.04.23 02:24:50.161,0.82681,0.82687,2.81,1.00
2018.04.23 02:24:55.201,0.8268,0.82686,1.69,1.00
2018.04.23 02:24:55.308,0.82676,0.82683,1.25,1.50
2018.04.23 02:24:55.414,0.82673,0.82681,1.25,1.25
2018.04.23 02:24:55.782,0.82675,0.82681,1.19,1.00
2018.04.23 02:24:56.289,0.82676,0.82682,1.19,1.50
2018.04.23 02:24:57.750,0.82676,0.82682,1.25,1.50
2018.04.23 02:25:00.248,0.82674,0.82682,1.31,1.50
2018.04.23 02:25:00.560,0.82672,0.8268,2.06,1.00
2018.04.23 02:25:00.868,0.82674,0.82682,1.31,1.00
2018.04.23 02:25:01.408,0.82675,0.82682,1.31,1.00
2018.04.23 02:25:02.110,0.82676,0.82684,1.19,1.35
2018.04.23 02:25:03.215,0.82676,0.82685,2.81,1.00
2018.04.23 02:25:04.115,0.82677,0.82685,1.19,1.00
2018.04.23 02:25:09.778,0.82678,0.82686,1.31,1.50
2018.04.23 02:25:11.352,0.82677,0.82685,1.31,1.00
2018.04.23 02:25:11.950,0.82677,0.82684,1.31,1.00
2018.04.23 02:25:12.158,0.82674,0.82681,1.69,1.00
2018.04.23 02:25:12.315,0.82672,0.8268,2.81,1.00
2018.04.23 02:25:12.366,0.82673,0.8268,1.19,1.00
2018.04.23 02:25:13.544,0.82673,0.8268,1.19,1.00
2018.04.23 02:25:15.311,0.82673,0.8268,1.19,1.50
2018.04.23 02:25:15.888,0.82673,0.82681,1.19,1.50
2018.04.23 02:25:16.419,0.82674,0.82682,1.19,1.50
2018.04.23 02:25:17.023,0.82675,0.82683,2.06,1.50
2018.04.23 02:25:21.376,0.82676,0.82683,2.06,1.00
2018.04.23 02:25:29.466,0.82675,0.82683,2.06,1.00
2018.04.23 02:25:33.798,0.82674,0.82683,2.44,3.45
2018.04.23 02:25:33.953,0.82674,0.82681,1.25,1.00
2018.04.23 02:25:34.503,0.82673,0.82681,1.31,1.00
2018.04.23 02:25:34.710,0.82672,0.8268,1.31,1.50
2018.04.23 02:25:35.020,0.82669,0.82677,2.81,1.00
2018.04.23 02:25:35.665,0.82667,0.82676,2.06,1.00
2018.04.23 02:25:35.855,0.82669,0.82676,1.31,1.95
2018.04.23 02:25:36.187,0.82671,0.82676,1.19,1.95
2018.04.23 02:25:37.594,0.82671,0.82677,1.19,1.95
2018.04.23 02:25:38.216,0.82675,0.8268,2.06,2.25
2018.04.23 02:25:38.267,0.82677,0.82683,1.19,2.25
2018.04.23 02:25:38.779,0.82677,0.82685,1.19,3.19
2018.04.23 02:25:39.918,0.82676,0.82683,1.19,1.00
2018.04.23 02:25:42.902,0.82676,0.82684,1.19,1.50
2018.04.23 02:25:43.260,0.82678,0.82685,1.19,1.50
2018.04.23 02:25:43.453,0.8268,0.82687,1.31,2.25
2018.04.23 02:25:43.633,0.82681,0.82688,1.69,1.00
2018.04.23 02:25:43.685,0.82682,0.8269,1.19,1.00
2018.04.23 02:25:43.788,0.82685,0.82691,1.19,1.00
2018.04.23 02:25:43.892,0.82685,0.82693,1.19,1.50
2018.04.23 02:25:44.549,0.82686,0.82693,1.19,1.50
2018.04.23 02:25:45.535,0.82684,0.82692,1.31,1.00
2018.04.23 02:25:46.064,0.82685,0.82693,1.19,3.00
2018.04.23 02:25:49.051,0.82684,0.82692,1.31,1.00
2018.04.23 02:25:49.400,0.82683,0.8269,1.25,1.00
2018.04.23 02:25:49.712,0.8268,0.82688,2.81,1.00
2018.04.23 02:25:50.540,0.8268,0.82687,1.31,1.00
2018.04.23 02:25:51.049,0.8268,0.82687,1.31,1.07
2018.04.23 02:25:51.589,0.8268,0.82686,1.31,1.07
2018.04.23 02:25:52.111,0.82679,0.82686,1.31,1.07
2018.04.23 02:25:53.010,0.82679,0.82685,1.31,1.07
2018.04.23 02:25:55.671,0.82678,0.82685,2.06,1.07
2018.04.23 02:26:01.463,0.82677,0.82685,1.31,1.07
2018.04.23 02:26:02.327,0.82678,0.82685,1.19,1.07
2018.04.23 02:26:03.258,0.82679,0.82685,2.06,1.07
2018.04.23 02:26:06.477,0.8268,0.82685,1.19,1.10
2018.04.23 02:26:07.423,0.8268,0.82687,1.19,1.50
2018.04.23 02:26:10.560,0.82681,0.82689,1.19,1.00
2018.04.23 02:26:22.412,0.8268,0.82688,1.19,1.00
2018.04.23 02:26:22.934,0.8268,0.82687,1.19,1.00
2018.04.23 02:26:26.916,0.82679,0.82687,1.69,1.50
2018.04.23 02:26:27.754,0.82679,0.82686,1.69,1.00
2018.04.23 02:26:28.286,0.82679,0.82687,1.69,1.50
2018.04.23 02:26:28.816,0.82679,0.82688,2.44,1.50
2018.04.23 02:26:29.342,0.82679,0.82687,2.44,1.00
2018.04.23 02:26:29.903,0.8268,0.82688,1.19,1.50
2018.04.23 02:26:30.444,0.82681,0.82689,2.06,1.00
2018.04.23 02:26:31.428,0.82681,0.82689,1.25,1.69
2018.04.23 02:26:32.215,0.82681,0.82689,1.19,1.50
2018.04.23 02:26:33.227,0.8268,0.82689,2.06,1.87
2018.04.23 02:26:33.763,0.8268,0.82688,2.06,1.00
2018.04.23 02:26:33.815,0.82682,0.82689,1.19,1.00
2018.04.23 02:26:35.197,0.82681,0.82689,1.19,1.00
2018.04.23 02:26:35.741,0.8268,0.82688,1.69,1.00
2018.04.23 02:26:36.895,0.8268,0.82688,1.25,1.00
2018.04.23 02:26:37.396,0.82679,0.82687,1.25,2.25
2018.04.23 02:26:39.132,0.82681,0.82687,1.31,1.00
2018.04.23 02:26:39.287,0.82682,0.82689,1.31,1.00
2018.04.23 02:26:41.665,0.82682,0.82691,1.31,3.00
2018.04.23 02:26:42.945,0.82682,0.82691,1.31,2.25
2018.04.23 02:26:45.039,0.82682,0.82691,1.31,2.25
2018.04.23 02:26:50.381,0.82682,0.82691,2.06,1.50
2018.04.23 02:26:50.974,0.82683,0.82691,1.19,1.50
2018.04.23 02:26:52.517,0.82686,0.82693,1.19,3.00
2018.04.23 02:26:52.569,0.82686,0.82695,1.19,2.62
2018.04.23 02:26:56.697,0.82688,0.82695,1.19,1.50
2018.04.23 02:26:56.851,0.8269,0.82696,1.19,1.00
2018.04.23 02:26:57.388,0.8269,0.82697,1.19,1.00
2018.04.23 02:26:59.234,0.82689,0.82697,1.19,1.00
2018.04.23 02:26:59.861,0.8269,0.82697,1.19,1.00
2018.04.23 02:27:01.067,0.82689,0.82697,1.19,1.00
2018.04.23 02:27:01.622,0.82688,0.82696,1.19,1.00
2018.04.23 02:27:03.077,0.82688,0.82696,1.69,1.00
2018.04.23 02:27:03.130,0.82688,0.82694,1.19,1.00
2018.04.23 02:27:03.597,0.82689,0.82697,1.25,2.25
2018.04.23 02:27:04.219,0.82689,0.82696,1.25,1.00
2018.04.23 02:27:04.869,0.82687,0.82695,1.00,1.25
2018.04.23 02:27:04.972,0.82685,0.82693,2.44,1.00
2018.04.23 02:27:05.550,0.82685,0.82694,2.44,1.50
2018.04.23 02:27:06.053,0.82685,0.82693,1.25,1.00
2018.04.23 02:27:10.751,0.82685,0.82692,1.25,1.00
2018.04.23 02:27:11.459,0.82685,0.82693,1.25,1.00
2018.04.23 02:27:11.984,0.82685,0.82693,1.69,2.25
2018.04.23 02:27:12.088,0.82682,0.82691,2.44,2.25
2018.04.23 02:27:12.597,0.82682,0.8269,1.19,3.75
2018.04.23 02:27:13.052,0.82681,0.82688,1.69,1.00
2018.04.23 02:27:13.586,0.82681,0.82688,1.25,1.00
2018.04.23 02:27:14.114,0.82681,0.82689,1.25,1.00
2018.04.23 02:27:14.711,0.82681,0.8269,1.25,3.75
2018.04.23 02:27:15.485,0.82681,0.82689,1.25,1.00
2018.04.23 02:27:16.301,0.82683,0.8269,1.00,3.00
2018.04.23 02:27:16.821,0.82681,0.8269,1.69,3.00
2018.04.23 02:27:17.441,0.82682,0.8269,1.19,2.25
2018.04.23 02:27:18.249,0.82681,0.8269,1.69,2.25
2018.04.23 02:27:18.781,0.82682,0.8269,1.69,2.25
2018.04.23 02:27:19.615,0.82683,0.8269,1.19,1.00
2018.04.23 02:27:19.944,0.82685,0.82692,1.19,1.00
2018.04.23 02:27:23.344,0.82685,0.82692,1.25,1.00
2018.04.23 02:27:26.980,0.82685,0.82694,1.69,2.25
2018.04.23 02:27:27.692,0.82686,0.82696,1.69,3.60
2018.04.23 02:27:28.397,0.82686,0.82696,2.44,2.85
2018.04.23 02:27:28.983,0.82686,0.82696,2.44,2.25
2018.04.23 02:27:29.137,0.82688,0.82696,1.19,1.00
2018.04.23 02:27:29.344,0.82687,0.82695,1.25,1.00
2018.04.23 02:27:30.985,0.82687,0.82696,1.19,3.00
2018.04.23 02:27:33.199,0.82688,0.82696,1.69,1.50
2018.04.23 02:27:33.751,0.82688,0.82696,1.25,1.50
2018.04.23 02:27:34.858,0.82688,0.82695,1.69,1.00
2018.04.23 02:27:35.936,0.82687,0.82695,1.69,1.00
2018.04.23 02:27:37.175,0.82687,0.82695,1.69,1.00
2018.04.23 02:27:40.716,0.82687,0.82693,1.69,1.00
2018.04.23 02:27:41.325,0.82686,0.82693,1.69,1.50
2018.04.23 02:27:47.216,0.82686,0.82694,1.69,1.35
2018.04.23 02:27:47.945,0.82687,0.82694,1.19,1.00
2018.04.23 02:27:49.068,0.82687,0.82695,1.19,1.00
2018.04.23 02:27:50.457,0.82687,0.82696,1.19,2.25
2018.04.23 02:27:54.082,0.82688,0.82696,1.19,2.25
2018.04.23 02:28:00.143,0.82688,0.82697,1.69,1.50
2018.04.23 02:28:00.456,0.82691,0.82698,1.69,1.00
2018.04.23 02:28:01.149,0.8269,0.82699,2.44,1.00
2018.04.23 02:28:04.098,0.8269,0.82698,2.44,1.00
2018.04.23 02:28:05.159,0.82691,0.82699,1.31,1.00
2018.04.23 02:28:05.672,0.82691,0.827,2.06,2.25
2018.04.23 02:28:09.471,0.82692,0.827,1.19,3.00
2018.04.23 02:28:09.985,0.82692,0.82701,1.31,3.00
2018.04.23 02:28:11.762,0.82691,0.827,2.81,1.50
2018.04.23 02:28:12.017,0.82691,0.82698,1.19,1.00
2018.04.23 02:28:13.200,0.82691,0.82699,1.19,3.00
2018.04.23 02:28:13.921,0.82692,0.827,1.19,2.25
2018.04.23 02:28:15.742,0.82691,0.827,3.56,1.00
2018.04.23 02:28:17.544,0.82691,0.82699,1.25,1.50
2018.04.23 02:28:19.027,0.8269,0.82699,1.25,3.00
2018.04.23 02:28:19.339,0.82687,0.82695,1.69,1.69
2018.04.23 02:28:19.758,0.82685,0.82694,3.19,1.19
2018.04.23 02:28:20.263,0.82685,0.82692,1.69,1.00
2018.04.23 02:28:20.565,0.82686,0.82694,1.19,1.25
2018.04.23 02:28:20.617,0.82685,0.82694,2.06,1.25
2018.04.23 02:28:20.669,0.82686,0.82694,1.19,1.00
2018.04.23 02:28:20.977,0.82688,0.82695,1.19,1.50
2018.04.23 02:28:21.563,0.82688,0.82695,1.25,1.50
2018.04.23 02:28:22.286,0.82687,0.82695,1.19,1.50
2018.04.23 02:28:22.944,0.82687,0.82695,1.19,1.50
2018.04.23 02:28:23.383,0.82686,0.82693,1.19,1.50
2018.04.23 02:28:23.537,0.82683,0.82692,2.81,1.00
2018.04.23 02:28:23.641,0.82686,0.82693,1.19,1.50
2018.04.23 02:28:24.540,0.82688,0.82694,1.19,1.00
2018.04.23 02:28:25.089,0.82688,0.82695,1.19,1.00
2018.04.23 02:28:25.527,0.82688,0.82697,1.31,3.75
2018.04.23 02:28:28.482,0.82689,0.82698,2.81,1.00
2018.04.23 02:28:28.534,0.82691,0.82698,1.19,1.00
2018.04.23 02:28:29.096,0.82691,0.82699,1.19,1.50
2018.04.23 02:28:29.838,0.8269,0.82699,1.19,1.50
2018.04.23 02:28:31.210,0.82691,0.82699,1.19,1.50
2018.04.23 02:28:31.730,0.82691,0.827,1.19,2.25
2018.04.23 02:28:32.947,0.82691,0.827,1.69,1.00
2018.04.23 02:28:33.353,0.82691,0.827,1.25,1.50
2018.04.23 02:28:33.452,0.82691,0.82698,1.25,1.00
2018.04.23 02:28:34.015,0.82691,0.82698,1.19,1.00
2018.04.23 02:28:34.520,0.82691,0.82699,1.19,1.00
2018.04.23 02:28:41.706,0.82691,0.827,1.19,1.50
2018.04.23 02:28:42.423,0.82691,0.82699,1.19,1.00
2018.04.23 02:28:42.942,0.82692,0.82699,1.19,1.00
2018.04.23 02:28:46.182,0.82691,0.82699,1.19,1.00
2018.04.23 02:28:46.739,0.82691,0.82698,1.19,1.00
2018.04.23 02:28:48.364,0.82691,0.82699,1.19,1.00
2018.04.23 02:28:48.947,0.82691,0.827,1.31,1.50
2018.04.23 02:28:49.488,0.82691,0.82699,1.19,1.00
2018.04.23 02:28:53.770,0.82691,0.82698,1.19,1.00
2018.04.23 02:28:54.470,0.82691,0.82699,1.19,1.00
2018.04.23 02:29:03.202,0.8269,0.82699,2.44,1.50
2018.04.23 02:29:03.740,0.82691,0.82699,1.19,1.50
2018.04.23 02:29:04.852,0.82691,0.827,1.69,2.25
2018.04.23 02:29:05.483,0.82692,0.827,1.19,2.25
2018.04.23 02:29:08.470,0.82692,0.827,1.69,1.50
2018.04.23 02:29:08.758,0.82691,0.82699,1.25,1.00
2018.04.23 02:29:08.961,0.82691,0.82697,1.25,1.00
2018.04.23 02:29:09.876,0.82691,0.82698,1.19,1.00
2018.04.23 02:29:10.418,0.82691,0.82699,1.19,1.00
2018.04.23 02:29:14.130,0.82692,0.82699,1.19,1.00
2018.04.23 02:29:14.645,0.82692,0.827,2.81,1.00
2018.04.23 02:29:19.175,0.82692,0.827,1.25,1.00
2018.04.23 02:29:19.885,0.82692,0.82699,1.69,1.00
2018.04.23 02:29:20.582,0.82692,0.827,1.25,1.50
2018.04.23 02:29:21.941,0.82691,0.827,1.25,2.85
2018.04.23 02:29:21.992,0.8269,0.82698,2.81,1.00
2018.04.23 02:29:22.586,0.8269,0.82697,2.81,1.00
2018.04.23 02:29:23.135,0.8269,0.82698,2.81,1.00
2018.04.23 02:29:23.682,0.8269,0.82698,1.69,1.00
2018.04.23 02:29:24.031,0.82688,0.82695,1.31,1.00
2018.04.23 02:29:24.588,0.82688,0.82695,2.06,1.00
2018.04.23 02:29:25.369,0.82689,0.82697,1.19,1.50
2018.04.23 02:29:28.929,0.82689,0.82698,2.06,1.50
2018.04.23 02:29:28.982,0.82691,0.82698,1.19,1.00
2018.04.23 02:29:29.035,0.82691,0.827,1.69,3.00
2018.04.23 02:29:40.718,0.8269,0.82698,1.69,1.00
2018.04.23 02:29:41.192,0.82691,0.82698,1.19,1.00
2018.04.23 02:29:41.916,0.82692,0.82699,1.19,1.00
2018.04.23 02:29:42.433,0.82692,0.827,1.19,2.10
2018.04.23 02:29:46.823,0.82692,0.82701,2.44,1.00
2018.04.23 02:29:47.433,0.82692,0.82702,2.44,2.25
2018.04.23 02:29:47.886,0.82694,0.82702,1.19,2.25
2018.04.23 02:29:50.309,0.82694,0.82702,1.25,1.00
2018.04.23 02:29:56.086,0.82693,0.82702,1.69,1.00
2018.04.23 02:29:56.908,0.82693,0.82702,1.69,1.00
2018.04.23 02:29:57.663,0.82694,0.82702,1.19,1.00
2018.04.23 02:30:02.891,0.82694,0.82702,1.25,1.00
2018.04.23 02:30:22.013,0.82693,0.82702,2.44,1.00
2018.04.23 02:30:30.421,0.82693,0.82702,2.44,1.00
2018.04.23 02:30:36.088,0.82693,0.82702,2.44,1.00
2018.04.23 02:30:37.112,0.82693,0.82702,1.69,1.00
2018.04.23 02:30:38.537,0.82695,0.82702,1.31,1.00
2018.04.23 02:30:38.590,0.82695,0.82704,2.06,1.00
2018.04.23 02:31:00.973,0.82698,0.82706,1.12,1.50
2018.04.23 02:31:01.067,0.82698,0.82706,1.31,1.00
2018.04.23 02:31:01.276,0.82697,0.82706,1.19,1.00
2018.04.23 02:31:01.946,0.82697,0.82704,1.19,1.00
2018.04.23 02:31:02.545,0.82697,0.82704,1.00,1.00
2018.04.23 02:31:03.071,0.82695,0.82704,2.06,1.00
2018.04.23 02:31:14.538,0.82697,0.82706,2.81,1.00
2018.04.23 02:31:15.138,0.82699,0.82706,1.19,1.00
2018.04.23 02:31:15.726,0.827,0.82706,1.19,1.00
2018.04.23 02:31:19.189,0.82699,0.82706,2.06,1.00
2018.04.23 02:31:27.308,0.82698,0.82706,1.00,1.19
2018.04.23 02:31:27.464,0.82694,0.82703,2.06,1.00
2018.04.23 02:31:27.517,0.82694,0.82703,1.00,2.66
2018.04.23 02:31:27.843,0.82693,0.82703,2.06,1.69
2018.04.23 02:31:27.897,0.82695,0.82703,2.06,1.00
2018.04.23 02:31:28.490,0.82696,0.82704,1.19,1.50
2018.04.23 02:31:34.969,0.82695,0.82702,1.19,1.00
2018.04.23 02:31:35.021,0.82694,0.82702,1.25,1.00
2018.04.23 02:31:35.524,0.82692,0.82702,1.50,1.56
2018.04.23 02:31:35.985,0.82693,0.82702,1.25,1.31
2018.04.23 02:31:47.845,0.82692,0.827,1.69,1.00
2018.04.23 02:31:50.165,0.82692,0.827,1.25,1.00
2018.04.23 02:31:50.934,0.82692,0.827,1.69,1.00
2018.04.23 02:31:52.281,0.82694,0.82702,1.19,1.00
2018.04.23 02:31:52.384,0.82695,0.82704,1.19,1.50
2018.04.23 02:31:52.918,0.82697,0.82704,1.31,1.00
2018.04.23 02:31:53.491,0.82698,0.82706,1.19,1.00
2018.04.23 02:31:59.820,0.82699,0.82706,1.31,1.00
2018.04.23 02:32:00.079,0.82701,0.82708,2.06,1.00
2018.04.23 02:32:00.131,0.82701,0.8271,2.06,3.00
2018.04.23 02:32:00.259,0.82701,0.82708,2.06,1.00
2018.04.23 02:32:00.311,0.82702,0.8271,1.31,1.50
2018.04.23 02:32:03.666,0.82702,0.8271,1.31,1.50
2018.04.23 02:32:04.328,0.82701,0.8271,2.81,1.50
2018.04.23 02:32:06.169,0.82702,0.8271,1.31,1.00
2018.04.23 02:32:08.623,0.82701,0.8271,1.00,2.25
2018.04.23 02:32:13.331,0.82701,0.8271,2.06,2.25
2018.04.23 02:32:25.129,0.82702,0.8271,1.69,1.50
2018.04.23 02:32:29.098,0.82704,0.8271,1.00,1.50
2018.04.23 02:32:29.684,0.82705,0.8271,1.00,1.00
2018.04.23 02:32:30.362,0.82704,0.8271,1.00,1.00
2018.04.23 02:32:31.091,0.82703,0.8271,1.00,1.00
2018.04.23 02:32:31.488,0.82701,0.82709,1.00,1.00
2018.04.23 02:32:33.595,0.827,0.82707,1.25,1.00
2018.04.23 02:32:34.919,0.82699,0.82708,2.44,1.50
2018.04.23 02:32:35.723,0.82701,0.82708,1.25,1.00
2018.04.23 02:32:36.260,0.82699,0.82708,2.44,1.50
2018.04.23 02:32:38.706,0.827,0.82708,1.19,1.69
2018.04.23 02:32:39.020,0.82703,0.8271,1.25,1.50
2018.04.23 02:32:39.617,0.82703,0.8271,1.19,1.50
2018.04.23 02:32:42.223,0.82703,0.8271,1.25,1.50
2018.04.23 02:32:42.816,0.82702,0.82709,1.25,1.00
2018.04.23 02:32:49.183,0.82702,0.82708,1.25,1.00
2018.04.23 02:32:50.298,0.82699,0.82708,1.69,2.44
2018.04.23 02:32:50.452,0.82698,0.82706,1.25,2.25
2018.04.23 02:32:51.976,0.82697,0.82706,1.69,2.25
2018.04.23 02:32:52.502,0.82698,0.82706,1.25,1.50
2018.04.23 02:32:53.028,0.82699,0.82706,1.25,1.50
2018.04.23 02:32:53.563,0.827,0.82707,1.25,1.00
2018.04.23 02:32:54.902,0.82699,0.82707,1.25,1.00
2018.04.23 02:32:58.416,0.82698,0.82707,2.81,1.00
2018.04.23 02:33:02.026,0.82698,0.82705,1.00,1.00
2018.04.23 02:33:02.807,0.82697,0.82705,1.25,1.00
2018.04.23 02:33:03.900,0.82698,0.82705,1.00,1.00
2018.04.23 02:33:07.993,0.82697,0.82705,1.00,1.00
2018.04.23 02:33:08.349,0.82688,0.82693,1.00,1.25
2018.04.23 02:33:08.872,0.82687,0.82693,1.00,2.44
2018.04.23 02:33:09.285,0.82684,0.82693,1.25,2.44
2018.04.23 02:33:09.981,0.82683,0.82691,1.31,1.00
2018.04.23 02:33:10.515,0.82683,0.82692,1.31,1.25
2018.04.23 02:33:12.445,0.82682,0.82691,2.81,1.00
2018.04.23 02:33:12.959,0.82683,0.82692,2.81,1.00
2018.04.23 02:33:16.055,0.82685,0.82693,1.19,1.50
2018.04.23 02:33:17.058,0.82685,0.82694,1.69,1.25
2018.04.23 02:33:17.320,0.82689,0.82696,1.19,1.00
2018.04.23 02:33:17.474,0.82692,0.827,1.25,1.25
2018.04.23 02:33:17.985,0.82691,0.82701,2.06,2.44
2018.04.23 02:33:18.541,0.82693,0.82701,1.19,1.00
2018.04.23 02:33:23.721,0.82692,0.82701,2.06,1.25
2018.04.23 02:33:24.900,0.82695,0.82703,1.00,1.69
2018.04.23 02:33:25.482,0.82695,0.82703,1.00,1.19
2018.04.23 02:33:26.379,0.82693,0.82702,1.31,1.25
2018.04.23 02:33:36.270,0.82692,0.82701,2.06,1.00
2018.04.23 02:33:36.579,0.82691,0.82701,2.81,1.19
2018.04.23 02:33:37.123,0.8269,0.82699,2.44,1.00
2018.04.23 02:33:37.994,0.82691,0.827,1.19,2.44
2018.04.23 02:33:54.583,0.82691,0.82701,2.06,3.19
2018.04.23 02:34:05.624,0.82689,0.82696,3.19,1.80
2018.04.23 02:34:05.727,0.82688,0.82695,1.25,1.50
2018.04.23 02:34:05.832,0.82684,0.82693,2.44,1.50
2018.04.23 02:34:05.937,0.82683,0.82691,1.25,1.00
2018.04.23 02:34:06.483,0.82681,0.8269,3.19,1.00
2018.04.23 02:34:07.279,0.82682,0.82691,1.31,1.00
2018.04.23 02:34:07.828,0.82682,0.82692,2.06,2.25
2018.04.23 02:34:08.458,0.82681,0.82691,3.56,1.50
2018.04.23 02:34:09.844,0.82681,0.82691,2.06,1.50
2018.04.23 02:34:12.212,0.82681,0.82691,2.06,2.44
2018.04.23 02:34:12.806,0.82681,0.82691,2.06,2.44
2018.04.23 02:34:14.141,0.82679,0.82688,3.56,1.00
2018.04.23 02:34:14.350,0.82676,0.82685,1.69,1.25
2018.04.23 02:34:15.255,0.82678,0.82685,1.00,1.25
2018.04.23 02:34:17.084,0.82678,0.82687,1.00,2.44
2018.04.23 02:34:17.672,0.82678,0.82687,1.00,3.19
2018.04.23 02:34:36.999,0.82677,0.82687,1.25,2.44
2018.04.23 02:34:37.606,0.82676,0.82686,2.06,1.19
2018.04.23 02:34:38.114,0.82674,0.82683,1.31,1.25
2018.04.23 02:34:38.544,0.82674,0.82683,1.12,2.44
2018.04.23 02:34:39.604,0.82673,0.82682,1.12,1.19
2018.04.23 02:34:40.199,0.82673,0.82682,1.12,1.25
2018.04.23 02:34:40.510,0.82675,0.82685,2.81,1.25
2018.04.23 02:34:54.350,0.82676,0.82686,2.06,1.25
2018.04.23 02:34:56.497,0.82676,0.82685,2.06,1.00
2018.04.23 02:34:57.084,0.82676,0.82686,2.06,1.69
2018.04.23 02:35:02.509,0.82675,0.82686,2.44,2.06
2018.04.23 02:35:02.835,0.82672,0.82683,2.81,1.69
2018.04.23 02:35:08.640,0.82671,0.82681,2.06,1.69
2018.04.23 02:35:14.235,0.82671,0.82681,1.19,2.44
2018.04.23 02:35:14.780,0.8267,0.82681,2.81,2.44
2018.04.23 02:35:15.350,0.8267,0.8268,1.31,1.19
2018.04.23 02:35:17.376,0.82671,0.8268,1.00,1.19
2018.04.23 02:35:17.887,0.82671,0.8268,1.19,1.00
2018.04.23 02:35:20.233,0.82671,0.82681,1.69,2.44
2018.04.23 02:35:20.426,0.82673,0.82681,1.19,1.00
2018.04.23 02:35:21.034,0.82674,0.82682,1.19,1.50
2018.04.23 02:35:21.550,0.82674,0.82682,1.69,1.00
2018.04.23 02:35:23.978,0.82677,0.82683,1.19,1.00
2018.04.23 02:35:24.186,0.82677,0.82685,3.19,1.00
2018.04.23 02:35:24.893,0.82677,0.82686,3.19,1.25
2018.04.23 02:35:27.412,0.82677,0.82685,2.44,1.00
2018.04.23 02:35:30.979,0.82677,0.82685,1.25,1.25
2018.04.23 02:35:31.135,0.82676,0.82685,1.25,1.69
2018.04.23 02:35:34.044,0.82676,0.82685,1.19,1.69
2018.04.23 02:35:34.584,0.82677,0.82685,1.19,1.50
2018.04.23 02:35:43.101,0.82677,0.82685,1.19,1.00
2018.04.23 02:35:43.293,0.8268,0.82688,1.25,1.50
2018.04.23 02:35:44.289,0.8268,0.82689,1.25,1.25
2018.04.23 02:35:46.451,0.8268,0.82689,1.19,1.00
2018.04.23 02:35:53.484,0.8268,0.82689,1.31,1.00
2018.04.23 02:35:53.536,0.82682,0.82691,1.31,1.50
2018.04.23 02:35:54.062,0.82683,0.82692,1.69,1.00
2018.04.23 02:35:54.746,0.82683,0.82692,1.31,1.00
2018.04.23 02:35:55.083,0.82682,0.82692,1.69,2.81
2018.04.23 02:35:55.617,0.82681,0.8269,1.19,1.00
2018.04.23 02:35:58.167,0.82681,0.8269,2.06,1.00
2018.04.23 02:36:00.134,0.82683,0.8269,1.31,1.00
2018.04.23 02:36:00.187,0.82683,0.82692,1.31,1.00
2018.04.23 02:36:00.240,0.82687,0.82693,1.00,1.12
2018.04.23 02:36:00.353,0.82687,0.82695,1.69,1.50
2018.04.23 02:36:00.409,0.82689,0.82697,1.69,1.00
2018.04.23 02:36:01.013,0.82691,0.82698,1.50,1.00
2018.04.23 02:36:01.325,0.82694,0.82701,1.25,1.00
2018.04.23 02:36:02.406,0.82694,0.82702,1.25,2.25
2018.04.23 02:36:09.503,0.82693,0.82702,1.00,2.44
2018.04.23 02:36:09.690,0.82691,0.827,2.44,1.25
2018.04.23 02:36:10.204,0.82691,0.82699,1.25,1.00
2018.04.23 02:36:11.812,0.82691,0.82701,1.69,3.41
2018.04.23 02:36:12.303,0.82692,0.82701,1.19,2.44
2018.04.23 02:36:15.912,0.82693,0.827,1.25,1.00
2018.04.23 02:36:16.442,0.82692,0.82699,1.00,1.25
2018.04.23 02:36:16.989,0.82691,0.82699,1.31,1.25
2018.04.23 02:36:17.529,0.82692,0.82699,1.00,1.25
2018.04.23 02:36:18.239,0.82691,0.82699,1.25,1.25
2018.04.23 02:36:22.175,0.82691,0.82701,1.19,1.19
2018.04.23 02:36:24.775,0.82693,0.82701,1.00,1.69
2018.04.23 02:36:26.490,0.82694,0.82701,1.00,1.19
2018.04.23 02:36:26.748,0.82695,0.82703,1.25,1.50
2018.04.23 02:36:26.905,0.82697,0.82704,1.00,2.21
2018.04.23 02:36:27.010,0.82694,0.82702,1.00,1.19
2018.04.23 02:36:28.208,0.82695,0.82702,1.00,1.69
2018.04.23 02:36:30.867,0.82694,0.82702,1.00,1.69
2018.04.23 02:36:31.574,0.82695,0.82702,1.00,1.69
2018.04.23 02:36:31.791,0.82695,0.82704,1.69,2.59
2018.04.23 02:36:31.957,0.82697,0.82706,1.69,1.00
2018.04.23 02:36:32.266,0.827,0.82707,1.00,1.25
2018.04.23 02:36:32.901,0.82699,0.82707,1.00,1.69
2018.04.23 02:36:34.763,0.82701,0.82707,1.00,1.00
2018.04.23 02:36:35.346,0.82701,0.82708,1.00,1.69
2018.04.23 02:36:35.883,0.82702,0.82709,1.00,1.25
2018.04.23 02:36:36.349,0.82702,0.82711,1.25,2.44
2018.04.23 02:36:36.870,0.82703,0.82711,1.00,3.19
2018.04.23 02:36:40.423,0.82703,0.82711,1.00,3.19
2018.04.23 02:36:40.948,0.82703,0.82711,1.00,3.79
2018.04.23 02:36:42.564,0.82702,0.8271,1.00,1.31
2018.04.23 02:36:43.076,0.82703,0.82711,1.00,3.79
2018.04.23 02:36:43.486,0.82703,0.82711,1.25,1.31
2018.04.23 02:36:43.727,0.82704,0.82713,1.25,2.06
2018.04.23 02:36:44.292,0.82705,0.82713,1.00,2.06
2018.04.23 02:36:46.138,0.82705,0.82713,1.00,1.69
2018.04.23 02:36:46.670,0.82704,0.82713,1.00,1.31
2018.04.23 02:36:52.895,0.82705,0.82713,1.00,1.31
2018.04.23 02:36:58.122,0.82705,0.82713,1.00,1.25
2018.04.23 02:36:58.665,0.82706,0.82713,1.00,1.00
2018.04.23 02:37:03.223,0.82706,0.82712,1.00,1.00
2018.04.23 02:37:03.376,0.82704,0.82712,1.25,1.00
2018.04.23 02:37:15.003,0.82703,0.82712,1.69,1.69
2018.04.23 02:37:15.884,0.82703,0.82711,1.25,1.00
2018.04.23 02:37:45.555,0.82702,0.82711,1.19,1.19
2018.04.23 02:37:48.186,0.82702,0.82712,1.69,2.44
2018.04.23 02:37:54.998,0.82702,0.82712,2.44,1.69
2018.04.23 02:37:59.687,0.82701,0.82707,2.25,1.16
2018.04.23 02:37:59.842,0.82693,0.82701,2.25,1.16
2018.04.23 02:38:00.109,0.82691,0.82699,1.25,2.81
2018.04.23 02:38:01.625,0.8269,0.82699,1.25,4.31
2018.04.23 02:38:02.276,0.82689,0.82698,1.25,1.31
2018.04.23 02:38:02.889,0.82689,0.82698,1.69,1.69
2018.04.23 02:38:03.425,0.82689,0.82698,1.25,1.69
2018.04.23 02:38:03.927,0.8269,0.82698,1.00,1.69
2018.04.23 02:38:05.002,0.8269,0.82696,1.00,2.29
2018.04.23 02:38:05.106,0.82686,0.82696,2.06,1.69
2018.04.23 02:38:05.639,0.82687,0.82696,1.69,1.69
2018.04.23 02:38:13.108,0.82687,0.82696,1.69,1.25
2018.04.23 02:38:15.362,0.82688,0.82696,1.25,1.25
2018.04.23 02:38:16.558,0.82686,0.82696,1.25,2.06
2018.04.23 02:38:17.757,0.82684,0.82695,2.81,1.69
2018.04.23 02:38:18.218,0.82686,0.82696,1.19,2.44
2018.04.23 02:38:22.672,0.82691,0.82698,1.31,2.25
2018.04.23 02:38:22.777,0.82692,0.82701,1.25,1.19
2018.04.23 02:38:22.891,0.82694,0.82703,1.25,1.19
2018.04.23 02:38:23.212,0.82696,0.82703,1.00,1.00
2018.04.23 02:38:23.871,0.82696,0.82705,1.00,1.19
2018.04.23 02:38:24.288,0.82696,0.82704,1.00,1.19
2018.04.23 02:38:24.497,0.82691,0.827,1.00,1.19
2018.04.23 02:38:24.653,0.82691,0.827,2.81,1.00
2018.04.23 02:38:24.705,0.82694,0.827,1.00,1.00
2018.04.23 02:38:24.838,0.82694,0.82703,1.00,1.19
2018.04.23 02:38:27.163,0.82693,0.82703,1.25,1.19
2018.04.23 02:38:27.389,0.82693,0.82703,1.00,1.19
2018.04.23 02:38:27.696,0.82692,0.82699,1.00,1.19
2018.04.23 02:38:27.800,0.8269,0.82699,1.00,1.19
2018.04.23 02:38:28.340,0.82689,0.82699,1.50,1.19
2018.04.23 02:38:28.829,0.82687,0.82697,1.69,1.19
2018.04.23 02:38:29.943,0.82687,0.82697,1.00,1.19
2018.04.23 02:38:34.422,0.82687,0.82697,1.25,2.44
2018.04.23 02:38:34.972,0.82687,0.82697,1.00,2.44
2018.04.23 02:38:37.440,0.82687,0.82697,1.69,1.69
2018.04.23 02:38:37.492,0.82689,0.82697,1.25,1.25
2018.04.23 02:38:37.995,0.82689,0.82698,1.00,3.56
2018.04.23 02:38:41.499,0.82687,0.82696,1.25,1.19
2018.04.23 02:38:49.414,0.82688,0.82696,1.19,1.50
2018.04.23 02:38:50.480,0.82689,0.82696,1.00,1.19
2018.04.23 02:38:51.019,0.82688,0.82696,1.50,1.19
2018.04.23 02:38:51.593,0.82685,0.82695,2.06,1.69
2018.04.23 02:38:51.645,0.82687,0.82695,1.31,1.25
2018.04.23 02:38:55.844,0.82685,0.82695,1.31,1.19
2018.04.23 02:39:01.444,0.82688,0.82693,1.19,1.00
2018.04.23 02:39:01.496,0.82688,0.82695,1.69,1.00
2018.04.23 02:39:02.046,0.82689,0.82695,1.19,1.00
2018.04.23 02:39:02.561,0.82689,0.82695,1.19,1.00
2018.04.23 02:39:07.994,0.82688,0.82695,1.69,1.00
2018.04.23 02:39:08.567,0.82688,0.82696,1.69,1.25
2018.04.23 02:39:11.585,0.82689,0.82696,1.19,1.00
2018.04.23 02:39:12.100,0.8269,0.82698,2.44,1.25
2018.04.23 02:39:12.698,0.8269,0.82698,1.69,1.25
2018.04.23 02:39:14.997,0.82688,0.82697,2.44,1.25
2018.04.23 02:39:15.574,0.82688,0.82697,2.44,1.00
2018.04.23 02:39:16.438,0.82688,0.82697,2.44,1.25
2018.04.23 02:39:16.949,0.82688,0.82697,2.44,1.00
2018.04.23 02:39:18.802,0.82688,0.82698,2.44,1.69
2018.04.23 02:39:20.401,0.82688,0.82697,2.44,1.00
2018.04.23 02:39:20.952,0.82688,0.82698,2.44,1.69
2018.04.23 02:39:21.459,0.8269,0.82699,2.44,1.69
2018.04.23 02:39:22.020,0.82691,0.827,1.69,1.50
2018.04.23 02:39:23.017,0.82691,0.827,1.69,1.25
2018.04.23 02:39:23.624,0.82691,0.82699,1.69,1.00
2018.04.23 02:39:24.662,0.82692,0.82699,1.19,1.00
2018.04.23 02:39:24.868,0.82693,0.82701,1.69,1.00
2018.04.23 02:39:25.125,0.82694,0.82702,1.19,1.00
2018.04.23 02:39:25.280,0.82695,0.82705,2.81,2.14
2018.04.23 02:39:25.881,0.82695,0.82704,2.81,1.01
2018.04.23 02:39:26.259,0.82694,0.82702,1.69,1.00
2018.04.23 02:39:26.570,0.82698,0.82705,1.19,1.57
2018.04.23 02:39:26.777,0.82698,0.82707,1.69,1.50
2018.04.23 02:39:27.448,0.82698,0.82707,1.69,1.25
2018.04.23 02:39:27.783,0.82701,0.82707,1.19,1.00
2018.04.23 02:39:27.888,0.82704,0.8271,1.31,1.00
2018.04.23 02:39:27.941,0.82708,0.82712,1.25,1.00
2018.04.23 02:39:27.994,0.82709,0.82716,1.00,1.25
2018.04.23 02:39:28.612,0.82709,0.82718,1.25,1.31
2018.04.23 02:39:29.413,0.82707,0.82716,2.81,1.00
2018.04.23 02:39:30.621,0.82706,0.82716,1.69,1.19
2018.04.23 02:39:32.612,0.82707,0.82715,1.69,1.00
2018.04.23 02:39:32.869,0.82708,0.82718,1.19,1.91
2018.04.23 02:39:33.573,0.82708,0.82718,1.69,1.16
2018.04.23 02:39:42.371,0.82707,0.82716,1.19,1.25
2018.04.23 02:39:42.895,0.82707,0.82715,1.19,1.00
2018.04.23 02:39:46.867,0.82707,0.82715,1.19,1.00
2018.04.23 02:39:47.178,0.82709,0.82718,2.06,1.00
2018.04.23 02:39:47.688,0.82709,0.82719,2.06,1.69
2018.04.23 02:39:49.506,0.82709,0.82719,1.31,1.69
2018.04.23 02:39:50.013,0.8271,0.82718,1.19,1.00
2018.04.23 02:39:52.879,0.8271,0.82719,1.19,1.25
2018.04.23 02:39:53.596,0.8271,0.82719,1.69,1.00
2018.04.23 02:39:54.563,0.8271,0.82719,1.19,1.25
2018.04.23 02:39:55.300,0.82709,0.82718,1.69,1.00
2018.04.23 02:39:59.660,0.82709,0.82717,1.69,1.00
2018.04.23 02:40:01.448,0.82708,0.82717,2.44,1.00
2018.04.23 02:40:01.991,0.82707,0.82717,3.19,1.25
2018.04.23 02:40:02.660,0.82707,0.82716,2.81,1.00
2018.04.23 02:40:03.541,0.82709,0.82716,1.19,1.00
2018.04.23 02:40:04.084,0.82708,0.82717,1.19,1.00
2018.04.23 02:40:04.137,0.82707,0.82717,2.81,1.19
2018.04.23 02:40:04.660,0.82707,0.82715,2.81,1.00
2018.04.23 02:40:07.568,0.82707,0.82714,1.69,1.00
2018.04.23 02:40:15.237,0.82706,0.82714,1.69,1.25
2018.04.23 02:40:15.494,0.82705,0.82711,1.69,1.00
2018.04.23 02:40:15.770,0.82705,0.82713,2.44,1.00
2018.04.23 02:40:16.178,0.82703,0.82712,1.25,2.06
2018.04.23 02:40:16.280,0.82703,0.82709,1.00,1.00
2018.04.23 02:40:16.794,0.82702,0.82709,1.25,1.00
2018.04.23 02:40:16.897,0.82703,0.82712,1.00,2.81
2018.04.23 02:40:16.949,0.82704,0.82712,1.69,2.25
2018.04.23 02:40:17.052,0.82704,0.82714,1.69,1.69
2018.04.23 02:40:17.553,0.82706,0.82714,1.00,1.25
2018.04.23 02:40:18.142,0.82705,0.82714,1.25,1.25
2018.04.23 02:40:21.183,0.82705,0.82714,1.69,1.00
2018.04.23 02:40:24.464,0.82706,0.82716,3.56,1.69
2018.04.23 02:40:24.993,0.82708,0.82717,2.25,1.25
2018.04.23 02:40:25.462,0.8271,0.82718,1.00,1.50
2018.04.23 02:40:30.981,0.82709,0.82718,1.69,1.00
2018.04.23 02:40:38.174,0.82708,0.82717,1.25,1.00
2018.04.23 02:40:39.143,0.82709,0.82718,1.00,1.31
2018.04.23 02:40:39.760,0.8271,0.82718,1.00,1.25
2018.04.23 02:40:40.283,0.82709,0.82718,1.50,1.25
2018.04.23 02:40:43.864,0.8271,0.82718,1.00,1.69
2018.04.23 02:40:44.296,0.82708,0.82718,2.44,1.69
2018.04.23 02:40:46.396,0.82708,0.82717,1.50,1.25
2018.04.23 02:40:46.900,0.82709,0.82717,1.25,1.00
2018.04.23 02:40:50.643,0.82708,0.82718,2.44,2.25
2018.04.23 02:40:51.407,0.82714,0.82718,1.00,1.50
2018.04.23 02:40:55.974,0.82709,0.82718,1.25,1.00
2018.04.23 02:40:56.770,0.8271,0.82719,1.00,2.06
2018.04.23 02:40:58.032,0.8271,0.82719,1.25,2.06
2018.04.23 02:40:58.600,0.8271,0.82719,1.69,1.25
2018.04.23 02:40:59.237,0.8271,0.82719,2.44,1.19
2018.04.23 02:41:02.763,0.82712,0.8272,1.00,1.19
2018.04.23 02:41:03.374,0.82711,0.8272,1.25,1.69
2018.04.23 02:41:03.908,0.82712,0.8272,1.00,1.19
2018.04.23 02:41:04.426,0.82711,0.8272,1.69,1.19
2018.04.23 02:41:10.888,0.82715,0.82723,1.19,2.81
2018.04.23 02:41:11.195,0.82718,0.82725,1.25,1.25
2018.04.23 02:41:11.505,0.82718,0.82725,2.44,1.00
2018.04.23 02:41:11.759,0.82719,0.82728,1.19,1.69
2018.04.23 02:41:15.802,0.82718,0.82727,1.69,1.25
2018.04.23 02:41:16.440,0.82716,0.82726,3.56,1.25
2018.04.23 02:41:17.102,0.82716,0.82725,2.44,1.25
2018.04.23 02:41:19.444,0.82716,0.82726,3.19,1.25
2018.04.23 02:41:24.234,0.82718,0.82728,2.44,2.06
2018.04.23 02:41:25.401,0.8272,0.82729,1.19,3.56
2018.04.23 02:41:27.996,0.82719,0.82727,1.19,1.00
2018.04.23 02:41:35.361,0.82719,0.82727,1.19,1.00
2018.04.23 02:41:38.239,0.82718,0.82727,3.19,1.00
2018.04.23 02:41:39.838,0.82719,0.82727,1.19,1.00
2018.04.23 02:41:40.349,0.82718,0.82727,3.19,1.00
2018.04.23 02:41:45.591,0.82718,0.82724,1.00,1.00
2018.04.23 02:41:46.149,0.82717,0.82725,1.19,2.25
2018.04.23 02:41:49.644,0.82716,0.82721,1.00,1.37
2018.04.23 02:41:49.701,0.82714,0.82722,1.00,3.41
2018.04.23 02:41:49.877,0.82711,0.8272,2.44,1.25
2018.04.23 02:41:50.226,0.82713,0.82722,1.31,1.25
2018.04.23 02:41:50.781,0.82716,0.82722,1.00,1.00
2018.04.23 02:41:51.375,0.82716,0.82724,1.00,1.69
2018.04.23 02:41:52.019,0.82716,0.82724,1.00,1.69
2018.04.23 02:42:07.743,0.82716,0.82724,1.19,1.50
2018.04.23 02:42:10.392,0.82716,0.82724,1.25,1.50
2018.04.23 02:42:15.201,0.82716,0.82724,1.19,1.50
2018.04.23 02:42:37.299,0.82715,0.82724,2.44,1.69
2018.04.23 02:42:42.441,0.82715,0.82724,2.44,2.25
2018.04.23 02:42:42.792,0.82714,0.82722,1.19,1.50
2018.04.23 02:42:45.975,0.82713,0.82722,1.19,3.19
2018.04.23 02:42:46.977,0.82712,0.82722,3.19,3.00
2018.04.23 02:42:53.081,0.82714,0.82722,1.25,2.44
2018.04.23 02:43:00.413,0.82714,0.82722,1.19,2.25
2018.04.23 02:43:01.258,0.82714,0.82721,1.19,1.00
2018.04.23 02:43:01.310,0.82713,0.8272,1.19,1.50
2018.04.23 02:43:01.414,0.82711,0.82719,1.69,1.00
2018.04.23 02:43:01.962,0.82711,0.82718,1.19,1.50
2018.04.23 02:43:07.670,0.82711,0.82717,1.19,1.00
2018.04.23 02:43:16.235,0.82709,0.82717,1.19,1.00
2018.04.23 02:43:17.432,0.82708,0.82717,1.19,2.62
2018.04.23 02:43:21.258,0.82708,0.82717,1.19,3.37
2018.04.23 02:43:29.644,0.82708,0.82717,1.69,2.10
2018.04.23 02:43:35.975,0.82711,0.82717,1.19,1.00
2018.04.23 02:43:36.130,0.82712,0.82719,1.19,2.25
2018.04.23 02:43:38.282,0.82712,0.82719,1.19,1.00
2018.04.23 02:43:41.484,0.82713,0.8272,1.19,1.35
2018.04.23 02:44:03.687,0.82712,0.8272,1.69,1.00
2018.04.23 02:44:10.115,0.82712,0.82719,1.19,1.00
2018.04.23 02:44:10.268,0.82714,0.8272,1.19,1.50
2018.04.23 02:44:10.781,0.82715,0.82721,1.19,1.00
2018.04.23 02:44:11.709,0.82715,0.82721,1.19,1.00
2018.04.23 02:44:11.812,0.82712,0.8272,1.69,1.50
2018.04.23 02:44:12.400,0.82712,0.8272,1.25,1.69
2018.04.23 02:44:36.851,0.8271,0.8272,2.81,2.25
2018.04.23 02:44:42.005,0.8271,0.8272,2.81,1.50
2018.04.23 02:44:42.560,0.8271,0.8272,2.81,1.50
2018.04.23 02:44:49.760,0.82711,0.8272,1.19,1.50
2018.04.23 02:44:57.706,0.82711,0.8272,1.69,1.50
2018.04.23 02:44:57.810,0.82711,0.8272,1.25,1.87
2018.04.23 02:44:57.914,0.82709,0.82718,1.69,1.00
2018.04.23 02:44:59.256,0.82709,0.82717,1.00,1.00
2018.04.23 02:45:03.220,0.82709,0.82718,1.00,3.94
2018.04.23 02:45:07.795,0.82709,0.82717,1.25,1.00
2018.04.23 02:45:15.185,0.82709,0.82717,2.06,1.00
2018.04.23 02:45:15.699,0.8271,0.82718,1.69,1.00
2018.04.23 02:45:16.837,0.8271,0.8272,2.44,1.50
