2013.12.13 21:00:00.277,0.92472,0.92482,0.10,0.60
2013.12.13 21:00:00.328,0.92469,0.92482,0.10,0.60
2013.12.13 21:00:00.378,0.92469,0.9248,0.10,0.75
2013.12.13 21:00:00.884,0.92468,0.9248,0.10,0.75
2013.12.13 21:00:01.363,0.92468,0.92477,0.10,1.35
2013.12.13 21:00:01.648,0.92466,0.92477,0.10,0.75
2013.12.13 21:00:01.749,0.92465,0.92474,0.10,0.10
2013.12.13 21:00:01.800,0.92461,0.92474,0.10,0.10
2013.12.13 21:00:02.124,0.92461,0.92471,0.10,0.75
2013.12.13 21:00:02.478,0.92464,0.92472,0.10,1.35
2013.12.13 21:00:02.730,0.92464,0.92475,0.10,1.13
2013.12.13 21:00:02.781,0.92467,0.92476,0.75,0.38
2013.12.13 21:00:03.286,0.92465,0.92475,0.83,1.50
2013.12.13 21:00:03.336,0.92464,0.92473,0.10,1.50
2013.12.13 21:00:03.538,0.92454,0.92464,0.10,0.75
2013.12.13 21:00:03.589,0.92456,0.92464,0.10,0.75
2013.12.13 21:00:03.841,0.92453,0.92464,0.10,0.75
2013.12.13 21:00:03.892,0.92453,0.92462,0.10,0.38
2013.12.13 21:00:04.144,0.92453,0.92464,0.10,0.75
2013.12.13 21:00:04.548,0.92454,0.92466,0.75,0.10
2013.12.13 21:00:05.066,0.92455,0.92466,0.75,0.10
2013.12.13 21:00:05.116,0.92455,0.92463,0.75,0.38
2013.12.13 21:00:05.663,0.92454,0.9246,0.75,0.38
2013.12.13 21:00:05.768,0.92452,0.9246,0.75,0.38
2013.12.13 21:00:05.869,0.9245,0.9246,0.10,0.38
2013.12.13 21:00:05.920,0.92448,0.92458,0.83,0.38
2013.12.13 21:00:06.421,0.92448,0.92457,0.10,0.38
2013.12.13 21:00:06.522,0.92446,0.92457,0.75,0.38
2013.12.13 21:00:08.907,0.92446,0.92458,0.75,0.45
2013.12.13 21:00:09.444,0.92445,0.92458,0.83,0.38
2013.12.13 21:00:09.965,0.92448,0.92458,0.75,0.38
2013.12.13 21:00:10.315,0.92447,0.92456,0.75,0.10
2013.12.13 21:00:10.888,0.92446,0.92455,0.75,0.10
2013.12.13 21:00:11.306,0.92444,0.92455,0.75,0.10
2013.12.13 21:00:12.705,0.92443,0.92455,0.75,0.10
2013.12.13 21:00:13.109,0.92444,0.92457,0.75,0.10
2013.12.13 21:00:13.210,0.92447,0.92459,0.10,1.13
2013.12.13 21:00:13.753,0.92447,0.9246,0.10,0.10
2013.12.13 21:00:17.537,0.92447,0.92458,0.10,0.38
2013.12.13 21:00:17.839,0.92445,0.92456,0.75,0.10
2013.12.13 21:00:20.624,0.92445,0.92458,1.58,0.45
2013.12.13 21:00:23.240,0.92445,0.92457,0.75,0.10
2013.12.13 21:00:23.720,0.92445,0.92455,0.75,0.10
2013.12.13 21:00:27.086,0.92445,0.92456,1.50,0.10
2013.12.13 21:00:32.401,0.92446,0.92457,0.75,0.10
2013.12.13 21:00:32.770,0.92446,0.9246,0.83,0.45
2013.12.13 21:00:40.491,0.92448,0.9246,0.10,0.38
2013.12.13 21:00:40.592,0.92448,0.92462,0.10,0.45
2013.12.13 21:00:41.301,0.92448,0.9246,0.10,0.75
2013.12.13 21:00:45.623,0.92448,0.92459,0.10,0.75
2013.12.13 21:00:55.644,0.92448,0.92462,0.10,0.83
2013.12.13 21:00:57.198,0.92448,0.92459,0.10,0.75
2013.12.13 21:00:58.592,0.92448,0.92456,0.10,0.75
2013.12.13 21:00:58.745,0.92445,0.92456,0.10,0.75
2013.12.13 21:00:59.050,0.92445,0.92458,0.83,0.45
2013.12.13 21:01:00.061,0.92448,0.92458,0.10,1.13
2013.12.13 21:01:02.000,0.92448,0.92457,0.10,0.75
2013.12.13 21:01:02.892,0.92448,0.92454,0.10,0.75
2013.12.13 21:01:05.627,0.92447,0.92454,0.10,0.75
2013.12.13 21:01:05.728,0.92444,0.92454,0.10,0.75
2013.12.13 21:01:05.981,0.92442,0.92453,0.10,0.83
2013.12.13 21:01:06.088,0.92439,0.92453,0.75,0.83
2013.12.13 21:01:06.752,0.92438,0.92453,0.10,0.83
2013.12.13 21:01:09.581,0.92437,0.92451,0.75,0.10
2013.12.13 21:01:09.896,0.92438,0.92449,0.75,0.10
2013.12.13 21:01:10.672,0.92438,0.92447,0.75,0.10
2013.12.13 21:01:10.773,0.92438,0.92449,0.75,0.10
2013.12.13 21:01:10.874,0.92438,0.92451,0.75,0.10
2013.12.13 21:01:22.951,0.9244,0.92452,0.10,0.10
2013.12.13 21:01:23.002,0.9244,0.92454,0.10,0.75
2013.12.13 21:01:23.619,0.92439,0.92454,1.50,0.83
2013.12.13 21:01:28.002,0.92439,0.92452,1.50,0.38
2013.12.13 21:01:28.304,0.92431,0.92441,0.75,0.10
2013.12.13 21:01:30.202,0.92434,0.92441,0.75,0.10
2013.12.13 21:01:30.403,0.92434,0.92443,0.75,0.10
2013.12.13 21:01:30.504,0.92432,0.92443,0.75,0.10
2013.12.13 21:01:30.711,0.92434,0.92443,0.75,0.10
2013.12.13 21:01:30.944,0.92432,0.92443,0.75,0.10
2013.12.13 21:01:32.590,0.92435,0.92443,0.75,0.10
2013.12.13 21:01:32.981,0.92435,0.92441,0.75,0.75
2013.12.13 21:01:33.082,0.92435,0.92443,0.75,0.83
2013.12.13 21:01:33.818,0.92432,0.92443,0.75,0.75
2013.12.13 21:01:35.070,0.92436,0.92445,0.75,0.10
2013.12.13 21:01:35.171,0.92434,0.92445,0.75,0.10
2013.12.13 21:01:35.770,0.92434,0.92446,0.75,0.83
2013.12.13 21:01:37.889,0.92434,0.92444,0.75,0.38
2013.12.13 21:01:38.527,0.92433,0.92444,0.10,1.13
2013.12.13 21:01:39.015,0.92432,0.92442,0.75,0.38
2013.12.13 21:01:40.972,0.92432,0.92444,0.75,0.83
2013.12.13 21:01:41.251,0.92436,0.92446,0.10,1.20
2013.12.13 21:01:41.352,0.92437,0.92449,0.83,1.50
2013.12.13 21:01:41.554,0.92439,0.92449,0.10,0.75
2013.12.13 21:01:41.655,0.92437,0.92449,0.83,0.75
2013.12.13 21:01:43.083,0.92437,0.92448,0.75,0.10
2013.12.13 21:01:43.245,0.92436,0.92445,0.75,0.10
2013.12.13 21:01:43.397,0.92432,0.92442,0.75,0.38
2013.12.13 21:01:43.649,0.9243,0.92441,0.75,0.10
2013.12.13 21:01:44.160,0.92429,0.9244,0.75,0.75
2013.12.13 21:01:44.759,0.9243,0.92442,0.75,1.20
2013.12.13 21:01:45.946,0.92433,0.92442,0.75,0.83
2013.12.13 21:01:46.098,0.92433,0.92444,0.75,0.45
2013.12.13 21:01:46.199,0.92436,0.92445,0.75,1.13
2013.12.13 21:01:52.091,0.92436,0.92446,0.75,0.38
2013.12.13 21:01:52.625,0.92436,0.92447,0.75,0.45
2013.12.13 21:01:54.718,0.92439,0.92448,0.75,0.83
2013.12.13 21:01:55.662,0.92439,0.92449,1.50,0.10
2013.12.13 21:01:57.330,0.92442,0.92449,0.75,0.10
2013.12.13 21:01:57.996,0.92442,0.9245,0.75,0.10
2013.12.13 21:01:58.047,0.92442,0.92452,0.75,0.10
2013.12.13 21:01:58.299,0.92445,0.92455,0.75,0.45
2013.12.13 21:02:05.110,0.92445,0.92454,0.75,0.10
2013.12.13 21:02:06.523,0.92445,0.92453,0.75,0.10
2013.12.13 21:02:12.650,0.92445,0.9245,0.75,0.38
2013.12.13 21:02:12.701,0.92442,0.9245,0.75,0.38
2013.12.13 21:02:13.831,0.92442,0.92453,0.75,0.10
2013.12.13 21:02:16.300,0.92442,0.92454,0.75,1.13
2013.12.13 21:02:16.758,0.92445,0.92454,0.75,0.38
2013.12.13 21:02:17.296,0.92445,0.92455,0.75,0.10
2013.12.13 21:02:25.218,0.92445,0.92454,0.75,0.75
2013.12.13 21:02:29.839,0.92445,0.92455,0.75,0.45
2013.12.13 21:02:34.000,0.92445,0.92454,0.75,0.10
2013.12.13 21:02:34.051,0.92442,0.92453,1.50,0.10
2013.12.13 21:02:34.152,0.92442,0.92451,1.50,0.10
2013.12.13 21:02:35.216,0.92442,0.9245,1.50,0.10
2013.12.13 21:02:35.741,0.92442,0.92451,1.50,0.10
2013.12.13 21:02:36.790,0.92442,0.9245,1.50,0.10
2013.12.13 21:02:36.941,0.92443,0.92453,0.75,0.10
2013.12.13 21:02:37.143,0.92444,0.92455,0.75,0.10
2013.12.13 21:02:37.677,0.92444,0.92454,0.75,0.10
2013.12.13 21:02:39.022,0.92441,0.92453,0.75,0.75
2013.12.13 21:02:39.073,0.92441,0.92451,0.75,0.10
2013.12.13 21:02:39.174,0.92441,0.92453,0.75,0.83
2013.12.13 21:02:40.370,0.92441,0.92451,1.50,0.10
2013.12.13 21:02:58.254,0.92441,0.92453,1.50,0.83
2013.12.13 21:02:58.337,0.92444,0.92453,0.75,0.10
2013.12.13 21:03:07.707,0.92445,0.92453,0.75,0.10
2013.12.13 21:03:08.012,0.92449,0.92456,0.75,0.83
2013.12.13 21:03:10.240,0.9245,0.92456,0.75,0.83
2013.12.13 21:03:10.342,0.92446,0.92457,0.75,0.45
2013.12.13 21:03:10.392,0.92446,0.92453,0.75,0.10
2013.12.13 21:03:10.444,0.92444,0.92453,0.75,0.10
2013.12.13 21:03:10.545,0.92444,0.9245,0.75,0.10
2013.12.13 21:03:11.131,0.92443,0.9245,0.75,0.10
2013.12.13 21:03:13.147,0.92443,0.92451,0.75,0.10
2013.12.13 21:03:13.790,0.92443,0.92452,0.75,0.10
2013.12.13 21:03:24.011,0.92441,0.92449,0.75,0.10
2013.12.13 21:03:24.440,0.92436,0.92445,1.50,0.10
2013.12.13 21:03:24.767,0.92437,0.92447,0.75,0.10
2013.12.13 21:03:24.924,0.92439,0.92448,0.75,0.15
2013.12.13 21:03:25.426,0.92441,0.92448,0.75,0.10
2013.12.13 21:03:26.317,0.92443,0.92448,0.75,0.10
2013.12.13 21:03:26.368,0.92443,0.92452,0.75,0.10
2013.12.13 21:03:26.942,0.92443,0.92453,1.50,0.10
2013.12.13 21:03:27.507,0.92444,0.92453,0.75,0.10
2013.12.13 21:03:29.603,0.92443,0.92453,0.75,0.10
2013.12.13 21:03:30.596,0.92446,0.92453,0.75,0.10
2013.12.13 21:03:30.646,0.92446,0.92455,0.75,0.10
2013.12.13 21:03:30.697,0.9245,0.92455,0.75,0.10
2013.12.13 21:03:30.748,0.9245,0.92459,0.75,0.10
2013.12.13 21:03:30.900,0.92448,0.92457,0.75,0.45
2013.12.13 21:03:31.220,0.92448,0.92455,0.75,0.10
2013.12.13 21:03:31.271,0.92448,0.92458,0.75,0.10
2013.12.13 21:03:53.270,0.9245,0.9246,0.75,0.10
2013.12.13 21:03:57.146,0.9245,0.92459,0.75,0.75
2013.12.13 21:03:57.298,0.92446,0.92456,0.75,0.10
2013.12.13 21:04:00.739,0.92448,0.92456,0.75,0.10
2013.12.13 21:04:00.789,0.92448,0.9246,0.75,0.75
2013.12.13 21:04:00.946,0.92451,0.92461,0.75,0.10
2013.12.13 21:04:03.921,0.92451,0.92462,1.00,1.45
2013.12.13 21:04:04.487,0.92451,0.92461,1.00,1.45
2013.12.13 21:04:05.067,0.92451,0.92462,1.00,1.45
2013.12.13 21:04:16.135,0.92451,0.92463,1.00,2.63
2013.12.13 21:04:16.656,0.92451,0.92462,1.00,1.13
2013.12.13 21:04:17.005,0.92451,0.9246,1.00,1.45
2013.12.13 21:04:19.173,0.92451,0.92461,1.00,1.45
2013.12.13 21:04:19.275,0.92451,0.92463,1.00,1.88
2013.12.13 21:04:19.326,0.92451,0.92463,1.00,1.18
2013.12.13 21:04:23.436,0.92451,0.92462,1.00,1.15
2013.12.13 21:04:33.280,0.92451,0.92462,1.00,1.18
2013.12.13 21:04:33.826,0.92454,0.92462,1.00,1.00
2013.12.13 21:04:34.129,0.92456,0.92462,1.00,1.00
2013.12.13 21:04:43.483,0.92456,0.92461,1.00,1.00
2013.12.13 21:04:52.578,0.92456,0.92462,1.00,1.00
2013.12.13 21:05:11.387,0.92449,0.92458,1.15,1.00
2013.12.13 21:05:11.438,0.92453,0.92458,1.00,1.10
2013.12.13 21:05:11.589,0.92451,0.92458,1.00,1.10
2013.12.13 21:05:13.889,0.92448,0.92458,1.00,1.10
2013.12.13 21:05:17.446,0.92448,0.92458,1.00,1.28
2013.12.13 21:05:18.488,0.92448,0.92454,1.00,1.00
2013.12.13 21:05:20.265,0.92448,0.92453,1.00,1.00
2013.12.13 21:05:23.452,0.92444,0.92453,1.00,1.00
2013.12.13 21:05:23.553,0.92444,0.9245,1.00,1.00
2013.12.13 21:05:23.654,0.92441,0.9245,1.00,1.00
2013.12.13 21:05:40.891,0.92441,0.92449,1.00,1.00
2013.12.13 21:05:42.030,0.92441,0.92446,1.00,1.00
2013.12.13 21:05:42.582,0.92441,0.92447,1.00,1.00
2013.12.13 21:05:42.894,0.92441,0.9245,1.00,1.00
2013.12.13 21:05:47.625,0.92443,0.9245,1.00,1.00
2013.12.13 21:05:48.206,0.92443,0.92449,1.00,1.00
2013.12.13 21:05:49.500,0.92443,0.9245,1.00,1.00
2013.12.13 21:05:52.370,0.92441,0.9245,1.00,1.48
2013.12.13 21:05:52.807,0.92439,0.9245,1.00,1.48
2013.12.13 21:05:57.201,0.92439,0.9245,1.00,1.10
2013.12.13 21:06:00.646,0.92442,0.92454,1.00,1.15
2013.12.13 21:06:00.950,0.92445,0.92457,1.00,3.00
2013.12.13 21:06:17.213,0.92445,0.92457,1.00,1.48
2013.12.13 21:06:17.264,0.92443,0.92455,1.10,1.30
2013.12.13 21:06:17.481,0.92445,0.92457,1.00,1.30
2013.12.13 21:06:25.272,0.92443,0.92455,1.00,1.48
2013.12.13 21:06:28.585,0.9244,0.92452,1.08,1.30
2013.12.13 21:06:29.268,0.9244,0.92452,1.00,1.40
2013.12.13 21:06:32.188,0.9244,0.92452,1.00,1.40
2013.12.13 21:06:47.303,0.9244,0.92452,1.00,1.40
2013.12.13 21:06:53.320,0.92437,0.92449,1.00,1.40
2013.12.13 21:06:58.649,0.92437,0.92449,1.00,1.38
2013.12.13 21:06:59.172,0.92437,0.92449,1.00,1.50
2013.12.13 21:07:00.143,0.92437,0.92449,1.00,1.38
2013.12.13 21:07:04.432,0.92437,0.92447,1.00,1.13
2013.12.13 21:07:04.533,0.92433,0.92445,1.00,1.10
2013.12.13 21:07:07.593,0.92433,0.92445,1.48,1.00
2013.12.13 21:07:08.358,0.92433,0.92445,1.10,1.00
2013.12.13 21:07:09.408,0.92433,0.92445,1.00,1.18
2013.12.13 21:07:10.346,0.92433,0.92445,1.00,1.00
2013.12.13 21:07:11.774,0.92436,0.92448,1.00,2.33
2013.12.13 21:07:12.340,0.92436,0.92448,1.00,1.40
2013.12.13 21:07:16.696,0.92436,0.92447,1.00,1.13
2013.12.13 21:07:18.547,0.92436,0.92448,1.08,1.30
2013.12.13 21:07:24.091,0.92438,0.9245,1.00,1.40
2013.12.13 21:07:25.191,0.92436,0.92448,1.18,1.30
2013.12.13 21:07:32.186,0.92436,0.92448,1.18,1.30
2013.12.13 21:07:34.174,0.92436,0.92448,1.00,1.30
2013.12.13 21:07:41.493,0.92436,0.92448,1.18,1.30
2013.12.13 21:07:46.150,0.92437,0.92448,1.13,1.00
2013.12.13 21:07:46.302,0.92442,0.92452,1.00,1.00
2013.12.13 21:07:48.972,0.9244,0.92452,1.10,1.50
2013.12.13 21:07:49.293,0.9244,0.9245,1.00,1.00
2013.12.13 21:07:51.485,0.92438,0.9245,1.08,1.50
2013.12.13 21:07:52.016,0.92438,0.9245,1.00,1.95
2013.12.13 21:07:53.639,0.92438,0.9245,1.00,1.95
2013.12.13 21:07:53.904,0.92436,0.92448,1.00,1.20
2013.12.13 21:08:00.700,0.92436,0.92448,1.18,1.00
2013.12.13 21:08:00.751,0.92438,0.9245,1.00,1.20
2013.12.13 21:08:16.892,0.9244,0.92452,1.00,2.03
2013.12.13 21:09:00.833,0.9244,0.92452,1.00,1.38
2013.12.13 21:09:16.989,0.92435,0.92456,1.88,1.90
2013.12.13 21:09:18.269,0.92435,0.92456,1.88,1.65
2013.12.13 21:09:18.471,0.92439,0.92455,1.18,1.00
2013.12.13 21:09:18.914,0.92439,0.92455,1.18,1.38
2013.12.13 21:09:18.965,0.92439,0.92455,1.18,1.00
2013.12.13 21:09:19.067,0.92443,0.92455,1.00,1.50
2013.12.13 21:09:19.370,0.92449,0.92459,1.00,1.18
2013.12.13 21:09:19.970,0.92449,0.92459,1.00,1.00
2013.12.13 21:09:21.331,0.92449,0.92461,1.00,1.00
2013.12.13 21:09:28.208,0.92449,0.92461,1.08,1.00
2013.12.13 21:09:32.364,0.92449,0.92461,1.10,1.00
2013.12.13 21:09:33.811,0.92451,0.92462,1.10,1.00
2013.12.13 21:09:34.316,0.92451,0.92463,1.00,1.10
2013.12.13 21:09:34.619,0.92456,0.92465,1.10,1.00
2013.12.13 21:09:34.670,0.92456,0.92468,1.10,1.00
2013.12.13 21:10:16.031,0.92456,0.92468,1.18,1.00
2013.12.13 21:10:18.820,0.92456,0.92466,1.18,1.00
2013.12.13 21:10:18.922,0.92453,0.92465,1.00,1.10
2013.12.13 21:10:19.657,0.92451,0.92463,1.10,1.00
2013.12.13 21:10:20.166,0.92451,0.92463,1.00,1.18
2013.12.13 21:10:21.736,0.92451,0.92463,1.10,1.13
2013.12.13 21:10:24.741,0.92449,0.92461,1.15,1.00
2013.12.13 21:10:24.791,0.92449,0.92461,1.00,1.00
2013.12.13 21:10:32.436,0.92449,0.92461,1.00,1.08
2013.12.13 21:10:34.262,0.92449,0.92461,1.00,1.10
2013.12.13 21:10:40.993,0.9245,0.92461,1.00,1.00
2013.12.13 21:10:45.390,0.92449,0.92461,1.00,1.00
2013.12.13 21:10:47.282,0.92451,0.92461,1.00,1.00
2013.12.13 21:10:47.383,0.92452,0.92464,1.00,1.10
2013.12.13 21:10:48.254,0.92455,0.92467,1.00,1.10
2013.12.13 21:10:54.110,0.92453,0.92465,1.18,1.00
2013.12.13 21:10:54.634,0.92453,0.92465,1.00,1.15
2013.12.13 21:10:57.283,0.9245,0.92462,1.10,1.00
2013.12.13 21:10:57.334,0.9245,0.92462,1.00,1.15
2013.12.13 21:10:58.950,0.9245,0.92459,1.00,1.00
2013.12.13 21:10:59.253,0.92442,0.92452,1.00,1.45
2013.12.13 21:10:59.304,0.92442,0.92454,1.00,1.88
2013.12.13 21:11:00.489,0.92442,0.92454,1.00,1.15
2013.12.13 21:11:00.590,0.92445,0.92456,1.00,1.15
2013.12.13 21:11:00.893,0.92448,0.92458,1.00,1.13
2013.12.13 21:11:00.946,0.92444,0.92456,1.00,1.08
2013.12.13 21:11:02.148,0.92444,0.92456,1.13,1.15
2013.12.13 21:11:04.652,0.92444,0.92456,1.13,1.10
2013.12.13 21:11:04.780,0.92447,0.92456,1.38,1.10
2013.12.13 21:11:04.881,0.92449,0.92461,1.13,1.18
2013.12.13 21:11:05.526,0.92447,0.92459,1.95,1.00
2013.12.13 21:11:06.568,0.92447,0.92459,1.58,1.00
2013.12.13 21:11:09.033,0.92447,0.92459,1.95,1.00
2013.12.13 21:11:09.185,0.92451,0.92462,1.20,1.08
2013.12.13 21:11:09.388,0.92456,0.92464,1.00,1.50
2013.12.13 21:11:09.490,0.92457,0.92467,1.00,1.08
2013.12.13 21:11:09.591,0.92459,0.92467,1.00,1.00
2013.12.13 21:11:10.150,0.9246,0.92467,1.00,1.00
2013.12.13 21:11:10.720,0.92459,0.92467,1.00,1.00
2013.12.13 21:11:13.658,0.92458,0.92467,1.00,1.00
2013.12.13 21:11:13.911,0.92455,0.92467,1.00,1.00
2013.12.13 21:11:15.652,0.92457,0.92469,1.08,1.08
2013.12.13 21:11:15.754,0.92459,0.92471,1.18,1.00
2013.12.13 21:11:16.526,0.92458,0.92472,1.15,1.00
2013.12.13 21:11:19.105,0.92458,0.92472,1.10,1.10
2013.12.13 21:11:22.517,0.92458,0.92467,1.10,1.00
2013.12.13 21:11:22.820,0.92453,0.92467,1.95,1.10
2013.12.13 21:11:22.921,0.92457,0.9247,1.00,1.45
2013.12.13 21:11:23.022,0.92457,0.92471,1.15,1.00
2013.12.13 21:11:28.599,0.92457,0.92467,1.15,1.00
2013.12.13 21:11:28.701,0.92457,0.92468,1.00,1.18
2013.12.13 21:11:28.752,0.92455,0.92468,1.00,1.18
2013.12.13 21:11:29.055,0.92455,0.92469,1.18,1.00
2013.12.13 21:11:29.499,0.92458,0.92472,1.00,1.28
2013.12.13 21:11:34.230,0.9246,0.92473,1.00,1.50
2013.12.13 21:11:34.281,0.9246,0.92474,1.00,1.53
2013.12.13 21:11:34.902,0.9246,0.92474,1.10,1.55
2013.12.13 21:11:35.485,0.92458,0.92472,1.15,1.00
2013.12.13 21:11:35.637,0.92458,0.92472,1.10,1.10
2013.12.13 21:11:36.115,0.92458,0.92472,1.10,1.48
2013.12.13 21:11:36.267,0.92456,0.92468,1.00,2.03
2013.12.13 21:11:36.368,0.92453,0.92467,1.10,1.55
2013.12.13 21:11:43.309,0.92453,0.92467,1.18,1.38
2013.12.13 21:11:43.816,0.92453,0.92467,1.18,1.00
2013.12.13 21:11:46.015,0.92453,0.92467,1.15,1.00
2013.12.13 21:11:46.787,0.92453,0.92467,1.88,1.00
2013.12.13 21:11:46.991,0.92457,0.92468,1.38,1.00
2013.12.13 21:11:47.243,0.92458,0.92472,1.88,1.00
2013.12.13 21:11:48.398,0.92458,0.92471,1.88,1.00
2013.12.13 21:11:48.544,0.92458,0.92471,1.18,1.00
2013.12.13 21:11:48.646,0.92456,0.9247,1.18,1.00
2013.12.13 21:11:49.192,0.92456,0.92469,1.18,1.00
2013.12.13 21:11:50.680,0.92456,0.92465,1.08,1.00
2013.12.13 21:11:50.731,0.92453,0.92465,1.18,1.00
2013.12.13 21:11:50.983,0.92453,0.92465,1.18,2.25
2013.12.13 21:11:51.085,0.92449,0.92463,1.15,1.50
2013.12.13 21:11:51.188,0.92447,0.92461,1.10,1.10
2013.12.13 21:11:51.728,0.9245,0.92464,1.00,2.63
2013.12.13 21:11:52.253,0.9245,0.92464,1.10,1.85
2013.12.13 21:11:52.947,0.9245,0.92464,1.10,1.10
2013.12.13 21:11:53.939,0.9245,0.92464,1.10,1.95
2013.12.13 21:11:54.041,0.92447,0.92461,1.00,1.88
2013.12.13 21:11:54.395,0.92442,0.92456,1.10,1.10
2013.12.13 21:11:56.523,0.92442,0.92456,1.18,1.10
2013.12.13 21:11:57.080,0.92442,0.92456,1.15,1.00
2013.12.13 21:12:00.209,0.92442,0.92456,1.15,1.50
2013.12.13 21:12:00.311,0.92442,0.92455,1.10,1.20
2013.12.13 21:12:08.269,0.92445,0.92455,1.10,1.00
2013.12.13 21:12:08.570,0.92445,0.92457,1.10,1.13
2013.12.13 21:12:08.930,0.92445,0.92454,1.10,1.75
2013.12.13 21:12:09.031,0.92443,0.92454,1.00,2.63
2013.12.13 21:12:09.132,0.92439,0.92453,1.00,1.65
2013.12.13 21:12:09.688,0.92439,0.9245,1.00,1.00
2013.12.13 21:12:10.290,0.92439,0.9245,1.00,1.38
2013.12.13 21:12:11.710,0.92439,0.92449,1.00,1.38
2013.12.13 21:12:15.199,0.92439,0.92451,1.00,1.95
2013.12.13 21:12:15.704,0.92439,0.9245,1.00,1.00
2013.12.13 21:12:19.452,0.92439,0.92452,1.00,1.28
2013.12.13 21:12:20.168,0.92439,0.92452,1.00,1.28
2013.12.13 21:12:28.341,0.92439,0.92449,1.00,1.88
2013.12.13 21:12:29.173,0.92439,0.92451,1.00,1.55
2013.12.13 21:12:33.388,0.92439,0.92451,1.50,1.28
2013.12.13 21:12:33.741,0.92437,0.92447,1.00,1.38
2013.12.13 21:12:35.377,0.92437,0.92448,1.10,1.43
2013.12.13 21:12:35.428,0.92438,0.92449,1.00,1.38
2013.12.13 21:12:35.947,0.92438,0.92452,1.00,1.65
2013.12.13 21:12:37.232,0.92438,0.92447,1.00,1.45
2013.12.13 21:12:37.283,0.92436,0.92447,1.00,1.45
2013.12.13 21:12:37.586,0.92436,0.92449,1.00,1.53
2013.12.13 21:12:48.564,0.92436,0.92449,1.00,1.88
2013.12.13 21:12:49.227,0.92436,0.92448,1.00,1.45
2013.12.13 21:12:52.763,0.92436,0.92444,1.00,1.00
2013.12.13 21:12:57.265,0.92436,0.92442,1.00,1.00
2013.12.13 21:12:59.937,0.92436,0.92445,1.00,1.10
2013.12.13 21:13:00.784,0.92436,0.92446,1.00,1.00
2013.12.13 21:13:08.466,0.92436,0.92447,1.00,1.00
2013.12.13 21:13:09.928,0.92436,0.92446,1.00,1.00
2013.12.13 21:13:10.668,0.92436,0.92448,1.00,1.10
2013.12.13 21:13:11.766,0.92436,0.92447,1.00,1.00
2013.12.13 21:13:12.448,0.92436,0.9245,1.13,1.65
2013.12.13 21:13:13.027,0.92436,0.9245,1.20,1.18
2013.12.13 21:13:16.106,0.92434,0.92447,1.15,1.88
2013.12.13 21:13:16.409,0.92434,0.92445,1.50,2.63
2013.12.13 21:13:17.839,0.92435,0.92445,1.00,2.63
2013.12.13 21:13:17.991,0.92435,0.92448,1.00,1.18
2013.12.13 21:13:22.965,0.9244,0.92448,1.00,1.18
2013.12.13 21:13:23.319,0.9244,0.92451,1.00,1.28
2013.12.13 21:13:26.276,0.92441,0.92451,1.00,1.28
2013.12.13 21:13:27.191,0.92441,0.92451,1.00,1.88
2013.12.13 21:13:29.211,0.92441,0.92451,1.00,1.28
2013.12.13 21:13:30.486,0.92441,0.92451,1.00,1.88
2013.12.13 21:13:31.188,0.92441,0.9245,1.00,1.45
2013.12.13 21:13:32.277,0.92441,0.92451,1.00,2.25
2013.12.13 21:13:37.427,0.92441,0.9245,1.00,1.50
2013.12.13 21:13:38.392,0.9244,0.9245,1.00,1.50
2013.12.13 21:13:41.343,0.92437,0.92449,1.00,1.15
2013.12.13 21:13:45.300,0.92438,0.9245,1.00,1.50
2013.12.13 21:13:48.272,0.92437,0.9245,1.00,1.50
2013.12.13 21:13:48.777,0.92438,0.9245,1.00,1.50
2013.12.13 21:13:51.241,0.92438,0.92451,1.00,1.55
2013.12.13 21:13:51.744,0.92437,0.92451,1.50,1.18
2013.12.13 21:14:10.475,0.92437,0.9245,1.00,1.38
2013.12.13 21:14:10.778,0.92436,0.92446,1.00,1.65
2013.12.13 21:14:11.082,0.92436,0.92443,1.00,1.45
2013.12.13 21:14:11.183,0.92436,0.92446,1.00,1.18
2013.12.13 21:14:11.479,0.92436,0.92446,1.00,1.13
2013.12.13 21:14:11.732,0.92436,0.92448,1.00,1.65
2013.12.13 21:14:13.185,0.92437,0.92448,1.00,1.65
2013.12.13 21:14:14.188,0.92439,0.92448,1.00,1.15
2013.12.13 21:14:14.700,0.92439,0.92445,1.00,1.00
2013.12.13 21:14:15.003,0.92431,0.92444,1.13,1.45
2013.12.13 21:14:15.105,0.92432,0.92445,1.00,1.88
2013.12.13 21:14:15.206,0.92434,0.92445,1.00,1.13
2013.12.13 21:14:18.439,0.92434,0.92444,1.00,1.45
2013.12.13 21:14:18.591,0.92432,0.92443,1.00,1.45
2013.12.13 21:14:18.944,0.9243,0.92439,1.00,1.00
2013.12.13 21:14:19.117,0.92432,0.92443,1.00,1.45
2013.12.13 21:14:19.675,0.92434,0.92443,1.00,1.45
2013.12.13 21:14:21.867,0.9243,0.92442,1.00,1.15
2013.12.13 21:14:21.969,0.9243,0.92442,1.00,1.10
2013.12.13 21:14:22.087,0.92435,0.92445,1.00,2.25
2013.12.13 21:14:30.009,0.92433,0.92445,1.00,2.25
2013.12.13 21:14:31.027,0.92435,0.92445,1.00,2.25
2013.12.13 21:14:32.389,0.92435,0.92443,1.00,1.00
2013.12.13 21:14:33.147,0.92435,0.92445,1.00,1.58
2013.12.13 21:14:39.257,0.92435,0.92443,1.00,1.00
2013.12.13 21:14:39.358,0.92433,0.92443,1.00,1.00
2013.12.13 21:14:39.510,0.92433,0.92441,1.00,1.00
2013.12.13 21:14:40.242,0.92435,0.92441,1.00,1.00
2013.12.13 21:14:40.798,0.92436,0.92441,1.00,1.00
2013.12.13 21:14:41.579,0.92436,0.92444,1.00,1.13
2013.12.13 21:14:46.095,0.92436,0.92447,1.10,1.13
2013.12.13 21:14:46.760,0.92436,0.92446,1.10,1.00
2013.12.13 21:14:51.398,0.92436,0.92447,1.10,1.13
2013.12.13 21:14:52.708,0.92436,0.92449,1.00,1.55
2013.12.13 21:14:52.961,0.92437,0.9245,1.08,1.58
2013.12.13 21:14:53.062,0.92439,0.92453,1.58,1.10
2013.12.13 21:14:53.113,0.92439,0.92453,1.65,1.00
2013.12.13 21:14:55.226,0.92444,0.92458,1.00,1.15
2013.12.13 21:14:55.535,0.92444,0.92458,1.65,1.00
2013.12.13 21:14:59.287,0.92444,0.92458,1.65,1.75
2013.12.13 21:15:00.400,0.92444,0.92458,1.15,1.75
2013.12.13 21:15:01.838,0.92444,0.92458,1.18,1.85
2013.12.13 21:15:02.396,0.92444,0.92458,1.10,1.85
2013.12.13 21:15:03.355,0.92444,0.92454,1.10,1.00
2013.12.13 21:15:11.130,0.92441,0.92455,1.65,1.58
2013.12.13 21:15:11.181,0.92441,0.92455,1.58,1.58
2013.12.13 21:15:17.877,0.92439,0.92453,1.15,1.88
2013.12.13 21:15:18.180,0.92439,0.92452,1.00,2.25
2013.12.13 21:15:23.710,0.92439,0.92449,1.00,1.48
2013.12.13 21:15:24.183,0.92439,0.92449,1.00,2.25
2013.12.13 21:15:26.771,0.92439,0.9245,1.00,1.45
2013.12.13 21:15:26.822,0.92439,0.92452,1.00,1.45
2013.12.13 21:15:33.473,0.92439,0.92451,1.00,1.45
2013.12.13 21:15:35.469,0.92439,0.92452,1.08,1.38
2013.12.13 21:15:35.520,0.9244,0.92453,1.18,1.00
2013.12.13 21:15:47.288,0.92443,0.92453,1.00,1.00
2013.12.13 21:15:47.817,0.92444,0.92453,1.00,1.00
2013.12.13 21:15:54.404,0.92441,0.92453,1.10,1.00
2013.12.13 21:16:00.212,0.9244,0.92453,1.10,1.10
2013.12.13 21:16:01.026,0.9244,0.92453,1.08,1.00
2013.12.13 21:16:03.044,0.92444,0.92453,1.00,1.00
2013.12.13 21:16:17.984,0.92444,0.92455,1.00,1.10
2013.12.13 21:16:24.188,0.9244,0.92455,1.28,1.00
2013.12.13 21:16:26.231,0.9244,0.92455,1.28,1.18
2013.12.13 21:16:48.909,0.92439,0.92451,1.08,1.38
2013.12.13 21:16:49.112,0.9244,0.92455,1.08,1.55
2013.12.13 21:16:49.321,0.9244,0.9245,1.18,1.75
2013.12.13 21:16:49.627,0.9244,0.92451,1.10,1.00
2013.12.13 21:16:51.607,0.92439,0.92451,1.10,1.80
2013.12.13 21:16:51.709,0.92437,0.92451,1.50,1.88
2013.12.13 21:16:52.013,0.92439,0.9245,1.00,1.75
2013.12.13 21:16:52.418,0.92439,0.92451,1.18,1.00
2013.12.13 21:17:00.669,0.92439,0.9245,1.00,2.63
2013.12.13 21:17:00.720,0.92437,0.9245,1.50,2.63
2013.12.13 21:17:00.821,0.92437,0.9245,1.65,1.75
2013.12.13 21:17:01.679,0.92439,0.9245,1.00,2.63
2013.12.13 21:17:02.117,0.92439,0.92449,1.00,1.00
2013.12.13 21:17:02.218,0.92439,0.92449,1.00,1.15
2013.12.13 21:17:04.197,0.92439,0.92449,1.00,1.00
2013.12.13 21:17:04.250,0.92439,0.92452,1.00,1.10
2013.12.13 21:17:05.902,0.9244,0.92452,1.00,1.10
2013.12.13 21:17:06.283,0.9244,0.92446,1.00,1.00
2013.12.13 21:17:06.333,0.92435,0.92445,1.80,1.00
2013.12.13 21:17:06.384,0.92435,0.92445,1.00,1.00
2013.12.13 21:17:06.689,0.92432,0.92445,1.00,1.88
2013.12.13 21:17:07.309,0.92432,0.92442,1.00,1.18
2013.12.13 21:17:08.044,0.92432,0.92442,1.00,1.20
2013.12.13 21:17:15.678,0.92432,0.92446,1.00,2.93
2013.12.13 21:17:15.730,0.92432,0.92446,1.00,1.88
2013.12.13 21:17:15.781,0.92436,0.92446,1.00,1.38
2013.12.13 21:17:19.539,0.92436,0.92446,1.00,1.00
2013.12.13 21:17:31.090,0.92436,0.92445,1.00,1.00
2013.12.13 21:18:14.545,0.92436,0.92442,1.00,1.00
2013.12.13 21:18:15.830,0.92426,0.92442,3.15,1.00
2013.12.13 21:18:33.644,0.92426,0.92442,1.88,1.00
2013.12.13 21:18:47.391,0.92426,0.92441,1.38,1.00
2013.12.13 21:18:51.886,0.92426,0.92441,1.00,1.00
2013.12.13 21:18:52.474,0.92426,0.92441,1.38,1.00
2013.12.13 21:18:53.437,0.92426,0.92441,1.13,1.00
2013.12.13 21:18:54.124,0.92426,0.92442,1.88,1.00
2013.12.13 21:19:03.484,0.92426,0.9244,1.00,1.00
2013.12.13 21:19:13.615,0.92426,0.92441,1.00,1.00
2013.12.13 21:19:14.604,0.92426,0.9244,1.00,1.00
2013.12.13 21:19:14.907,0.92422,0.92438,1.13,1.00
2013.12.13 21:19:19.072,0.92422,0.92439,1.13,1.00
2013.12.13 21:19:19.585,0.92437,0.92442,1.00,1.38
2013.12.13 21:19:20.396,0.92427,0.92437,1.38,1.00
2013.12.13 21:19:20.447,0.92435,0.9244,1.00,1.38
2013.12.13 21:19:20.549,0.92422,0.92435,1.90,1.00
2013.12.13 21:19:20.599,0.92422,0.92435,1.90,1.08
2013.12.13 21:19:20.673,0.92422,0.92435,1.53,1.08
2013.12.13 21:19:20.724,0.92418,0.92432,1.00,1.50
2013.12.13 21:19:21.509,0.9242,0.92432,1.00,1.00
2013.12.13 21:19:25.371,0.92418,0.92428,1.00,1.00
2013.12.13 21:19:25.472,0.92417,0.9243,1.00,1.00
2013.12.13 21:19:47.905,0.92419,0.92432,1.00,1.00
2013.12.13 21:19:58.891,0.92419,0.92432,1.00,1.38
2013.12.13 21:20:00.806,0.92421,0.92432,1.00,1.38
2013.12.13 21:20:01.009,0.92419,0.92432,1.00,1.38
2013.12.13 21:20:07.193,0.92417,0.9243,1.00,1.13
2013.12.13 21:20:07.294,0.92415,0.92429,1.00,1.13
2013.12.13 21:20:07.497,0.92418,0.92429,1.00,1.13
2013.12.13 21:20:16.684,0.92418,0.92429,1.00,1.38
2013.12.13 21:20:16.815,0.92413,0.92425,1.00,1.13
2013.12.13 21:20:19.408,0.92413,0.92424,1.00,1.00
2013.12.13 21:20:19.460,0.92413,0.92424,1.00,1.38
2013.12.13 21:20:24.928,0.92413,0.92426,1.00,1.38
2013.12.13 21:20:25.573,0.92411,0.92425,1.00,1.38
2013.12.13 21:20:26.911,0.92411,0.92425,1.00,1.13
2013.12.13 21:20:28.854,0.92411,0.92424,1.00,1.00
2013.12.13 21:20:29.389,0.92411,0.92424,1.00,1.38
2013.12.13 21:20:32.837,0.92413,0.92425,1.00,1.38
2013.12.13 21:20:32.888,0.92413,0.92427,1.00,1.38
2013.12.13 21:20:37.791,0.92416,0.92428,1.00,1.38
2013.12.13 21:20:39.438,0.92413,0.92427,1.00,1.38
2013.12.13 21:20:49.808,0.92413,0.92424,1.00,1.00
2013.12.13 21:20:50.463,0.92413,0.92425,1.00,1.13
2013.12.13 21:20:55.054,0.92411,0.92425,1.00,1.88
2013.12.13 21:21:06.493,0.92413,0.92426,1.00,1.13
2013.12.13 21:21:16.554,0.92413,0.92427,1.50,1.13
2013.12.13 21:21:16.878,0.92415,0.92429,1.00,1.88
2013.12.13 21:21:18.628,0.92415,0.92429,1.00,1.88
2013.12.13 21:21:19.187,0.92415,0.92429,1.00,1.88
2013.12.13 21:21:19.962,0.92415,0.92429,1.00,1.88
2013.12.13 21:21:20.167,0.92415,0.92429,1.00,1.88
2013.12.13 21:21:21.599,0.92415,0.92429,1.00,1.88
2013.12.13 21:21:21.700,0.92418,0.92429,1.00,1.38
2013.12.13 21:21:21.808,0.92416,0.92429,1.00,1.38
2013.12.13 21:21:21.909,0.92416,0.92429,1.00,1.00
2013.12.13 21:21:22.141,0.92412,0.92425,1.00,1.38
2013.12.13 21:21:22.688,0.92412,0.92425,1.00,1.38
2013.12.13 21:21:22.910,0.92413,0.92427,1.50,1.13
2013.12.13 21:21:23.112,0.92416,0.92429,1.00,1.88
2013.12.13 21:21:23.860,0.92416,0.92429,1.00,1.38
2013.12.13 21:21:39.351,0.92416,0.9243,1.50,1.13
2013.12.13 21:21:51.755,0.92416,0.9243,1.50,1.50
2013.12.13 21:21:52.008,0.92416,0.9243,1.00,1.50
2013.12.13 21:22:06.570,0.92417,0.9243,1.00,1.38
2013.12.13 21:22:06.629,0.92417,0.9243,1.00,1.00
2013.12.13 21:22:06.781,0.92419,0.92433,1.00,1.88
2013.12.13 21:22:10.293,0.92419,0.92433,1.00,2.63
2013.12.13 21:22:10.344,0.92419,0.9243,1.00,1.38
2013.12.13 21:22:10.446,0.92416,0.9243,1.00,1.88
2013.12.13 21:22:10.531,0.92413,0.92427,1.50,1.38
2013.12.13 21:22:10.684,0.92413,0.92426,1.00,1.00
2013.12.13 21:22:11.200,0.92413,0.92427,1.00,1.13
2013.12.13 21:22:11.504,0.92413,0.92425,1.00,1.00
2013.12.13 21:22:12.174,0.92413,0.92425,1.00,1.38
2013.12.13 21:22:14.084,0.92413,0.92427,1.00,1.13
2013.12.13 21:22:28.553,0.92413,0.92426,1.00,1.00
2013.12.13 21:22:32.074,0.92413,0.92427,1.00,1.88
2013.12.13 21:22:35.387,0.92416,0.9243,1.50,1.38
2013.12.13 21:22:35.438,0.92416,0.9243,1.50,1.13
2013.12.13 21:22:38.532,0.92417,0.9243,1.00,1.00
2013.12.13 21:22:52.430,0.9242,0.9243,1.00,1.00
2013.12.13 21:22:52.683,0.92423,0.92436,1.00,1.00
2013.12.13 21:22:52.838,0.92434,0.9244,1.00,1.00
2013.12.13 21:22:52.891,0.92436,0.9245,1.00,2.25
2013.12.13 21:22:52.992,0.92434,0.92448,1.50,1.00
2013.12.13 21:22:53.144,0.92434,0.92447,1.00,1.13
2013.12.13 21:22:53.449,0.92434,0.92439,1.00,1.00
2013.12.13 21:22:53.500,0.92434,0.92445,1.00,1.13
2013.12.13 21:22:53.602,0.92434,0.92445,1.00,1.38
2013.12.13 21:22:53.758,0.92432,0.92446,1.00,1.88
2013.12.13 21:22:53.961,0.92432,0.92446,1.50,1.13
2013.12.13 21:22:55.579,0.92432,0.92446,1.50,1.38
2013.12.13 21:22:55.933,0.92432,0.92445,1.00,1.38
2013.12.13 21:22:56.287,0.9243,0.92444,1.00,1.95
2013.12.13 21:22:56.849,0.92428,0.92442,1.00,1.00
2013.12.13 21:22:57.359,0.92428,0.92433,1.00,1.00
2013.12.13 21:22:57.411,0.92426,0.92433,1.00,1.00
2013.12.13 21:22:57.463,0.92426,0.92431,1.00,1.00
2013.12.13 21:22:57.514,0.92422,0.92431,1.00,1.00
2013.12.13 21:22:57.565,0.92422,0.92431,1.00,1.38
2013.12.13 21:22:57.717,0.92419,0.92431,1.00,1.00
2013.12.13 21:22:57.818,0.92419,0.92431,1.00,1.38
2013.12.13 21:22:57.919,0.92419,0.92431,1.00,1.00
2013.12.13 21:22:58.020,0.92419,0.92431,1.00,1.38
2013.12.13 21:22:58.071,0.92417,0.92431,1.00,1.88
2013.12.13 21:22:58.122,0.92417,0.92431,1.00,1.50
2013.12.13 21:22:58.223,0.92417,0.92431,1.00,1.88
2013.12.13 21:22:59.035,0.92417,0.92431,1.00,1.50
2013.12.13 21:23:00.985,0.9242,0.92431,1.00,1.00
2013.12.13 21:23:01.137,0.9242,0.92433,1.00,1.00
2013.12.13 21:23:01.367,0.92422,0.92436,1.00,1.00
2013.12.13 21:23:02.873,0.92424,0.92438,1.00,1.00
2013.12.13 21:23:05.157,0.92425,0.92438,1.00,1.00
2013.12.13 21:23:06.902,0.92425,0.92436,1.00,1.75
2013.12.13 21:23:07.055,0.92421,0.92435,1.00,1.50
2013.12.13 21:23:07.607,0.92421,0.92431,1.00,1.38
2013.12.13 21:23:07.974,0.92418,0.92431,1.00,1.38
2013.12.13 21:23:08.465,0.92418,0.92431,1.00,1.00
2013.12.13 21:23:09.194,0.92419,0.92432,1.00,1.00
2013.12.13 21:23:10.474,0.92421,0.92435,1.00,1.95
2013.12.13 21:23:10.777,0.92423,0.92435,1.00,1.88
2013.12.13 21:23:11.288,0.92424,0.92435,1.00,1.50
2013.12.13 21:23:11.592,0.92429,0.92438,1.00,1.48
2013.12.13 21:23:11.845,0.92432,0.9244,1.00,1.00
2013.12.13 21:23:11.896,0.92432,0.92442,1.00,1.10
2013.12.13 21:23:12.405,0.92429,0.92442,1.00,1.00
2013.12.13 21:23:12.987,0.92429,0.92437,1.00,1.30
2013.12.13 21:23:13.038,0.92426,0.92437,1.00,1.30
2013.12.13 21:23:13.090,0.92426,0.9244,1.00,1.20
2013.12.13 21:23:13.143,0.92421,0.92434,1.00,1.00
2013.12.13 21:23:14.368,0.92422,0.92434,1.00,1.13
2013.12.13 21:23:16.226,0.92425,0.92434,1.00,1.00
2013.12.13 21:23:16.786,0.92425,0.92435,1.00,1.00
2013.12.13 21:23:20.185,0.92426,0.92435,1.00,1.00
2013.12.13 21:23:20.368,0.92426,0.92437,1.00,1.13
2013.12.13 21:23:26.081,0.92426,0.92437,1.00,1.38
2013.12.13 21:23:26.234,0.92423,0.92436,1.00,1.38
2013.12.13 21:23:26.335,0.92421,0.92435,1.00,1.48
2013.12.13 21:23:26.759,0.92418,0.92432,1.00,1.13
2013.12.13 21:23:26.861,0.9242,0.92433,1.00,1.38
2013.12.13 21:23:28.985,0.92422,0.92436,1.00,1.50
2013.12.13 21:23:29.750,0.92425,0.92439,1.00,1.00
2013.12.13 21:23:30.078,0.92428,0.92442,1.00,1.50
2013.12.13 21:23:32.476,0.92428,0.92442,1.00,1.00
2013.12.13 21:23:35.988,0.92428,0.92442,1.00,1.38
2013.12.13 21:23:36.312,0.92406,0.9242,1.00,1.13
2013.12.13 21:23:36.469,0.92403,0.92417,1.00,1.00
2013.12.13 21:23:40.852,0.92408,0.92419,1.00,1.00
2013.12.13 21:23:41.003,0.92405,0.92419,1.50,1.00
2013.12.13 21:23:41.054,0.92408,0.92422,1.00,1.00
2013.12.13 21:23:44.276,0.92408,0.92422,1.00,1.50
2013.12.13 21:23:44.479,0.92405,0.92419,1.00,1.00
2013.12.13 21:23:46.163,0.92407,0.92419,1.00,1.00
2013.12.13 21:23:46.322,0.92408,0.92422,1.00,1.00
2013.12.13 21:23:56.338,0.92408,0.92422,1.50,1.38
2013.12.13 21:24:02.641,0.92403,0.92417,1.00,1.00
2013.12.13 21:24:03.855,0.92406,0.9242,1.00,1.00
2013.12.13 21:24:05.398,0.92404,0.92418,1.00,1.00
2013.12.13 21:24:07.789,0.92407,0.92421,1.00,1.13
2013.12.13 21:24:08.309,0.92408,0.92421,1.00,1.00
2013.12.13 21:24:12.867,0.92407,0.92421,1.00,1.00
2013.12.13 21:24:41.845,0.92407,0.92419,1.00,1.00
2013.12.13 21:24:42.149,0.92409,0.92419,1.00,1.38
2013.12.13 21:24:42.676,0.92409,0.92416,1.00,1.00
2013.12.13 21:24:43.238,0.92407,0.92416,1.00,1.00
2013.12.13 21:24:49.057,0.92407,0.92419,1.00,1.00
2013.12.13 21:24:51.947,0.92407,0.92416,1.00,1.00
2013.12.13 21:24:53.347,0.92407,0.92419,1.00,1.00
2013.12.13 21:25:08.429,0.92409,0.92419,1.00,1.00
2013.12.13 21:25:08.638,0.92407,0.92419,1.00,1.00
2013.12.13 21:25:08.841,0.92409,0.92419,1.00,1.00
2013.12.13 21:25:09.194,0.92407,0.92419,1.00,1.00
2013.12.13 21:25:09.295,0.92409,0.92419,1.00,1.00
2013.12.13 21:25:09.511,0.92407,0.92419,1.00,1.00
2013.12.13 21:25:09.613,0.92409,0.92419,1.00,1.00
2013.12.13 21:25:09.815,0.92407,0.92419,1.00,1.00
2013.12.13 21:25:14.137,0.92409,0.92421,1.00,1.00
2013.12.13 21:25:14.342,0.92409,0.92423,1.50,1.50
2013.12.13 21:25:14.705,0.92409,0.92419,1.00,1.00
2013.12.13 21:25:38.615,0.92409,0.9242,1.00,1.00
2013.12.13 21:25:40.395,0.92409,0.92423,1.00,1.13
2013.12.13 21:25:40.547,0.92411,0.92425,1.00,1.75
2013.12.13 21:25:40.850,0.92417,0.92429,1.00,1.00
2013.12.13 21:25:40.951,0.92413,0.9242,1.00,1.00
2013.12.13 21:25:41.052,0.9241,0.9242,1.00,1.00
2013.12.13 21:25:41.632,0.9241,0.9242,1.00,1.38
2013.12.13 21:25:41.733,0.92408,0.9242,1.00,1.38
2013.12.13 21:25:43.699,0.92408,0.9242,1.00,1.00
2013.12.13 21:25:46.880,0.92406,0.9242,1.00,1.50
2013.12.13 21:25:50.541,0.92408,0.9242,1.00,1.00
2013.12.13 21:25:58.014,0.92408,0.92421,1.00,1.13
2013.12.13 21:26:00.868,0.92408,0.92422,1.00,1.50
2013.12.13 21:26:02.757,0.9241,0.92423,1.00,1.13
2013.12.13 21:26:03.010,0.92414,0.92428,1.00,1.00
2013.12.13 21:26:03.061,0.92417,0.9243,1.00,1.13
2013.12.13 21:26:03.365,0.92421,0.92435,1.00,1.88
2013.12.13 21:26:03.416,0.92421,0.92434,1.00,1.00
2013.12.13 21:26:03.924,0.92421,0.92435,1.00,1.00
2013.12.13 21:26:17.503,0.92418,0.92432,1.00,1.00
2013.12.13 21:26:17.806,0.92421,0.92435,1.00,1.00
2013.12.13 21:26:18.145,0.92427,0.92441,1.00,1.50
2013.12.13 21:26:18.244,0.92427,0.92441,1.00,1.00
2013.12.13 21:26:25.354,0.9243,0.92444,1.00,1.00
2013.12.13 21:26:25.658,0.92434,0.92448,1.00,1.13
2013.12.13 21:26:26.155,0.92437,0.92451,1.00,1.00
2013.12.13 21:26:31.777,0.9244,0.92452,1.00,1.00
2013.12.13 21:26:31.879,0.92446,0.92459,1.00,1.13
2013.12.13 21:26:31.980,0.92455,0.92461,1.00,1.10
2013.12.13 21:26:32.183,0.92457,0.92465,1.00,2.10
2013.12.13 21:26:32.284,0.92457,0.92467,1.00,1.00
2013.12.13 21:26:32.335,0.9246,0.9247,1.00,1.00
2013.12.13 21:26:32.537,0.9246,0.92473,1.00,1.00
2013.12.13 21:26:32.689,0.92461,0.92471,1.00,1.00
2013.12.13 21:26:32.941,0.92458,0.92471,1.00,1.00
2013.12.13 21:26:33.572,0.92457,0.92471,1.00,1.00
2013.12.13 21:26:34.878,0.92454,0.92468,1.50,1.38
2013.12.13 21:26:34.973,0.92452,0.92463,1.00,1.00
2013.12.13 21:26:35.075,0.92449,0.92463,1.50,1.50
2013.12.13 21:26:35.642,0.92449,0.92462,1.50,1.00
2013.12.13 21:26:36.163,0.92449,0.92463,1.50,1.00
2013.12.13 21:26:37.824,0.92449,0.92463,1.00,1.00
2013.12.13 21:26:38.668,0.92449,0.92461,1.00,1.00
2013.12.13 21:26:39.054,0.92449,0.92463,1.00,1.00
2013.12.13 21:26:39.105,0.92449,0.92463,1.00,1.38
2013.12.13 21:26:39.206,0.92446,0.92457,1.00,1.38
2013.12.13 21:26:39.257,0.92443,0.92457,2.25,1.88
2013.12.13 21:26:39.359,0.92439,0.92453,3.00,1.00
2013.12.13 21:26:39.410,0.92439,0.92452,1.00,1.13
2013.12.13 21:26:39.511,0.92436,0.9245,1.00,1.00
2013.12.13 21:26:39.612,0.92434,0.92448,1.00,1.00
2013.12.13 21:26:39.915,0.92428,0.92442,1.00,1.00
2013.12.13 21:26:41.000,0.92425,0.92439,1.00,1.00
2013.12.13 21:26:51.021,0.92422,0.92436,1.50,1.00
2013.12.13 21:26:51.325,0.9242,0.92434,1.00,1.00
2013.12.13 21:26:55.106,0.92418,0.92432,1.00,1.00
2013.12.13 21:27:11.074,0.9242,0.92434,1.00,1.00
2013.12.13 21:27:18.730,0.92418,0.92432,1.00,1.00
2013.12.13 21:27:19.966,0.9242,0.92433,1.00,1.00
2013.12.13 21:27:21.149,0.92418,0.92432,1.00,1.00
2013.12.13 21:27:22.296,0.9242,0.92433,1.00,1.00
2013.12.13 21:27:22.810,0.92418,0.92432,1.00,1.00
2013.12.13 21:27:26.112,0.92418,0.9243,1.00,1.00
2013.12.13 21:27:37.884,0.92419,0.92432,1.13,1.00
2013.12.13 21:27:38.249,0.9242,0.92434,1.00,1.00
2013.12.13 21:27:43.969,0.92423,0.92435,1.00,1.00
2013.12.13 21:27:46.886,0.92423,0.92434,1.00,1.00
2013.12.13 21:27:48.369,0.92421,0.92434,1.00,1.00
2013.12.13 21:27:54.922,0.92425,0.92435,1.00,1.00
2013.12.13 21:27:55.092,0.92425,0.92438,1.00,1.50
2013.12.13 21:27:55.143,0.92424,0.92431,1.00,1.00
2013.12.13 21:27:55.193,0.92422,0.92431,1.00,1.00
2013.12.13 21:27:55.395,0.92425,0.92431,1.00,1.00
2013.12.13 21:27:55.446,0.92425,0.92434,1.00,1.00
2013.12.13 21:27:55.547,0.92425,0.92437,1.00,1.00
2013.12.13 21:27:56.076,0.92425,0.92438,1.50,1.00
2013.12.13 21:27:56.685,0.92425,0.92438,1.50,1.38
2013.12.13 21:27:57.195,0.92425,0.92437,1.00,1.00
2013.12.13 21:28:14.835,0.92428,0.92437,1.00,1.00
2013.12.13 21:28:14.886,0.92428,0.9244,1.00,1.00
2013.12.13 21:28:18.377,0.92427,0.92438,1.00,1.00
2013.12.13 21:28:19.117,0.92428,0.92441,1.00,2.25
2013.12.13 21:28:19.847,0.92428,0.92438,1.00,1.00
2013.12.13 21:28:23.631,0.92425,0.92438,1.13,1.50
2013.12.13 21:28:31.664,0.92424,0.92437,2.25,1.00
2013.12.13 21:28:33.743,0.92424,0.92437,1.50,1.00
2013.12.13 21:28:33.794,0.92424,0.92435,1.00,1.00
2013.12.13 21:28:34.097,0.92421,0.92433,1.50,1.73
2013.12.13 21:28:34.644,0.92421,0.92433,1.00,1.73
2013.12.13 21:28:36.612,0.92421,0.92433,1.00,1.35
2013.12.13 21:28:37.164,0.92421,0.92433,1.00,1.73
2013.12.13 21:28:38.412,0.92419,0.9243,1.00,1.00
2013.12.13 21:28:40.160,0.92419,0.9243,1.00,1.38
2013.12.13 21:28:42.137,0.92421,0.92433,1.00,1.73
2013.12.13 21:28:44.339,0.92419,0.92431,1.00,1.38
2013.12.13 21:28:45.401,0.92419,0.92431,1.00,1.38
2013.12.13 21:28:46.343,0.92419,0.92431,1.00,1.38
2013.12.13 21:29:01.455,0.92419,0.92431,1.00,1.00
2013.12.13 21:29:09.987,0.92419,0.9243,1.00,1.00
2013.12.13 21:29:10.501,0.92419,0.92431,1.00,1.00
2013.12.13 21:29:12.163,0.92419,0.9243,1.00,1.00
2013.12.13 21:29:13.801,0.92419,0.92431,1.00,1.00
2013.12.13 21:29:22.429,0.92425,0.92431,1.00,1.00
2013.12.13 21:29:22.704,0.92419,0.92431,1.13,1.00
2013.12.13 21:29:24.372,0.92419,0.92431,1.00,1.50
2013.12.13 21:29:24.686,0.92418,0.92426,1.00,1.00
2013.12.13 21:29:24.787,0.92418,0.92431,1.50,1.50
2013.12.13 21:29:24.939,0.92418,0.92431,1.50,1.00
2013.12.13 21:29:32.284,0.9242,0.92432,1.00,1.00
2013.12.13 21:29:32.795,0.9242,0.92433,1.50,1.00
2013.12.13 21:29:34.461,0.92423,0.92433,1.00,1.00
2013.12.13 21:29:40.450,0.92423,0.92436,1.00,1.38
2013.12.13 21:29:40.552,0.92423,0.92436,1.00,1.00
2013.12.13 21:29:43.352,0.92423,0.92437,1.50,1.50
2013.12.13 21:29:45.789,0.92423,0.92434,1.00,1.00
2013.12.13 21:29:46.024,0.92423,0.92436,1.00,1.00
2013.12.13 21:29:47.702,0.92423,0.92433,1.00,1.00
2013.12.13 21:29:47.753,0.92419,0.92432,1.50,1.00
2013.12.13 21:29:51.092,0.92419,0.92431,1.00,1.00
2013.12.13 21:29:51.664,0.92419,0.92432,1.50,1.00
2013.12.13 21:29:51.816,0.92419,0.92429,1.00,1.00
2013.12.13 21:29:53.924,0.92419,0.92428,1.00,1.13
2013.12.13 21:29:56.925,0.92417,0.92429,1.00,1.38
2013.12.13 21:30:00.221,0.92417,0.92429,1.00,1.00
2013.12.13 21:30:00.323,0.92419,0.92431,1.00,1.13
2013.12.13 21:30:01.200,0.92419,0.92432,1.00,1.00
2013.12.13 21:30:04.460,0.9242,0.92433,1.00,1.00
2013.12.13 21:30:24.126,0.9242,0.92433,1.00,1.38
2013.12.13 21:30:24.177,0.92416,0.92432,1.00,1.50
2013.12.13 21:30:24.698,0.92417,0.92433,1.00,1.75
2013.12.13 21:30:25.283,0.92416,0.92432,1.00,1.50
2013.12.13 21:30:29.871,0.92412,0.92428,1.00,1.00
2013.12.13 21:30:38.042,0.92412,0.92428,1.00,1.38
2013.12.13 21:30:38.144,0.92415,0.92431,1.00,1.50
2013.12.13 21:30:38.195,0.92415,0.92431,1.00,1.13
2013.12.13 21:30:41.842,0.92415,0.92431,1.00,1.50
2013.12.13 21:30:42.145,0.92414,0.92425,1.00,1.50
2013.12.13 21:30:45.641,0.92415,0.92431,1.00,1.50
2013.12.13 21:30:53.960,0.92417,0.92433,1.00,1.00
2013.12.13 21:30:54.263,0.92414,0.9243,1.50,1.00
2013.12.13 21:30:56.429,0.92414,0.9243,1.00,1.00
2013.12.13 21:30:58.630,0.92421,0.92434,1.00,1.00
2013.12.13 21:30:58.934,0.92414,0.92425,2.03,1.50
2013.12.13 21:30:59.087,0.92414,0.92425,1.00,1.50
2013.12.13 21:30:59.138,0.92414,0.92429,1.00,1.00
2013.12.13 21:30:59.391,0.92414,0.92427,1.00,1.00
2013.12.13 21:30:59.643,0.92414,0.9243,1.00,1.38
2013.12.13 21:31:00.191,0.92414,0.9243,1.00,1.00
2013.12.13 21:31:14.040,0.92414,0.9243,1.50,1.00
2013.12.13 21:31:14.343,0.92418,0.92431,1.00,1.00
2013.12.13 21:31:16.093,0.92421,0.92434,1.00,1.13
2013.12.13 21:31:29.253,0.92418,0.92431,1.00,1.00
2013.12.13 21:31:42.344,0.92422,0.92436,1.00,1.00
2013.12.13 21:31:42.547,0.92418,0.92432,1.50,1.00
2013.12.13 21:31:43.205,0.92418,0.92432,1.00,1.00
2013.12.13 21:31:44.100,0.92421,0.92436,1.00,1.00
2013.12.13 21:31:48.598,0.92421,0.92436,1.08,1.00
2013.12.13 21:31:56.822,0.9242,0.92434,1.65,1.00
2013.12.13 21:31:59.082,0.92425,0.92434,1.88,1.00
2013.12.13 21:31:59.133,0.92425,0.92439,2.63,1.00
2013.12.13 21:31:59.284,0.92423,0.92435,1.58,1.00
2013.12.13 21:31:59.827,0.9242,0.92435,1.65,1.00
2013.12.13 21:32:09.050,0.92421,0.92435,1.93,1.00
2013.12.13 21:32:09.303,0.92422,0.92435,1.10,1.00
2013.12.13 21:32:09.506,0.92425,0.92435,1.50,1.00
2013.12.13 21:32:09.607,0.92422,0.92435,1.10,1.00
2013.12.13 21:32:16.278,0.92425,0.92435,1.00,1.00
2013.12.13 21:32:19.166,0.92425,0.92439,2.63,1.00
2013.12.13 21:32:23.143,0.92425,0.92435,1.00,1.00
2013.12.13 21:32:23.670,0.92424,0.92435,1.10,1.00
2013.12.13 21:32:24.566,0.92422,0.92435,1.10,1.00
2013.12.13 21:32:24.768,0.92419,0.92434,2.03,1.00
2013.12.13 21:32:25.531,0.9242,0.92435,1.10,1.00
2013.12.13 21:32:26.100,0.92425,0.92444,1.00,1.28
2013.12.13 21:32:26.354,0.92425,0.92446,1.38,1.28
2013.12.13 21:32:26.961,0.92425,0.92446,1.75,1.28
2013.12.13 21:32:34.380,0.92428,0.92444,1.00,1.85
2013.12.13 21:32:34.748,0.92425,0.92442,1.00,1.75
2013.12.13 21:32:36.152,0.92424,0.92442,1.00,1.75
2013.12.13 21:32:39.109,0.92425,0.92446,1.00,4.50
2013.12.13 21:32:39.211,0.92425,0.92446,1.50,3.38
2013.12.13 21:32:40.294,0.92425,0.92446,1.50,1.20
2013.12.13 21:32:40.430,0.92427,0.92448,1.38,1.90
2013.12.13 21:32:42.364,0.92432,0.92449,1.38,2.63
2013.12.13 21:32:42.466,0.92432,0.92449,1.38,1.00
2013.12.13 21:32:46.112,0.92434,0.92451,3.00,1.00
2013.12.13 21:32:49.078,0.92442,0.92456,1.00,1.18
2013.12.13 21:32:49.651,0.92442,0.92456,1.00,1.00
2013.12.13 21:32:51.830,0.92446,0.9246,1.00,1.10
2013.12.13 21:33:04.163,0.9245,0.92464,1.00,1.38
2013.12.13 21:33:04.728,0.9245,0.92464,1.00,1.00
2013.12.13 21:33:09.207,0.92449,0.92463,1.00,1.00
2013.12.13 21:33:12.583,0.92449,0.92463,1.00,2.25
2013.12.13 21:33:12.735,0.92445,0.92457,1.58,1.00
2013.12.13 21:33:12.786,0.92442,0.92457,1.00,1.00
2013.12.13 21:33:13.922,0.92443,0.92457,1.00,1.00
2013.12.13 21:33:13.973,0.92445,0.9246,1.00,1.00
2013.12.13 21:33:14.139,0.92448,0.9246,1.00,1.00
2013.12.13 21:33:14.444,0.9245,0.92463,1.00,1.75
2013.12.13 21:33:14.494,0.9245,0.92465,1.00,2.25
2013.12.13 21:33:16.190,0.92448,0.92462,1.00,1.00
2013.12.13 21:33:17.688,0.92448,0.92457,1.00,1.50
2013.12.13 21:33:18.092,0.92442,0.92457,1.10,1.00
2013.12.13 21:33:18.193,0.92442,0.92457,2.33,1.00
2013.12.13 21:33:18.244,0.92448,0.92462,1.00,1.00
2013.12.13 21:33:18.345,0.92443,0.92457,2.40,1.00
2013.12.13 21:33:18.849,0.92443,0.92457,1.18,1.00
2013.12.13 21:33:24.099,0.92445,0.9246,1.00,1.00
2013.12.13 21:33:28.610,0.92443,0.92455,1.18,1.50
2013.12.13 21:33:28.713,0.92446,0.92461,1.00,1.75
2013.12.13 21:33:29.231,0.92446,0.92461,1.38,1.00
2013.12.13 21:33:29.282,0.9245,0.92465,1.00,2.25
2013.12.13 21:33:29.333,0.9245,0.92465,1.00,3.00
2013.12.13 21:33:29.384,0.92446,0.92461,1.50,1.00
2013.12.13 21:33:29.937,0.92445,0.9246,1.10,1.00
2013.12.13 21:33:34.079,0.92446,0.92464,1.00,1.00
2013.12.13 21:33:34.692,0.92446,0.92464,1.38,1.00
2013.12.13 21:33:39.124,0.92449,0.92464,1.55,1.00
2013.12.13 21:33:39.177,0.92451,0.92468,1.38,1.00
2013.12.13 21:33:39.430,0.92452,0.92468,2.03,1.00
2013.12.13 21:33:42.386,0.92452,0.92468,1.65,1.00
2013.12.13 21:33:43.364,0.92452,0.92468,1.50,1.00
2013.12.13 21:33:46.399,0.92452,0.92466,1.13,1.00
2013.12.13 21:33:46.502,0.92452,0.92468,1.00,1.00
2013.12.13 21:33:49.026,0.92455,0.9247,1.00,1.00
2013.12.13 21:33:49.353,0.92457,0.9247,1.00,1.00
2013.12.13 21:33:59.138,0.92457,0.9247,1.75,1.00
2013.12.13 21:33:59.189,0.92457,0.92472,2.40,1.00
2013.12.13 21:33:59.810,0.92457,0.92472,1.50,1.00
2013.12.13 21:34:01.021,0.92458,0.92472,1.00,1.00
2013.12.13 21:34:09.487,0.92458,0.92471,1.50,1.00
2013.12.13 21:34:14.079,0.92458,0.92471,2.25,1.00
2013.12.13 21:34:14.130,0.92462,0.92475,1.00,1.50
2013.12.13 21:34:14.233,0.92458,0.92472,2.25,1.00
2013.12.13 21:34:14.735,0.92458,0.92472,1.50,1.00
2013.12.13 21:34:18.427,0.92456,0.92471,1.10,1.00
2013.12.13 21:34:18.948,0.92455,0.92471,1.00,1.00
2013.12.13 21:34:24.192,0.92456,0.92471,1.13,1.00
2013.12.13 21:34:24.345,0.92458,0.92472,1.00,1.00
2013.12.13 21:34:34.161,0.92461,0.92475,1.00,1.00
2013.12.13 21:34:34.702,0.92461,0.92474,1.00,1.00
2013.12.13 21:34:36.650,0.92462,0.92475,1.00,2.25
2013.12.13 21:34:37.436,0.92456,0.9247,1.00,1.00
2013.12.13 21:34:44.228,0.9246,0.92474,1.00,1.18
2013.12.13 21:34:44.739,0.9246,0.92474,1.00,1.00
2013.12.13 21:35:04.351,0.9246,0.92473,1.00,1.00
2013.12.13 21:35:10.846,0.92457,0.9247,1.00,1.00
2013.12.13 21:35:23.535,0.92458,0.92471,1.00,1.00
2013.12.13 21:35:23.843,0.92452,0.92466,1.58,1.00
2013.12.13 21:35:23.944,0.92452,0.92466,1.00,1.00
2013.12.13 21:35:26.900,0.9246,0.92474,1.00,1.65
2013.12.13 21:35:27.253,0.92453,0.92467,1.75,1.00
2013.12.13 21:35:27.304,0.92452,0.92467,1.00,1.00
2013.12.13 21:35:28.113,0.92463,0.92475,1.00,2.63
2013.12.13 21:35:28.265,0.92458,0.92467,1.00,1.00
2013.12.13 21:35:28.368,0.92451,0.92467,1.38,1.00
2013.12.13 21:35:30.447,0.92453,0.92473,1.50,1.00
2013.12.13 21:35:36.581,0.92457,0.92477,1.00,1.88
2013.12.13 21:35:39.306,0.92457,0.92477,1.00,1.15
2013.12.13 21:35:39.845,0.92457,0.92477,1.00,1.18
2013.12.13 21:35:41.368,0.92457,0.92477,1.00,1.88
2013.12.13 21:35:43.977,0.92458,0.92477,1.00,1.88
2013.12.13 21:35:51.536,0.92461,0.92477,1.00,1.45
2013.12.13 21:35:51.779,0.92461,0.92479,1.00,1.45
2013.12.13 21:36:00.680,0.9246,0.92476,1.00,1.08
2013.12.13 21:36:21.237,0.92461,0.92476,1.00,1.15
2013.12.13 21:36:28.396,0.92457,0.92472,1.00,1.00
2013.12.13 21:36:28.499,0.92458,0.92476,1.00,1.15
2013.12.13 21:36:28.752,0.92457,0.92472,1.00,1.00
2013.12.13 21:36:32.023,0.9246,0.92474,1.00,1.00
2013.12.13 21:36:37.884,0.92462,0.92477,1.00,1.15
2013.12.13 21:36:46.172,0.92463,0.92478,1.00,1.88
2013.12.13 21:36:51.666,0.92459,0.92477,1.00,1.15
2013.12.13 21:36:51.768,0.92459,0.92476,1.00,1.45
2013.12.13 21:37:04.107,0.92462,0.92476,1.00,1.45
2013.12.13 21:37:06.190,0.92461,0.92476,1.00,1.45
2013.12.13 21:37:18.640,0.92458,0.92476,1.00,1.88
2013.12.13 21:37:23.590,0.92459,0.92476,1.00,1.45
2013.12.13 21:37:24.139,0.92459,0.92475,1.00,1.45
2013.12.13 21:37:26.332,0.92456,0.9247,1.00,1.00
2013.12.13 21:37:27.374,0.92456,0.9247,1.00,1.18
2013.12.13 21:37:30.506,0.92459,0.92472,1.00,1.88
2013.12.13 21:37:30.607,0.92459,0.92472,1.00,1.18
2013.12.13 21:37:31.400,0.92458,0.92471,1.00,1.10
2013.12.13 21:37:39.635,0.92456,0.9247,1.00,1.00
2013.12.13 21:37:50.329,0.92455,0.92469,1.00,1.00
2013.12.13 21:38:00.796,0.92455,0.92469,1.00,1.18
2013.12.13 21:38:18.366,0.92452,0.92466,1.13,1.00
2013.12.13 21:38:25.055,0.92453,0.92467,1.00,1.00
2013.12.13 21:38:26.254,0.92456,0.9247,1.00,1.15
2013.12.13 21:38:26.956,0.92454,0.92467,1.00,1.00
2013.12.13 21:38:27.583,0.92454,0.92467,1.00,1.18
2013.12.13 21:38:28.066,0.92454,0.92467,1.00,2.40
2013.12.13 21:38:28.269,0.92451,0.92465,1.00,1.55
2013.12.13 21:38:32.586,0.92451,0.92462,1.00,1.75
2013.12.13 21:38:32.687,0.92447,0.9246,1.00,1.88
2013.12.13 21:38:40.565,0.92449,0.9246,1.00,1.38
2013.12.13 21:38:45.097,0.92448,0.9246,1.00,1.55
2013.12.13 21:38:45.149,0.92448,0.92464,1.00,1.65
2013.12.13 21:38:51.594,0.92448,0.92464,1.00,2.03
2013.12.13 21:38:52.390,0.92448,0.92464,1.00,1.55
2013.12.13 21:38:52.491,0.9245,0.92466,1.00,2.63
2013.12.13 21:38:52.794,0.92448,0.92464,1.00,1.55
2013.12.13 21:38:56.074,0.9245,0.92464,1.00,1.55
2013.12.13 21:38:56.125,0.9245,0.92464,1.00,1.55
2013.12.13 21:38:56.434,0.9245,0.92464,1.00,1.55
2013.12.13 21:39:00.806,0.9245,0.92464,1.00,1.00
2013.12.13 21:39:00.857,0.92452,0.92464,1.00,1.00
2013.12.13 21:39:01.687,0.92452,0.92468,1.00,1.65
2013.12.13 21:39:01.788,0.92452,0.92468,1.00,1.65
2013.12.13 21:39:02.660,0.92452,0.92468,1.00,1.65
2013.12.13 21:39:04.855,0.92452,0.92468,1.00,1.55
2013.12.13 21:39:05.210,0.92453,0.92469,1.00,2.25
2013.12.13 21:39:05.463,0.9245,0.92466,1.00,3.00
2013.12.13 21:39:19.518,0.92447,0.92463,1.00,1.48
2013.12.13 21:39:25.882,0.92446,0.92462,1.00,1.13
2013.12.13 21:39:28.633,0.92449,0.92465,1.00,1.53
2013.12.13 21:39:34.919,0.92449,0.92464,1.00,1.83
2013.12.13 21:39:53.383,0.92437,0.92465,1.88,3.00
2013.12.13 21:39:53.636,0.92436,0.92455,1.75,1.38
2013.12.13 21:39:53.687,0.92436,0.92455,1.00,1.38
2013.12.13 21:39:53.788,0.92431,0.92455,1.13,1.38
2013.12.13 21:39:53.839,0.92431,0.92442,1.13,1.75
2013.12.13 21:39:53.991,0.92426,0.92441,1.00,1.13
2013.12.13 21:39:55.588,0.92419,0.92446,1.13,1.28
2013.12.13 21:39:55.690,0.92419,0.92444,1.13,1.50
2013.12.13 21:39:55.892,0.92413,0.92425,1.00,1.38
2013.12.13 21:39:55.943,0.92413,0.92426,1.00,1.38
2013.12.13 21:39:56.145,0.92406,0.92422,1.50,1.38
2013.12.13 21:39:57.795,0.92406,0.92414,1.00,1.38
2013.12.13 21:39:58.099,0.92395,0.92404,1.00,1.88
2013.12.13 21:39:58.200,0.92391,0.92401,1.00,1.00
2013.12.13 21:39:58.301,0.92391,0.92416,1.00,1.75
2013.12.13 21:39:58.352,0.92382,0.92399,1.75,1.00
2013.12.13 21:39:58.656,0.92391,0.92406,1.00,1.50
2013.12.13 21:39:58.908,0.92385,0.92401,1.00,1.38
2013.12.13 21:39:59.343,0.92383,0.92399,1.00,1.38
2013.12.13 21:39:59.877,0.92375,0.92388,1.65,1.00
2013.12.13 21:40:00.029,0.92372,0.92386,1.45,1.00
2013.12.13 21:40:00.080,0.92372,0.92386,1.45,1.00
2013.12.13 21:40:00.130,0.92369,0.92383,1.00,1.00
2013.12.13 21:40:00.282,0.92382,0.92394,1.00,1.13
2013.12.13 21:40:00.333,0.92386,0.92398,1.00,1.88
2013.12.13 21:40:00.643,0.92386,0.92401,1.00,1.13
2013.12.13 21:40:00.898,0.92391,0.92402,1.00,1.38
2013.12.13 21:40:01.613,0.92391,0.92404,1.00,1.38
2013.12.13 21:40:03.394,0.92391,0.92404,1.00,1.38
2013.12.13 21:40:09.117,0.92395,0.92405,1.00,1.50
2013.12.13 21:40:09.320,0.924,0.92409,1.00,1.00
2013.12.13 21:40:09.421,0.92399,0.92416,1.00,1.00
2013.12.13 21:40:09.523,0.92399,0.92431,1.00,1.83
2013.12.13 21:40:10.160,0.92399,0.9243,1.00,1.53
2013.12.13 21:40:10.442,0.92399,0.92429,1.00,1.18
2013.12.13 21:40:11.374,0.92399,0.92429,1.00,1.10
2013.12.13 21:40:12.731,0.92399,0.9243,1.00,1.20
2013.12.13 21:40:14.317,0.924,0.9243,1.38,1.20
2013.12.13 21:40:14.469,0.92403,0.92434,1.18,1.38
2013.12.13 21:40:18.276,0.92404,0.92434,1.00,1.20
2013.12.13 21:40:24.904,0.92404,0.92434,1.10,1.48
2013.12.13 21:40:26.622,0.92401,0.92434,2.20,1.10
2013.12.13 21:40:28.162,0.92402,0.9244,2.03,1.83
2013.12.13 21:40:28.265,0.92404,0.92442,1.83,1.88
2013.12.13 21:40:28.568,0.92404,0.92436,1.45,1.38
2013.12.13 21:40:30.383,0.92404,0.92436,1.45,1.00
2013.12.13 21:40:31.175,0.92406,0.92439,1.28,1.48
2013.12.13 21:40:31.523,0.92408,0.92439,1.75,1.10
2013.12.13 21:40:32.142,0.92408,0.92426,1.75,1.13
2013.12.13 21:40:32.448,0.92408,0.92424,1.75,1.38
2013.12.13 21:40:33.060,0.92405,0.92424,1.85,1.38
2013.12.13 21:40:35.415,0.92406,0.92427,1.93,1.38
2013.12.13 21:40:35.465,0.92406,0.92427,1.93,1.00
2013.12.13 21:40:35.521,0.92406,0.92438,1.93,1.38
2013.12.13 21:40:35.572,0.92406,0.92439,1.93,1.50
2013.12.13 21:40:36.900,0.92406,0.92439,1.83,2.55
2013.12.13 21:40:37.406,0.92405,0.92441,1.75,1.13
2013.12.13 21:40:37.788,0.92405,0.92439,1.75,1.45
2013.12.13 21:40:42.861,0.92406,0.92439,1.75,1.95
2013.12.13 21:40:43.649,0.92406,0.92439,2.25,1.95
2013.12.13 21:40:47.331,0.92406,0.92439,2.25,2.33
2013.12.13 21:40:50.191,0.92404,0.92431,2.40,1.50
2013.12.13 21:40:50.911,0.92404,0.92429,1.58,1.00
2013.12.13 21:40:56.290,0.92409,0.92429,1.00,1.00
2013.12.13 21:41:27.450,0.92409,0.92432,1.13,1.13
2013.12.13 21:41:56.604,0.92404,0.92432,1.95,1.13
2013.12.13 21:41:59.222,0.92406,0.92432,1.28,1.13
2013.12.13 21:42:02.843,0.92406,0.9243,2.03,1.00
2013.12.13 21:42:04.401,0.92408,0.9243,1.13,1.00
2013.12.13 21:42:14.038,0.92408,0.92431,1.20,1.00
2013.12.13 21:42:18.265,0.92407,0.9243,1.13,1.00
2013.12.13 21:42:20.309,0.92409,0.92433,1.38,1.50
2013.12.13 21:42:21.109,0.92409,0.92433,1.13,1.50
2013.12.13 21:42:22.911,0.92409,0.92433,1.50,1.50
2013.12.13 21:42:23.630,0.92417,0.92435,1.00,2.40
2013.12.13 21:42:24.188,0.92417,0.92437,1.00,1.58
2013.12.13 21:42:24.858,0.92421,0.92437,1.00,1.20
2013.12.13 21:42:29.047,0.92417,0.92433,1.38,1.00
2013.12.13 21:42:29.098,0.92417,0.92433,1.00,1.00
2013.12.13 21:42:29.200,0.92417,0.92432,1.00,1.38
2013.12.13 21:42:29.251,0.92415,0.9243,1.13,1.38
2013.12.13 21:42:29.352,0.92408,0.92425,1.00,1.48
2013.12.13 21:42:29.605,0.92405,0.92422,1.00,1.13
2013.12.13 21:42:31.037,0.92405,0.92422,1.00,1.20
2013.12.13 21:42:31.140,0.92405,0.92416,1.00,1.00
2013.12.13 21:42:36.603,0.92402,0.92416,1.00,1.00
2013.12.13 21:42:46.080,0.92404,0.92416,1.00,1.00
2013.12.13 21:42:46.390,0.92409,0.92416,1.00,1.00
2013.12.13 21:42:46.491,0.92409,0.92419,1.00,1.00
2013.12.13 21:42:46.542,0.92409,0.92422,1.00,1.00
2013.12.13 21:42:46.593,0.92409,0.92429,1.00,1.15
2013.12.13 21:42:48.489,0.924,0.92415,1.13,1.00
2013.12.13 21:42:48.541,0.92398,0.92415,1.13,1.00
2013.12.13 21:42:48.662,0.92401,0.9242,1.00,1.00
2013.12.13 21:42:48.713,0.92401,0.92426,1.00,1.50
2013.12.13 21:42:48.815,0.92396,0.92414,1.38,1.00
2013.12.13 21:42:48.865,0.92396,0.92414,1.13,1.00
2013.12.13 21:42:48.916,0.92399,0.9242,1.00,1.00
2013.12.13 21:42:49.462,0.92399,0.92424,1.00,1.20
2013.12.13 21:42:50.159,0.92395,0.92418,1.38,1.00
2013.12.13 21:42:50.520,0.92395,0.92416,1.00,1.00
2013.12.13 21:42:51.868,0.92395,0.92416,1.38,1.00
2013.12.13 21:42:52.019,0.92399,0.92423,1.13,1.88
2013.12.13 21:42:54.651,0.92399,0.92423,1.13,1.15
2013.12.13 21:42:55.930,0.92392,0.92422,1.38,1.55
2013.12.13 21:42:58.395,0.92392,0.92422,1.00,1.55
2013.12.13 21:42:58.446,0.92392,0.92422,1.00,2.25
2013.12.13 21:42:58.749,0.92399,0.92427,1.38,2.10
2013.12.13 21:43:03.078,0.92407,0.92427,1.00,1.45
2013.12.13 21:43:03.381,0.92417,0.92434,1.38,2.25
2013.12.13 21:43:03.432,0.92417,0.92435,1.38,1.13
2013.12.13 21:43:03.483,0.92417,0.92436,1.38,1.65
2013.12.13 21:43:04.009,0.92417,0.92437,1.38,1.23
2013.12.13 21:43:18.255,0.92417,0.92441,1.38,1.28
2013.12.13 21:43:18.762,0.92417,0.92441,1.38,1.53
2013.12.13 21:43:20.338,0.92418,0.92439,1.38,2.78
2013.12.13 21:43:47.490,0.92419,0.92437,1.38,1.08
2013.12.13 21:43:47.742,0.92417,0.92437,1.38,1.15
2013.12.13 21:43:48.927,0.92417,0.92437,1.38,1.10
2013.12.13 21:43:53.964,0.92419,0.92437,1.00,1.10
2013.12.13 21:43:54.502,0.9242,0.92439,1.13,1.38
2013.12.13 21:44:01.013,0.9242,0.9244,1.38,1.38
2013.12.13 21:44:09.069,0.92418,0.92442,1.38,1.38
2013.12.13 21:44:14.147,0.92422,0.92444,1.00,1.38
2013.12.13 21:44:14.451,0.92422,0.92444,1.38,1.88
2013.12.13 21:44:19.086,0.92422,0.92444,1.38,1.00
2013.12.13 21:44:19.138,0.92422,0.92448,1.38,1.65
2013.12.13 21:44:19.189,0.92422,0.92448,1.38,1.73
2013.12.13 21:44:19.492,0.92422,0.92447,1.38,1.00
2013.12.13 21:44:20.064,0.92422,0.92448,1.38,1.00
2013.12.13 21:44:24.037,0.92417,0.92449,2.63,1.00
2013.12.13 21:44:24.139,0.92419,0.92449,1.50,1.00
2013.12.13 21:44:24.657,0.92425,0.9245,1.48,1.00
2013.12.13 21:44:31.063,0.92425,0.92449,1.48,1.00
2013.12.13 21:44:31.164,0.92425,0.92449,1.38,1.00
2013.12.13 21:44:31.215,0.92418,0.92447,2.03,1.00
2013.12.13 21:44:31.445,0.92416,0.92445,1.38,1.00
2013.12.13 21:44:31.748,0.92414,0.92447,1.53,1.00
2013.12.13 21:44:39.893,0.92417,0.92449,1.38,1.10
2013.12.13 21:44:41.856,0.92417,0.92449,1.38,1.10
2013.12.13 21:44:44.877,0.92414,0.92441,1.53,1.00
2013.12.13 21:44:44.928,0.92414,0.92441,1.53,1.00
2013.12.13 21:44:44.979,0.92414,0.92438,1.53,1.00
2013.12.13 21:44:48.906,0.92414,0.92442,1.38,1.00
2013.12.13 21:44:49.008,0.92414,0.92442,1.75,1.00
2013.12.13 21:44:49.311,0.92434,0.92438,1.00,1.00
2013.12.13 21:44:49.362,0.92427,0.92438,1.13,1.00
2013.12.13 21:44:49.564,0.9243,0.92438,1.00,1.00
2013.12.13 21:44:49.716,0.9243,0.92443,1.38,1.00
2013.12.13 21:44:49.919,0.92436,0.92448,1.38,1.00
2013.12.13 21:44:50.334,0.92428,0.92446,1.20,1.00
2013.12.13 21:44:50.486,0.92425,0.92438,1.00,1.00
2013.12.13 21:44:54.075,0.92434,0.92444,1.00,1.38
2013.12.13 21:44:54.227,0.92436,0.92445,1.00,1.38
2013.12.13 21:44:54.329,0.92427,0.92439,2.63,1.00
2013.12.13 21:44:54.430,0.92427,0.92439,1.85,1.00
2013.12.13 21:44:54.481,0.92427,0.92439,1.10,1.00
2013.12.13 21:44:54.532,0.92425,0.92446,1.08,1.38
2013.12.13 21:44:54.583,0.92425,0.92446,1.00,1.38
2013.12.13 21:44:59.057,0.92425,0.92446,1.75,1.38
2013.12.13 21:44:59.360,0.92425,0.9244,1.85,1.00
2013.12.13 21:44:59.461,0.92425,0.92446,1.75,1.38
2013.12.13 21:44:59.512,0.92425,0.92446,1.00,1.38
2013.12.13 21:45:00.294,0.92425,0.92446,1.00,1.75
2013.12.13 21:45:00.345,0.92415,0.92438,1.80,1.13
2013.12.13 21:45:00.519,0.9241,0.92438,1.13,1.00
2013.12.13 21:45:00.570,0.92405,0.92438,1.50,1.00
2013.12.13 21:45:00.672,0.92405,0.9244,1.50,1.00
2013.12.13 21:45:01.183,0.92405,0.92442,1.83,2.03
2013.12.13 21:45:01.536,0.92404,0.92442,2.48,3.00
2013.12.13 21:45:03.856,0.92404,0.92442,1.45,2.25
2013.12.13 21:45:04.108,0.92401,0.9244,1.45,1.83
2013.12.13 21:45:09.057,0.92401,0.92436,1.65,1.55
2013.12.13 21:45:09.108,0.92403,0.92436,1.58,1.45
2013.12.13 21:45:09.411,0.92403,0.92436,1.45,1.38
2013.12.13 21:45:16.764,0.92403,0.92436,1.83,1.38
2013.12.13 21:45:23.325,0.92403,0.92436,1.83,1.38
2013.12.13 21:45:23.477,0.92404,0.92441,1.53,1.45
2013.12.13 21:45:23.578,0.92406,0.92442,1.83,1.28
2013.12.13 21:45:24.095,0.92406,0.92442,1.83,1.28
2013.12.13 21:45:24.449,0.92408,0.92442,1.50,1.13
2013.12.13 21:45:24.549,0.92406,0.92442,1.83,1.28
2013.12.13 21:45:29.148,0.92408,0.92442,1.55,1.28
2013.12.13 21:45:29.507,0.92411,0.92442,1.83,1.13
2013.12.13 21:45:34.067,0.92413,0.92442,1.45,1.13
2013.12.13 21:45:34.431,0.92413,0.9244,1.45,1.00
2013.12.13 21:45:44.132,0.92413,0.92446,1.45,1.38
2013.12.13 21:45:44.233,0.92415,0.92446,1.13,1.38
2013.12.13 21:45:49.207,0.92418,0.92446,1.45,1.38
2013.12.13 21:45:50.849,0.92416,0.92446,1.45,1.38
2013.12.13 21:45:51.001,0.9242,0.92446,1.08,1.38
2013.12.13 21:45:53.946,0.92417,0.92446,1.45,1.38
2013.12.13 21:45:59.108,0.92424,0.92453,1.75,1.48
2013.12.13 21:45:59.209,0.92429,0.92453,1.00,1.38
2013.12.13 21:45:59.259,0.92425,0.92453,1.10,1.38
2013.12.13 21:45:59.361,0.92417,0.92453,1.83,1.48
2013.12.13 21:46:04.119,0.92423,0.92453,1.38,1.38
2013.12.13 21:46:12.387,0.92422,0.92456,1.88,1.45
2013.12.13 21:46:12.437,0.92422,0.92456,1.10,1.53
2013.12.13 21:46:14.051,0.92419,0.92456,1.83,1.53
2013.12.13 21:46:14.153,0.92424,0.92456,1.38,1.45
2013.12.13 21:46:16.446,0.92419,0.92456,1.88,1.55
2013.12.13 21:46:24.108,0.92419,0.92456,2.25,1.55
2013.12.13 21:46:24.209,0.92426,0.92456,1.45,1.38
2013.12.13 21:46:25.737,0.92421,0.92456,1.45,1.48
2013.12.13 21:46:27.845,0.92421,0.92449,1.45,1.00
2013.12.13 21:46:29.109,0.92423,0.92449,1.88,1.00
2013.12.13 21:46:29.419,0.92426,0.92454,1.45,1.38
2013.12.13 21:46:39.129,0.92428,0.92454,1.45,1.38
2013.12.13 21:46:44.226,0.92428,0.92463,1.45,1.95
2013.12.13 21:46:44.774,0.92428,0.92463,2.10,1.95
2013.12.13 21:46:45.351,0.92429,0.92463,1.45,1.38
2013.12.13 21:46:48.186,0.92429,0.92461,1.50,1.38
2013.12.13 21:46:48.287,0.92437,0.92461,1.08,1.38
2013.12.13 21:46:48.389,0.92437,0.92461,1.15,1.13
2013.12.13 21:46:48.490,0.92438,0.92466,1.15,1.88
2013.12.13 21:46:48.541,0.9244,0.92466,1.13,1.88
2013.12.13 21:46:48.844,0.92442,0.9247,1.45,1.38
2013.12.13 21:46:49.500,0.92442,0.92465,1.38,1.38
2013.12.13 21:46:49.550,0.92437,0.92465,1.50,1.38
2013.12.13 21:46:54.124,0.92443,0.92469,1.00,1.38
2013.12.13 21:46:54.327,0.92437,0.9247,1.83,1.38
2013.12.13 21:46:55.008,0.92438,0.92469,1.83,1.38
2013.12.13 21:46:58.505,0.9244,0.92469,1.50,1.38
2013.12.13 21:46:59.073,0.92439,0.92469,1.83,1.38
2013.12.13 21:46:59.124,0.92438,0.92469,1.53,1.38
2013.12.13 21:46:59.175,0.92439,0.92469,1.50,1.38
2013.12.13 21:46:59.377,0.92437,0.92469,1.83,1.38
2013.12.13 21:46:59.630,0.9244,0.92469,1.43,1.38
2013.12.13 21:47:01.919,0.92443,0.92469,1.10,1.00
2013.12.13 21:47:01.969,0.92448,0.92469,1.00,1.00
2013.12.13 21:47:02.275,0.92442,0.92469,1.43,1.38
2013.12.13 21:47:02.327,0.9244,0.92469,1.55,1.38
2013.12.13 21:47:02.479,0.92444,0.92469,1.00,1.38
2013.12.13 21:47:02.682,0.92451,0.92479,1.16,1.00
2013.12.13 21:47:02.734,0.92451,0.92481,1.53,1.13
2013.12.13 21:47:02.784,0.92451,0.92481,2.24,1.13
2013.12.13 21:47:03.872,0.9245,0.92483,2.25,1.38
2013.12.13 21:47:04.567,0.9245,0.92483,1.65,1.38
2013.12.13 21:47:08.327,0.9245,0.92483,1.65,1.38
2013.12.13 21:47:08.631,0.9245,0.92479,1.15,1.38
2013.12.13 21:47:12.498,0.9245,0.92483,2.25,1.00
2013.12.13 21:47:12.700,0.92452,0.92487,1.55,1.55
2013.12.13 21:47:13.247,0.92452,0.92487,1.55,1.63
2013.12.13 21:47:19.003,0.92452,0.92487,1.55,1.55
2013.12.13 21:47:19.054,0.92452,0.92487,2.25,1.48
2013.12.13 21:47:19.277,0.92454,0.92492,2.25,2.10
2013.12.13 21:47:22.904,0.92457,0.92492,1.48,1.45
2013.12.13 21:47:28.239,0.92459,0.92492,1.00,1.45
2013.12.13 21:47:28.749,0.92459,0.92494,1.18,1.28
2013.12.13 21:47:28.901,0.92464,0.92496,2.18,1.75
2013.12.13 21:47:28.952,0.92464,0.92499,3.38,1.10
2013.12.13 21:47:29.052,0.92467,0.92501,2.63,1.00
2013.12.13 21:47:29.103,0.92467,0.92501,2.63,1.00
2013.12.13 21:47:29.204,0.92471,0.92504,1.65,1.00
2013.12.13 21:47:29.918,0.92469,0.92504,1.75,1.88
2013.12.13 21:47:34.379,0.92471,0.92504,1.88,1.00
2013.12.13 21:47:34.695,0.92472,0.92507,1.53,1.18
2013.12.13 21:47:34.897,0.92472,0.92507,1.08,1.88
2013.12.13 21:47:34.948,0.9247,0.92504,1.55,1.18
2013.12.13 21:47:35.881,0.9247,0.92504,1.18,1.55
2013.12.13 21:47:36.198,0.92468,0.92498,1.45,1.38
2013.12.13 21:47:36.299,0.92465,0.92498,1.10,1.55
2013.12.13 21:47:38.122,0.92462,0.92496,1.55,1.55
2013.12.13 21:47:38.659,0.92462,0.92496,1.55,1.28
2013.12.13 21:47:39.064,0.92462,0.92496,1.55,1.28
2013.12.13 21:47:39.598,0.92471,0.92503,1.53,1.38
2013.12.13 21:47:39.649,0.92471,0.92503,1.53,1.38
2013.12.13 21:47:43.895,0.9247,0.92503,2.03,1.38
2013.12.13 21:47:43.945,0.9247,0.92503,2.03,1.38
2013.12.13 21:47:46.256,0.9247,0.92502,1.53,1.38
2013.12.13 21:47:48.084,0.9247,0.92502,1.53,1.38
2013.12.13 21:47:48.235,0.9247,0.92503,1.53,1.38
2013.12.13 21:47:56.476,0.9247,0.92502,1.08,1.38
2013.12.13 21:47:56.578,0.9247,0.92499,1.00,1.38
2013.12.13 21:47:59.694,0.92475,0.92499,1.50,1.38
2013.12.13 21:47:59.745,0.92475,0.92499,1.50,1.38
2013.12.13 21:48:01.733,0.92475,0.92499,1.50,1.38
2013.12.13 21:48:03.923,0.9247,0.92499,1.00,1.38
2013.12.13 21:48:03.975,0.9247,0.92499,1.00,1.38
2013.12.13 21:48:09.872,0.9247,0.92496,1.08,1.38
2013.12.13 21:48:10.376,0.9247,0.92496,1.18,1.38
2013.12.13 21:48:10.860,0.9247,0.92496,1.88,1.38
2013.12.13 21:48:12.733,0.92472,0.92496,1.45,1.38
2013.12.13 21:48:13.330,0.92473,0.92496,1.10,1.38
2013.12.13 21:48:13.640,0.92473,0.92496,1.10,1.38
2013.12.13 21:48:15.044,0.92475,0.92496,1.10,1.38
2013.12.13 21:48:15.145,0.92481,0.92499,1.00,1.38
2013.12.13 21:48:18.123,0.92481,0.92499,1.00,1.38
2013.12.13 21:48:18.914,0.92481,0.92499,1.00,1.38
2013.12.13 21:48:19.663,0.92475,0.92499,3.38,1.38
2013.12.13 21:48:28.125,0.92476,0.92505,1.15,1.88
2013.12.13 21:48:28.226,0.92481,0.92505,1.00,1.88
2013.12.13 21:48:28.483,0.92481,0.92505,1.00,1.88
2013.12.13 21:48:28.585,0.92481,0.92505,1.00,1.88
2013.12.13 21:48:31.049,0.9248,0.92505,1.00,1.88
2013.12.13 21:48:31.828,0.92479,0.92505,1.00,1.88
2013.12.13 21:48:33.311,0.92481,0.92505,1.00,1.88
2013.12.13 21:48:33.614,0.92481,0.92505,1.00,1.88
2013.12.13 21:48:33.665,0.92481,0.92505,1.00,1.88
2013.12.13 21:48:36.132,0.92481,0.92495,1.00,1.50
2013.12.13 21:48:36.234,0.92471,0.92495,1.00,1.50
2013.12.13 21:48:37.393,0.92471,0.92495,1.00,1.88
2013.12.13 21:48:39.175,0.92471,0.92493,1.00,1.38
2013.12.13 21:48:39.276,0.92475,0.92496,1.50,1.00
2013.12.13 21:48:39.327,0.92475,0.925,1.50,1.50
2013.12.13 21:48:39.377,0.92471,0.92495,1.10,1.50
2013.12.13 21:48:39.479,0.92466,0.92494,1.38,1.00
2013.12.13 21:48:39.580,0.92465,0.92494,1.10,1.38
2013.12.13 21:48:40.549,0.92461,0.92494,1.50,1.38
2013.12.13 21:48:40.853,0.92456,0.92494,1.45,2.63
2013.12.13 21:48:41.357,0.92457,0.92487,1.13,1.38
2013.12.13 21:48:41.883,0.92457,0.92487,1.45,1.38
2013.12.13 21:48:44.082,0.92457,0.92487,1.83,1.38
2013.12.13 21:48:44.233,0.92466,0.92493,1.38,1.00
2013.12.13 21:48:44.284,0.92469,0.92495,1.38,1.00
2013.12.13 21:48:44.335,0.92469,0.925,1.45,1.38
2013.12.13 21:48:44.386,0.92469,0.92495,1.45,1.00
2013.12.13 21:48:44.487,0.92466,0.92495,1.18,1.00
2013.12.13 21:48:44.638,0.92467,0.92498,1.88,1.00
2013.12.13 21:48:44.840,0.92467,0.92501,1.45,1.00
2013.12.13 21:48:53.424,0.92467,0.92498,1.45,1.00
2013.12.13 21:48:54.322,0.92467,0.92501,1.83,1.00
2013.12.13 21:49:03.758,0.92469,0.92501,1.50,1.00
2013.12.13 21:49:14.663,0.92467,0.92495,1.53,1.50
2013.12.13 21:49:14.815,0.92467,0.92501,1.83,1.00
2013.12.13 21:49:17.033,0.92467,0.92498,1.83,1.00
2013.12.13 21:49:17.134,0.92467,0.92502,1.83,1.00
2013.12.13 21:49:27.164,0.92465,0.92502,1.88,1.00
2013.12.13 21:49:27.467,0.92477,0.92505,1.00,1.50
2013.12.13 21:49:27.895,0.92479,0.92505,1.00,1.50
2013.12.13 21:49:30.032,0.9248,0.92505,1.00,1.50
2013.12.13 21:49:30.635,0.92481,0.92505,1.00,1.50
2013.12.13 21:49:34.537,0.92483,0.92505,1.00,1.50
2013.12.13 21:49:34.903,0.92475,0.92505,1.50,1.50
2013.12.13 21:49:35.869,0.92477,0.92505,1.00,1.50
2013.12.13 21:49:38.830,0.92475,0.92505,1.50,1.50
2013.12.13 21:49:43.720,0.92472,0.92508,1.13,1.00
2013.12.13 21:49:44.255,0.92476,0.92508,1.00,1.00
2013.12.13 21:49:44.406,0.92473,0.92508,1.00,1.00
2013.12.13 21:49:47.358,0.92473,0.92509,2.25,1.00
2013.12.13 21:49:47.511,0.92483,0.92518,1.38,1.00
2013.12.13 21:49:55.498,0.92483,0.92516,1.38,1.00
2013.12.13 21:49:59.128,0.92485,0.92516,1.38,1.00
2013.12.13 21:49:59.330,0.92483,0.92521,1.75,1.00
2013.12.13 21:49:59.381,0.92483,0.92518,1.38,1.00
2013.12.13 21:49:59.891,0.92483,0.92518,1.38,1.38
2013.12.13 21:50:00.043,0.92482,0.92518,1.00,1.38
2013.12.13 21:50:00.457,0.92475,0.92516,1.10,1.00
2013.12.13 21:50:03.262,0.92474,0.92516,2.03,1.00
2013.12.13 21:50:05.287,0.92477,0.92518,1.00,1.38
2013.12.13 21:50:07.487,0.92479,0.92518,1.00,1.38
2013.12.13 21:50:07.639,0.9248,0.92524,1.00,1.38
2013.12.13 21:50:07.942,0.9248,0.92524,1.43,1.38
2013.12.13 21:50:08.351,0.92479,0.92524,2.40,1.00
2013.12.13 21:50:08.698,0.92479,0.92532,2.40,1.38
2013.12.13 21:50:08.808,0.92479,0.92525,2.40,1.00
2013.12.13 21:50:09.163,0.92479,0.92525,1.38,1.88
2013.12.13 21:50:09.361,0.92479,0.92525,1.00,1.88
2013.12.13 21:50:09.801,0.92479,0.92525,1.08,1.88
2013.12.13 21:50:09.852,0.92479,0.92525,1.53,1.50
2013.12.13 21:50:09.953,0.92479,0.92532,1.65,1.85
2013.12.13 21:50:13.163,0.92479,0.92533,1.15,1.93
2013.12.13 21:50:13.364,0.92483,0.92533,1.48,1.75
2013.12.13 21:50:13.465,0.92483,0.92533,1.10,1.75
2013.12.13 21:50:13.567,0.92477,0.92533,1.28,1.90
2013.12.13 21:50:14.198,0.92502,0.92533,0.75,1.55
2013.12.13 21:50:14.443,0.92483,0.92527,2.25,1.00
2013.12.13 21:50:14.752,0.92485,0.92534,1.65,1.38
2013.12.13 21:50:14.954,0.92485,0.92527,1.65,1.00
2013.12.13 21:50:15.267,0.92485,0.92534,1.65,1.38
2013.12.13 21:50:16.228,0.92483,0.92533,2.25,1.88
2013.12.13 21:50:16.450,0.92483,0.92535,2.25,1.83
2013.12.13 21:50:17.309,0.92485,0.92534,1.38,1.90
2013.12.13 21:50:18.188,0.92482,0.92533,1.13,1.93
2013.12.13 21:50:18.604,0.92482,0.92533,1.13,1.93
2013.12.13 21:50:22.335,0.92483,0.92531,1.20,1.38
2013.12.13 21:50:22.487,0.92475,0.92524,2.25,1.48
2013.12.13 21:50:22.641,0.92478,0.92524,1.00,1.48
2013.12.13 21:50:25.401,0.92476,0.9252,1.90,1.00
2013.12.13 21:50:25.451,0.92477,0.92532,1.28,2.63
2013.12.13 21:50:25.990,0.92477,0.92532,1.28,2.63
2013.12.13 21:50:28.320,0.92476,0.92531,1.90,1.90
2013.12.13 21:50:28.962,0.92475,0.92524,1.88,1.38
2013.12.13 21:50:32.598,0.92477,0.92524,1.38,1.00
2013.12.13 21:50:32.699,0.92477,0.92527,2.93,1.48
2013.12.13 21:50:32.800,0.92478,0.9253,1.88,1.50
2013.12.13 21:50:33.002,0.92477,0.92523,1.50,1.38
2013.12.13 21:50:34.662,0.92477,0.92523,1.75,1.38
2013.12.13 21:50:36.424,0.9248,0.92523,1.38,1.38
2013.12.13 21:50:36.525,0.92495,0.92523,1.38,1.00
2013.12.13 21:50:36.626,0.92495,0.92524,1.38,1.38
2013.12.13 21:50:36.828,0.92495,0.92522,1.38,1.00
2013.12.13 21:50:36.879,0.92495,0.92524,1.38,1.00
2013.12.13 21:50:37.082,0.92481,0.92523,2.25,1.00
2013.12.13 21:50:37.235,0.92481,0.92526,1.13,1.00
2013.12.13 21:50:37.336,0.92481,0.92526,1.13,1.38
2013.12.13 21:50:44.132,0.92485,0.92526,1.00,1.00
2013.12.13 21:50:44.183,0.92478,0.92526,1.85,1.00
2013.12.13 21:50:44.486,0.92478,0.92524,1.80,1.88
2013.12.13 21:50:54.309,0.92477,0.92522,1.88,1.88
2013.12.13 21:50:54.461,0.92479,0.9253,2.93,2.33
2013.12.13 21:50:54.512,0.92479,0.9253,3.00,2.25
2013.12.13 21:50:57.037,0.92482,0.92531,1.85,1.88
2013.12.13 21:51:01.522,0.92497,0.92532,1.00,1.00
2013.12.13 21:51:01.573,0.92497,0.92532,1.38,1.00
2013.12.13 21:51:01.674,0.92497,0.92536,1.38,1.38
2013.12.13 21:51:01.967,0.92501,0.92535,1.13,1.13
2013.12.13 21:51:05.228,0.92497,0.92536,1.38,1.38
2013.12.13 21:51:07.981,0.92497,0.92536,1.75,1.00
2013.12.13 21:51:08.133,0.92501,0.92536,1.38,1.00
2013.12.13 21:51:08.184,0.92501,0.92543,1.38,1.38
2013.12.13 21:51:10.123,0.92499,0.92543,1.75,1.38
2013.12.13 21:51:13.019,0.92499,0.9254,1.75,1.00
2013.12.13 21:51:13.120,0.92498,0.92539,1.38,1.38
2013.12.13 21:51:13.653,0.92498,0.92536,1.38,1.00
2013.12.13 21:51:17.197,0.92502,0.92539,1.38,1.38
2013.12.13 21:51:17.248,0.92507,0.92539,1.38,1.00
2013.12.13 21:51:17.299,0.92507,0.92542,1.38,1.00
2013.12.13 21:51:17.908,0.92503,0.92542,1.38,1.38
2013.12.13 21:51:17.958,0.925,0.92544,1.38,1.50
2013.12.13 21:51:26.436,0.92507,0.92544,1.38,1.13
2013.12.13 21:51:27.186,0.92507,0.92543,1.38,1.00
2013.12.13 21:51:28.408,0.92507,0.92543,1.38,1.00
2013.12.13 21:51:28.510,0.92507,0.92543,1.38,1.38
2013.12.13 21:51:34.779,0.925,0.92543,1.38,1.38
2013.12.13 21:51:54.905,0.925,0.92544,1.75,1.38
2013.12.13 21:51:56.653,0.925,0.92544,1.38,1.38
2013.12.13 21:51:56.704,0.925,0.92542,1.00,1.38
2013.12.13 21:51:57.007,0.92497,0.92538,1.00,1.00
2013.12.13 21:51:57.109,0.92493,0.92541,1.13,1.38
2013.12.13 21:52:01.881,0.92491,0.92542,1.13,1.00
2013.12.13 21:52:01.932,0.92499,0.92542,1.75,1.00
2013.12.13 21:52:02.510,0.92499,0.92544,1.75,1.38
2013.12.13 21:52:04.400,0.925,0.92544,1.75,1.00
2013.12.13 21:52:05.580,0.92496,0.92544,1.13,1.13
2013.12.13 21:52:05.682,0.92496,0.92544,1.13,1.13
2013.12.13 21:52:06.020,0.92503,0.92544,2.25,1.00
2013.12.13 21:52:09.421,0.92509,0.92544,1.50,1.00
2013.12.13 21:52:10.842,0.92509,0.92544,1.75,1.00
2013.12.13 21:52:13.479,0.92512,0.92544,1.00,1.00
2013.12.13 21:52:28.019,0.92513,0.92544,1.00,1.00
2013.12.13 21:52:47.793,0.92513,0.92544,1.38,1.00
2013.12.13 21:52:48.047,0.92517,0.92546,1.13,1.00
2013.12.13 21:52:48.148,0.92519,0.92546,1.13,1.00
2013.12.13 21:52:48.350,0.92523,0.92547,1.00,2.16
2013.12.13 21:52:48.553,0.92515,0.92546,1.75,1.00
2013.12.13 21:52:50.679,0.92511,0.92546,1.50,1.00
2013.12.13 21:52:52.862,0.9251,0.92546,1.75,1.00
2013.12.13 21:52:53.520,0.92512,0.92546,1.38,1.00
2013.12.13 21:52:58.099,0.92513,0.92546,1.00,1.10
2013.12.13 21:52:58.656,0.92514,0.92546,1.00,1.10
2013.12.13 21:53:00.801,0.92512,0.92546,1.13,1.00
2013.12.13 21:53:01.830,0.92513,0.92546,1.00,1.10
2013.12.13 21:53:02.341,0.92511,0.92546,1.38,1.10
2013.12.13 21:53:05.082,0.92511,0.92546,1.00,1.20
2013.12.13 21:53:05.183,0.92509,0.92545,1.00,1.00
2013.12.13 21:53:05.233,0.92509,0.92541,1.00,1.00
2013.12.13 21:53:05.873,0.92509,0.9254,1.50,1.00
2013.12.13 21:53:06.453,0.92511,0.92544,1.00,1.00
2013.12.13 21:53:06.655,0.92511,0.92546,1.00,1.13
2013.12.13 21:53:12.018,0.92513,0.92546,1.00,1.13
2013.12.13 21:53:12.235,0.9251,0.92546,1.00,1.13
2013.12.13 21:53:12.854,0.92511,0.92546,1.00,1.13
2013.12.13 21:53:20.499,0.92512,0.92546,1.00,1.00
2013.12.13 21:53:21.904,0.92512,0.92546,1.00,1.38
2013.12.13 21:53:26.324,0.92513,0.92546,1.00,1.38
2013.12.13 21:53:27.051,0.92512,0.92546,1.00,1.38
2013.12.13 21:53:29.330,0.92513,0.92546,1.00,1.38
2013.12.13 21:53:29.381,0.92513,0.92546,1.88,1.00
2013.12.13 21:53:29.533,0.92515,0.92546,1.00,1.00
2013.12.13 21:53:29.836,0.92515,0.92546,1.38,1.00
2013.12.13 21:53:30.803,0.92515,0.92546,1.38,1.00
2013.12.13 21:53:31.336,0.92521,0.92546,1.00,1.00
2013.12.13 21:53:32.051,0.92522,0.92546,1.00,1.00
2013.12.13 21:53:33.249,0.92521,0.92546,1.00,1.00
2013.12.13 21:53:34.706,0.92523,0.92546,1.00,1.00
2013.12.13 21:53:36.877,0.92524,0.92546,1.00,1.00
2013.12.13 21:53:37.378,0.92524,0.92546,1.38,1.00
2013.12.13 21:53:37.782,0.92521,0.92546,1.38,1.00
2013.12.13 21:53:39.315,0.92522,0.92549,1.13,1.66
2013.12.13 21:53:39.466,0.92515,0.92549,1.38,1.66
2013.12.13 21:53:39.568,0.92534,0.92549,0.38,1.66
2013.12.13 21:53:39.923,0.92523,0.92555,1.00,2.16
2013.12.13 21:53:39.974,0.92514,0.92549,1.38,1.66
2013.12.13 21:53:40.075,0.92522,0.92549,1.00,1.66
2013.12.13 21:53:40.328,0.9252,0.92579,2.25,1.38
2013.12.13 21:53:40.479,0.9254,0.92585,1.00,1.38
2013.12.13 21:53:40.581,0.92541,0.92582,1.75,1.00
2013.12.13 21:53:40.836,0.92541,0.92585,1.75,1.38
2013.12.13 21:53:40.887,0.92541,0.92585,1.75,1.00
2013.12.13 21:53:40.988,0.92545,0.92588,1.00,1.38
2013.12.13 21:53:41.444,0.9255,0.9259,1.00,1.00
2013.12.13 21:53:41.747,0.92555,0.92595,1.38,1.00
2013.12.13 21:53:41.798,0.92556,0.926,1.13,1.38
2013.12.13 21:53:42.563,0.92545,0.92597,3.00,1.00
2013.12.13 21:53:42.615,0.92545,0.92594,1.75,1.00
2013.12.13 21:53:42.720,0.92546,0.926,3.00,1.00
2013.12.13 21:53:42.972,0.92546,0.926,3.00,1.38
2013.12.13 21:53:44.588,0.92547,0.926,1.38,1.38
2013.12.13 21:53:47.197,0.92545,0.92598,1.38,1.50
2013.12.13 21:53:47.641,0.92547,0.92598,1.38,1.50
2013.12.13 21:53:49.797,0.92545,0.92602,1.75,1.75
2013.12.13 21:53:50.150,0.92547,0.92602,1.38,1.75
2013.12.13 21:53:50.453,0.92545,0.92602,1.75,1.75
2013.12.13 21:53:50.779,0.92547,0.92602,1.38,1.75
2013.12.13 21:53:56.807,0.92547,0.92602,1.38,1.38
2013.12.13 21:53:57.139,0.92547,0.92602,1.38,1.38
2013.12.13 21:53:57.585,0.92547,0.92602,1.38,1.38
2013.12.13 21:53:58.458,0.92547,0.92602,1.88,1.00
2013.12.13 21:53:58.610,0.92547,0.92602,2.63,1.38
2013.12.13 21:54:01.769,0.92547,0.92583,1.38,1.00
2013.12.13 21:54:01.870,0.92547,0.9258,1.00,1.00
2013.12.13 21:54:01.921,0.92543,0.9258,1.00,1.00
2013.12.13 21:54:02.991,0.92542,0.9258,1.00,1.00
2013.12.13 21:54:08.677,0.92542,0.9258,1.88,1.00
2013.12.13 21:54:08.779,0.92547,0.92595,1.75,1.13
2013.12.13 21:54:08.981,0.92543,0.92584,1.88,1.00
2013.12.13 21:54:09.304,0.92543,0.9258,1.88,1.00
2013.12.13 21:54:09.355,0.92543,0.92585,1.88,1.00
2013.12.13 21:54:09.463,0.92543,0.92582,1.88,1.00
2013.12.13 21:54:09.928,0.92546,0.92582,1.00,1.00
2013.12.13 21:54:11.305,0.92547,0.92582,1.00,1.00
2013.12.13 21:54:11.879,0.92548,0.92582,1.00,1.00
2013.12.13 21:54:12.307,0.92554,0.92584,1.00,1.00
2013.12.13 21:54:12.815,0.92553,0.92584,1.00,1.00
2013.12.13 21:54:13.744,0.92554,0.92584,1.00,1.00
2013.12.13 21:54:14.047,0.9256,0.92587,1.00,1.00
2013.12.13 21:54:14.097,0.9256,0.92598,1.00,1.38
2013.12.13 21:54:14.148,0.9256,0.92598,1.00,1.00
2013.12.13 21:54:14.837,0.92561,0.92598,1.00,1.00
2013.12.13 21:54:16.520,0.92561,0.92598,1.00,1.38
2013.12.13 21:54:17.071,0.9256,0.92598,1.00,1.38
2013.12.13 21:54:19.017,0.92559,0.92598,1.00,1.38
2013.12.13 21:54:19.537,0.9256,0.92598,1.00,1.38
2013.12.13 21:54:19.905,0.92548,0.92598,1.88,1.38
2013.12.13 21:54:19.956,0.92548,0.92598,1.38,1.38
2013.12.13 21:54:23.087,0.92565,0.92595,1.00,1.38
2013.12.13 21:54:23.139,0.92565,0.92595,1.00,1.00
2013.12.13 21:54:23.340,0.92565,0.92596,1.00,1.38
2013.12.13 21:54:23.390,0.92546,0.92596,1.38,1.38
2013.12.13 21:54:23.441,0.92546,0.92596,1.00,1.38
2013.12.13 21:54:23.744,0.92552,0.92594,1.00,1.38
2013.12.13 21:54:23.845,0.92538,0.92594,1.38,1.38
2013.12.13 21:54:24.099,0.92538,0.92598,1.38,1.75
2013.12.13 21:54:25.188,0.92542,0.92598,1.00,1.75
2013.12.13 21:54:25.491,0.92532,0.92585,1.00,1.38
2013.12.13 21:54:30.178,0.92531,0.92578,1.00,1.38
2013.12.13 21:54:32.067,0.92532,0.92574,1.00,1.38
2013.12.13 21:54:33.018,0.92532,0.92574,1.38,1.00
2013.12.13 21:54:33.069,0.92532,0.92578,1.38,1.13
2013.12.13 21:54:33.730,0.92537,0.92593,1.00,1.88
2013.12.13 21:54:34.274,0.92538,0.92593,1.00,1.88
2013.12.13 21:54:34.375,0.92538,0.92593,1.38,1.88
2013.12.13 21:54:36.337,0.92554,0.92599,1.00,1.38
2013.12.13 21:54:36.387,0.92554,0.92599,1.38,1.38
2013.12.13 21:54:36.617,0.92554,0.92603,1.38,1.38
2013.12.13 21:54:36.668,0.92546,0.92603,1.13,1.88
2013.12.13 21:54:43.274,0.92541,0.9258,1.13,0.38
2013.12.13 21:54:44.046,0.92541,0.92603,1.50,1.88
2013.12.13 21:54:45.330,0.92549,0.92607,1.75,1.38
2013.12.13 21:54:45.381,0.92561,0.92604,1.75,1.00
2013.12.13 21:54:45.482,0.92567,0.92604,2.25,1.00
2013.12.13 21:54:45.896,0.92558,0.92604,1.38,1.13
2013.12.13 21:54:46.048,0.92564,0.92604,1.00,1.13
2013.12.13 21:54:46.272,0.92556,0.92604,1.38,1.13
2013.12.13 21:54:55.686,0.92557,0.92593,1.38,1.00
2013.12.13 21:54:55.737,0.92557,0.92593,1.00,1.00
2013.12.13 21:54:55.839,0.92557,0.9259,1.38,1.00
2013.12.13 21:54:56.142,0.92557,0.92601,1.38,1.00
2013.12.13 21:54:58.106,0.92555,0.92603,1.38,1.00
2013.12.13 21:54:58.158,0.92555,0.92603,1.00,1.75
2013.12.13 21:54:58.310,0.92547,0.926,1.13,1.50
2013.12.13 21:54:59.760,0.92547,0.926,1.00,1.50
2013.12.13 21:55:00.520,0.92546,0.92599,1.00,1.38
2013.12.13 21:55:00.840,0.92549,0.92598,1.00,1.38
2013.12.13 21:55:01.146,0.92549,0.9259,1.00,1.38
2013.12.13 21:55:02.078,0.92549,0.9259,1.00,1.38
2013.12.13 21:55:02.970,0.92545,0.9259,1.00,1.38
2013.12.13 21:55:04.038,0.92545,0.92589,1.00,1.38
2013.12.13 21:55:04.433,0.92545,0.92576,1.00,1.00
2013.12.13 21:55:05.396,0.92545,0.9258,1.00,1.38
2013.12.13 21:55:07.866,0.92537,0.92579,1.00,1.38
2013.12.13 21:55:08.843,0.92537,0.92578,1.00,1.38
2013.12.13 21:55:14.199,0.92537,0.92578,1.00,1.13
2013.12.13 21:55:14.350,0.92537,0.92578,1.38,1.00
2013.12.13 21:55:14.401,0.92537,0.92583,1.38,1.13
2013.12.13 21:55:18.276,0.92531,0.9258,1.38,1.00
2013.12.13 21:55:18.478,0.92531,0.9258,1.38,1.75
2013.12.13 21:55:19.386,0.92541,0.9258,0.38,1.00
2013.12.13 21:55:19.487,0.92527,0.92585,1.38,1.88
2013.12.13 21:55:29.785,0.92525,0.92583,1.38,1.38
2013.12.13 21:55:31.593,0.92542,0.92583,0.38,1.38
2013.12.13 21:55:31.695,0.92525,0.92585,1.38,1.38
2013.12.13 21:55:33.736,0.92537,0.92585,1.38,1.38
2013.12.13 21:55:38.347,0.92537,0.92587,1.00,1.38
2013.12.13 21:55:42.892,0.9253,0.92585,1.13,2.25
2013.12.13 21:55:43.813,0.92533,0.92585,1.00,2.25
2013.12.13 21:55:45.136,0.92529,0.92583,1.38,1.75
2013.12.13 21:55:47.426,0.92529,0.92587,1.75,1.38
2013.12.13 21:55:47.729,0.92543,0.92584,1.00,1.38
2013.12.13 21:55:50.592,0.92543,0.92584,1.00,1.38
2013.12.13 21:55:53.377,0.92543,0.92584,1.00,1.00
2013.12.13 21:55:53.580,0.92543,0.92589,1.38,1.38
2013.12.13 21:55:54.437,0.92543,0.92604,1.75,1.38
2013.12.13 21:55:56.420,0.92543,0.92587,1.75,0.38
2013.12.13 21:56:00.792,0.92545,0.92605,2.25,1.38
2013.12.13 21:56:00.893,0.92547,0.92605,1.75,1.38
2013.12.13 21:56:02.324,0.92541,0.9261,1.75,1.38
2013.12.13 21:56:02.866,0.92541,0.9261,1.75,1.38
2013.12.13 21:56:04.074,0.92541,0.9261,1.75,1.38
2013.12.13 21:56:04.506,0.92577,0.92593,0.38,0.38
2013.12.13 21:56:04.607,0.92557,0.92617,1.75,1.38
2013.12.13 21:56:04.809,0.92568,0.92618,1.38,1.38
2013.12.13 21:56:07.666,0.92571,0.92618,1.38,1.38
2013.12.13 21:56:07.768,0.92571,0.92621,1.38,1.38
2013.12.13 21:56:08.021,0.92573,0.92623,1.38,1.38
2013.12.13 21:56:08.575,0.92573,0.92623,1.88,1.38
2013.12.13 21:56:09.670,0.92573,0.92623,2.25,1.38
2013.12.13 21:56:10.675,0.92575,0.92625,1.50,1.38
2013.12.13 21:56:14.265,0.92575,0.92625,1.38,1.38
2013.12.13 21:56:15.406,0.9257,0.92623,1.75,1.38
2013.12.13 21:56:17.114,0.92582,0.92629,1.00,1.50
2013.12.13 21:56:17.166,0.92582,0.92629,1.38,1.50
2013.12.13 21:56:17.714,0.92582,0.92628,1.38,1.00
2013.12.13 21:56:20.205,0.92582,0.92628,1.38,1.50
2013.12.13 21:56:20.316,0.92582,0.92628,1.13,1.50
2013.12.13 21:56:21.082,0.92586,0.92628,1.00,1.00
2013.12.13 21:56:21.413,0.92584,0.92628,1.00,1.00
2013.12.13 21:56:21.977,0.92583,0.92627,1.00,1.00
2013.12.13 21:56:23.017,0.92583,0.92628,1.00,1.50
2013.12.13 21:56:24.514,0.92583,0.92625,1.00,1.00
2013.12.13 21:56:26.460,0.92587,0.92625,1.00,1.00
2013.12.13 21:56:27.695,0.92587,0.9263,1.00,1.00
2013.12.13 21:56:27.746,0.92591,0.9263,1.00,1.00
2013.12.13 21:56:28.129,0.92589,0.92626,1.00,1.00
2013.12.13 21:56:34.519,0.92589,0.92632,1.00,1.38
2013.12.13 21:56:35.307,0.92588,0.92637,1.00,1.38
2013.12.13 21:56:37.525,0.92587,0.92637,1.00,1.38
2013.12.13 21:56:37.844,0.92587,0.92643,1.00,1.88
2013.12.13 21:56:40.342,0.92587,0.92643,1.00,1.88
2013.12.13 21:56:40.392,0.92582,0.92643,1.00,1.88
2013.12.13 21:56:41.760,0.9258,0.9264,1.88,1.38
2013.12.13 21:56:44.206,0.9258,0.92643,1.38,1.38
2013.12.13 21:56:45.386,0.92581,0.92645,1.38,1.38
2013.12.13 21:56:45.690,0.92583,0.92634,1.00,1.38
2013.12.13 21:56:47.339,0.9258,0.92634,1.38,1.00
2013.12.13 21:56:47.591,0.92583,0.92646,1.38,1.38
2013.12.13 21:56:49.304,0.92583,0.92646,1.38,1.38
2013.12.13 21:56:53.386,0.92583,0.92629,1.00,1.00
2013.12.13 21:56:53.690,0.9258,0.92627,1.38,1.00
2013.12.13 21:56:53.741,0.9258,0.92631,1.38,2.25
2013.12.13 21:56:54.295,0.92579,0.9263,1.38,1.00
2013.12.13 21:56:55.001,0.9258,0.92631,1.38,2.25
2013.12.13 21:57:00.769,0.9258,0.92631,1.00,1.88
2013.12.13 21:57:00.870,0.92577,0.92629,1.00,1.38
2013.12.13 21:57:00.921,0.92577,0.92624,1.00,1.00
2013.12.13 21:57:02.343,0.92574,0.92624,1.13,1.00
2013.12.13 21:57:02.683,0.92583,0.92624,1.00,1.00
2013.12.13 21:57:02.966,0.9258,0.92624,1.00,1.00
2013.12.13 21:57:03.324,0.9258,0.92624,1.00,1.38
2013.12.13 21:57:03.625,0.9258,0.92624,1.00,1.00
2013.12.13 21:57:03.777,0.9258,0.92629,1.00,1.00
2013.12.13 21:57:04.312,0.9258,0.92628,1.00,1.00
2013.12.13 21:57:04.682,0.92583,0.92627,1.00,1.00
2013.12.13 21:57:05.225,0.92583,0.92632,1.00,2.63
2013.12.13 21:57:06.597,0.92583,0.92632,1.00,1.00
2013.12.13 21:57:06.698,0.92583,0.92638,1.00,1.38
2013.12.13 21:57:08.537,0.92583,0.92644,1.38,1.38
2013.12.13 21:57:14.587,0.92589,0.92641,1.38,1.00
2013.12.13 21:57:14.890,0.92595,0.9265,1.00,1.38
2013.12.13 21:57:16.406,0.92602,0.92649,1.00,1.38
2013.12.13 21:57:16.748,0.92617,0.92649,1.00,1.00
2013.12.13 21:57:17.200,0.92609,0.92647,1.00,1.13
2013.12.13 21:57:17.301,0.92609,0.92644,1.00,1.00
2013.12.13 21:57:18.190,0.92609,0.92644,1.00,1.38
2013.12.13 21:57:18.241,0.92585,0.92644,1.00,1.38
2013.12.13 21:57:18.292,0.92585,0.92644,1.00,1.38
2013.12.13 21:57:18.394,0.92583,0.92644,1.00,1.38
2013.12.13 21:57:18.546,0.92587,0.92644,1.00,1.38
2013.12.13 21:57:18.834,0.92587,0.92644,1.00,1.38
2013.12.13 21:57:21.263,0.92587,0.92644,1.00,1.38
2013.12.13 21:57:21.364,0.92579,0.92644,1.00,1.38
2013.12.13 21:57:22.158,0.92585,0.92638,1.00,1.38
2013.12.13 21:57:22.259,0.92585,0.92645,1.00,1.38
2013.12.13 21:57:22.315,0.92591,0.92645,1.00,1.38
2013.12.13 21:57:22.773,0.92595,0.92648,1.00,1.38
2013.12.13 21:57:22.824,0.92595,0.92649,1.00,1.38
2013.12.13 21:57:23.026,0.9259,0.92649,1.00,1.38
2013.12.13 21:57:25.014,0.9259,0.92649,1.00,1.38
2013.12.13 21:57:27.314,0.9259,0.92649,1.00,1.88
2013.12.13 21:57:27.365,0.92585,0.92649,1.00,1.88
2013.12.13 21:57:27.416,0.92578,0.92645,1.13,1.38
2013.12.13 21:57:27.770,0.92577,0.92644,1.00,1.38
2013.12.13 21:57:29.930,0.92577,0.92644,1.00,1.38
2013.12.13 21:57:30.245,0.92579,0.92642,1.00,1.38
2013.12.13 21:57:30.590,0.92581,0.92642,1.00,1.38
2013.12.13 21:57:30.985,0.92583,0.92642,1.00,1.38
2013.12.13 21:57:31.154,0.92583,0.92645,1.00,2.63
2013.12.13 21:57:33.598,0.92583,0.92623,1.00,1.00
2013.12.13 21:57:33.912,0.92579,0.92632,1.00,1.38
2013.12.13 21:57:34.855,0.92573,0.92613,1.00,1.00
2013.12.13 21:57:34.905,0.92573,0.9261,1.00,1.00
2013.12.13 21:57:35.208,0.92573,0.9261,1.38,1.00
2013.12.13 21:57:35.309,0.92575,0.92616,1.38,1.00
2013.12.13 21:57:35.360,0.92575,0.92638,1.38,1.38
2013.12.13 21:57:37.265,0.92568,0.92638,1.38,1.38
2013.12.13 21:57:37.567,0.92558,0.92631,1.38,1.88
2013.12.13 21:57:38.891,0.92558,0.92603,1.00,0.38
2013.12.13 21:57:39.240,0.92547,0.92588,1.38,1.00
2013.12.13 21:57:39.291,0.92553,0.92602,1.13,1.00
2013.12.13 21:57:39.749,0.92553,0.92622,1.13,1.38
2013.12.13 21:57:41.718,0.92553,0.92622,1.38,1.38
2013.12.13 21:57:43.067,0.92545,0.92621,1.88,1.38
2013.12.13 21:57:43.816,0.92545,0.92626,1.00,1.00
2013.12.13 21:57:43.919,0.92525,0.92624,1.00,1.00
2013.12.13 21:57:44.020,0.92527,0.92624,1.00,1.00
2013.12.13 21:57:46.255,0.92535,0.92624,1.00,1.00
2013.12.13 21:57:46.668,0.92537,0.92624,1.00,1.00
2013.12.13 21:57:47.225,0.92537,0.92623,1.00,1.00
2013.12.13 21:57:47.557,0.92537,0.92624,1.38,1.38
2013.12.13 21:57:48.011,0.92543,0.92624,1.38,1.38
2013.12.13 21:57:51.899,0.92543,0.92628,1.38,1.38
2013.12.13 21:57:52.046,0.92543,0.92628,1.00,1.38
2013.12.13 21:57:52.787,0.92543,0.92628,1.38,1.13
2013.12.13 21:57:53.716,0.92533,0.92628,1.00,1.00
2013.12.13 21:57:53.818,0.92525,0.92625,1.00,1.00
2013.12.13 21:57:53.969,0.92523,0.92625,1.00,1.00
2013.12.13 21:57:54.070,0.92523,0.92622,1.00,1.00
2013.12.13 21:57:54.685,0.92523,0.92622,1.38,1.38
2013.12.13 21:57:57.396,0.92571,0.92625,0.75,1.38
2013.12.13 21:57:57.497,0.92533,0.92625,1.13,1.38
2013.12.13 21:57:57.598,0.9252,0.92621,1.38,1.38
2013.12.13 21:57:57.749,0.92558,0.92621,0.38,1.38
2013.12.13 21:57:58.092,0.92567,0.92621,1.00,1.00
2013.12.13 21:57:58.265,0.92561,0.92621,1.00,1.00
2013.12.13 21:58:00.195,0.92561,0.92626,1.00,1.00
2013.12.13 21:58:00.698,0.92559,0.92619,1.00,1.00
2013.12.13 21:58:00.799,0.92556,0.92619,1.00,1.00
2013.12.13 21:58:00.850,0.92556,0.92616,1.00,1.00
2013.12.13 21:58:02.491,0.92555,0.92616,1.00,1.00
2013.12.13 21:58:02.592,0.9255,0.92613,1.38,1.00
2013.12.13 21:58:02.694,0.92543,0.92613,1.38,1.00
2013.12.13 21:58:02.745,0.92537,0.9261,1.38,1.00
2013.12.13 21:58:03.536,0.92533,0.9261,1.50,1.00
2013.12.13 21:58:03.637,0.92535,0.92609,1.00,1.00
2013.12.13 21:58:04.104,0.9253,0.92609,1.00,1.00
2013.12.13 21:58:04.415,0.92527,0.92609,1.00,1.00
2013.12.13 21:58:04.645,0.9252,0.92609,1.00,1.00
2013.12.13 21:58:04.746,0.92527,0.9261,1.00,1.00
2013.12.13 21:58:05.304,0.92527,0.9261,1.00,1.38
2013.12.13 21:58:05.355,0.92525,0.9261,1.13,1.38
2013.12.13 21:58:05.456,0.92527,0.92609,1.00,1.38
2013.12.13 21:58:15.303,0.92525,0.9261,1.13,1.38
2013.12.13 21:58:25.877,0.9252,0.9261,1.13,1.38
2013.12.13 21:58:36.332,0.9252,0.92604,1.88,1.00
2013.12.13 21:58:36.665,0.92533,0.92602,1.13,1.00
2013.12.13 21:58:37.638,0.92533,0.92599,1.00,1.00
2013.12.13 21:58:37.941,0.92533,0.92596,1.00,1.00
2013.12.13 21:58:38.944,0.92533,0.92595,1.00,1.00
2013.12.13 21:58:38.994,0.92523,0.92595,1.00,1.50
2013.12.13 21:58:39.147,0.92523,0.92592,1.00,1.00
2013.12.13 21:58:39.199,0.92515,0.92592,1.00,1.00
2013.12.13 21:58:39.300,0.92513,0.92592,1.00,1.00
2013.12.13 21:58:41.983,0.92513,0.92592,1.00,1.38
2013.12.13 21:58:43.882,0.92507,0.92591,1.00,1.38
2013.12.13 21:58:43.933,0.92507,0.92591,1.00,1.00
2013.12.13 21:58:44.085,0.92507,0.92598,1.00,1.00
2013.12.13 21:58:44.236,0.92503,0.92598,1.00,1.00
2013.12.13 21:58:44.737,0.92503,0.926,1.00,1.00
2013.12.13 21:58:46.455,0.92505,0.926,1.00,1.00
2013.12.13 21:58:49.811,0.92509,0.926,1.00,1.00
2013.12.13 21:58:50.600,0.92509,0.92599,1.00,1.00
2013.12.13 21:58:51.107,0.92509,0.926,1.00,1.00
2013.12.13 21:58:52.204,0.92505,0.926,1.50,1.00
2013.12.13 21:58:52.305,0.92507,0.926,1.00,1.00
2013.12.13 21:58:55.046,0.92509,0.926,1.00,1.00
2013.12.13 21:58:58.774,0.92505,0.926,1.00,1.00
2013.12.13 21:59:00.350,0.92505,0.92599,1.50,1.50
2013.12.13 21:59:01.683,0.92509,0.92599,0.75,0.75
2013.12.13 21:59:03.085,0.92505,0.926,0.75,0.75
2013.12.13 21:59:03.187,0.92505,0.92597,0.75,0.75
2013.12.13 21:59:03.572,0.92505,0.92593,0.75,0.75
2013.12.13 21:59:04.112,0.92507,0.92594,0.75,0.75
2013.12.13 21:59:04.641,0.92507,0.92591,0.75,0.75
2013.12.13 21:59:04.695,0.92499,0.92591,0.75,0.75
2013.12.13 21:59:04.796,0.92503,0.92591,0.75,0.75
2013.12.13 21:59:04.932,0.92499,0.92591,0.75,0.75
2013.12.13 21:59:04.998,0.92501,0.92591,0.75,0.75
2013.12.13 21:59:06.292,0.92501,0.92592,0.75,0.75
2013.12.13 21:59:06.343,0.92493,0.92592,0.75,0.75
2013.12.13 21:59:06.444,0.92495,0.92592,1.50,0.75
2013.12.13 21:59:07.839,0.92485,0.92592,0.75,0.75
2013.12.13 21:59:07.940,0.92487,0.92592,0.75,0.75
2013.12.13 21:59:08.242,0.92487,0.92513,0.75,0.75
2013.12.13 21:59:08.293,0.92465,0.92513,0.75,0.75
2013.12.13 21:59:08.394,0.92447,0.92513,0.75,0.75
2013.12.13 21:59:08.751,0.92447,0.92515,0.75,0.75
2013.12.13 21:59:08.802,0.92447,0.92513,0.75,0.75
2013.12.13 21:59:08.967,0.92441,0.92513,0.75,0.75
2013.12.13 21:59:09.077,0.92435,0.92513,0.75,0.75
2013.12.13 21:59:09.178,0.92433,0.92513,0.75,0.75
2013.12.13 21:59:12.760,0.92433,0.92511,0.75,0.38
2013.12.13 21:59:13.111,0.92435,0.92511,0.75,0.38
2013.12.13 21:59:13.597,0.92437,0.92511,0.75,0.38
2013.12.13 21:59:14.937,0.92437,0.92513,0.75,0.75
2013.12.13 21:59:15.631,0.92437,0.92525,0.75,0.38
2013.12.13 21:59:15.789,0.92437,0.92523,0.75,0.75
2013.12.13 21:59:15.890,0.92437,0.92525,0.75,1.13
2013.12.13 21:59:15.941,0.92437,0.92531,0.75,0.75
2013.12.13 21:59:15.992,0.92437,0.92515,0.75,0.75
2013.12.13 21:59:16.302,0.92439,0.92515,0.75,0.75
2013.12.13 21:59:16.353,0.92437,0.92515,0.75,0.75
2013.12.13 21:59:16.454,0.92439,0.92515,0.75,0.75
2013.12.13 21:59:18.991,0.92447,0.92515,0.75,0.75
2013.12.13 21:59:19.293,0.92447,0.92503,0.75,0.75
2013.12.13 21:59:19.728,0.92447,0.92501,0.75,0.75
2013.12.13 21:59:20.125,0.92438,0.92501,0.75,0.75
2013.12.13 21:59:20.525,0.92437,0.92504,0.75,0.75
2013.12.13 21:59:23.015,0.92435,0.92504,0.75,0.75
2013.12.13 21:59:25.916,0.92435,0.92509,0.75,1.50
2013.12.13 21:59:26.135,0.92435,0.92563,0.75,1.50
2013.12.13 21:59:26.246,0.92435,0.92559,0.75,0.75
2013.12.13 21:59:26.626,0.92435,0.92556,0.75,0.75
2013.12.13 21:59:30.289,0.92439,0.92556,0.75,0.75
2013.12.13 21:59:31.612,0.92439,0.9256,0.75,0.75
2013.12.13 21:59:34.013,0.92439,0.92569,0.75,0.75
2013.12.13 21:59:34.164,0.92439,0.92568,0.75,0.75
2013.12.13 21:59:44.702,0.92435,0.92555,0.75,0.75
2013.12.13 21:59:44.930,0.92435,0.92552,0.75,0.75
2013.12.13 21:59:55.141,0.92486,0.9261,0.38,0.75
