2009.07.13 13:00:00.535,0.7182,0.71845,10.60,3.20
2009.07.13 13:00:01.125,0.7182,0.71845,12.00,3.20
2009.07.13 13:00:01.295,0.7182,0.71845,13.60,3.20
2009.07.13 13:00:01.595,0.7182,0.71845,13.80,3.20
2009.07.13 13:00:01.765,0.7183,0.71845,7.20,3.20
2009.07.13 13:00:03.304,0.71835,0.7186,3.20,19.20
2009.07.13 13:00:03.474,0.71835,0.71855,3.20,3.00
2009.07.13 13:00:03.754,0.71825,0.7184,7.20,3.00
2009.07.13 13:00:06.015,0.71845,0.71865,3.20,3.00
2009.07.13 13:00:06.434,0.71835,0.71855,9.60,3.00
2009.07.13 13:00:06.954,0.7184,0.71855,1.60,3.00
2009.07.13 13:00:07.174,0.7184,0.71865,8.80,19.00
2009.07.13 13:00:07.513,0.7184,0.71865,5.60,19.20
2009.07.13 13:00:07.853,0.7184,0.71865,5.60,3.20
2009.07.13 13:00:08.073,0.7184,0.7185,3.20,3.20
2009.07.13 13:00:08.253,0.71825,0.7185,14.40,3.20
2009.07.13 13:00:08.423,0.71825,0.7185,12.80,3.20
2009.07.13 13:00:08.703,0.71825,0.7185,11.20,3.20
2009.07.13 13:00:09.053,0.71825,0.71845,7.20,3.20
2009.07.13 13:00:10.452,0.71835,0.71855,1.60,23.20
2009.07.13 13:00:10.732,0.71835,0.71855,1.60,3.20
2009.07.13 13:00:11.062,0.71835,0.7185,1.60,3.20
2009.07.13 13:00:11.172,0.71835,0.71855,2.40,3.20
2009.07.13 13:00:11.402,0.71835,0.71855,7.20,3.20
2009.07.13 13:00:11.462,0.71835,0.71855,2.40,3.20
2009.07.13 13:00:11.682,0.71835,0.71855,1.60,3.20
2009.07.13 13:00:12.042,0.71835,0.71845,1.60,3.20
2009.07.13 13:00:12.912,0.71835,0.71845,1.00,3.20
2009.07.13 13:00:13.422,0.7183,0.71845,4.80,3.20
2009.07.13 13:00:13.532,0.71825,0.71845,7.20,3.20
2009.07.13 13:00:13.652,0.71825,0.71845,6.40,3.20
2009.07.13 13:00:13.872,0.71825,0.71845,7.20,3.20
2009.07.13 13:00:14.162,0.71825,0.71845,6.40,3.20
2009.07.13 13:00:14.381,0.7182,0.7184,1.60,3.20
2009.07.13 13:00:15.341,0.7182,0.71845,4.80,3.40
2009.07.13 13:00:15.891,0.7182,0.71845,3.20,3.40
2009.07.13 13:00:16.061,0.7182,0.71845,3.20,3.20
2009.07.13 13:00:20.450,0.71825,0.7185,3.20,19.20
2009.07.13 13:00:21.670,0.71825,0.71845,3.20,16.00
2009.07.13 13:00:22.240,0.71825,0.7185,3.20,19.40
2009.07.13 13:00:22.770,0.71825,0.7185,3.20,19.20
2009.07.13 13:00:23.069,0.7182,0.71835,7.20,3.20
2009.07.13 13:00:24.389,0.71815,0.71835,17.00,3.20
2009.07.13 13:00:26.419,0.71815,0.71835,16.80,3.20
2009.07.13 13:00:27.449,0.71825,0.71845,1.60,19.20
2009.07.13 13:00:27.618,0.71825,0.71845,7.20,11.20
2009.07.13 13:00:27.839,0.7182,0.71835,10.40,3.20
2009.07.13 13:00:28.129,0.71825,0.71835,7.20,3.20
2009.07.13 13:00:28.528,0.7182,0.71835,7.20,3.20
2009.07.13 13:00:29.208,0.71825,0.71835,8.00,3.20
2009.07.13 13:00:29.498,0.7183,0.71845,1.60,3.20
2009.07.13 13:00:29.608,0.7183,0.71845,4.80,3.20
2009.07.13 13:00:29.778,0.71825,0.71845,8.00,3.20
2009.07.13 13:00:29.898,0.71825,0.71845,9.60,3.20
2009.07.13 13:00:30.128,0.71825,0.71845,14.40,3.20
2009.07.13 13:00:30.588,0.7183,0.71845,1.60,3.20
2009.07.13 13:00:30.878,0.7183,0.71855,4.80,3.20
2009.07.13 13:00:31.168,0.7183,0.71845,1.60,3.20
2009.07.13 13:00:31.568,0.71835,0.71855,6.40,3.20
2009.07.13 13:00:31.907,0.7184,0.71855,1.60,3.20
2009.07.13 13:00:32.138,0.71835,0.71855,7.20,3.20
2009.07.13 13:00:35.157,0.7184,0.71855,2.40,3.20
2009.07.13 13:00:35.437,0.7184,0.7186,7.20,3.20
2009.07.13 13:00:35.896,0.7184,0.71855,7.20,3.20
2009.07.13 13:00:36.406,0.71835,0.71855,2.40,3.20
2009.07.13 13:00:39.666,0.71835,0.71855,10.40,3.20
2009.07.13 13:00:39.895,0.71835,0.71855,8.80,3.20
2009.07.13 13:00:40.246,0.71835,0.71855,7.20,3.20
2009.07.13 13:00:40.605,0.71835,0.71855,12.00,3.20
2009.07.13 13:00:40.905,0.71835,0.71855,5.60,3.20
2009.07.13 13:00:43.165,0.7184,0.71855,1.00,3.20
2009.07.13 13:00:45.404,0.71835,0.71855,5.80,3.20
2009.07.13 13:00:45.584,0.7185,0.71865,1.00,3.20
2009.07.13 13:00:45.814,0.7185,0.71865,1.60,3.20
2009.07.13 13:00:46.114,0.7185,0.7187,1.00,3.20
2009.07.13 13:00:46.284,0.71845,0.71865,8.00,3.20
2009.07.13 13:00:46.514,0.7185,0.71865,1.60,3.20
2009.07.13 13:00:46.744,0.7185,0.7187,1.60,3.20
2009.07.13 13:00:47.594,0.7185,0.71865,1.60,3.20
2009.07.13 13:00:47.924,0.7185,0.71865,1.00,3.20
2009.07.13 13:00:48.953,0.71845,0.7187,3.20,3.40
2009.07.13 13:00:49.184,0.71845,0.7187,11.20,3.20
2009.07.13 13:00:49.483,0.71845,0.7187,12.80,3.20
2009.07.13 13:00:49.933,0.71845,0.7187,12.00,3.20
2009.07.13 13:00:50.343,0.71845,0.7187,12.80,3.20
2009.07.13 13:00:51.703,0.7184,0.7186,21.60,3.20
2009.07.13 13:00:52.502,0.7184,0.71865,24.80,3.20
2009.07.13 13:00:53.092,0.7184,0.71855,16.80,3.20
2009.07.13 13:00:53.473,0.71835,0.71855,29.60,3.20
2009.07.13 13:00:54.332,0.71835,0.71855,28.00,3.20
2009.07.13 13:00:54.632,0.71835,0.71855,29.60,3.20
2009.07.13 13:00:54.972,0.71835,0.71855,13.60,3.20
2009.07.13 13:00:55.492,0.71845,0.71865,3.20,3.20
2009.07.13 13:00:55.712,0.71835,0.71855,23.20,3.20
2009.07.13 13:00:56.002,0.7183,0.71855,18.40,3.20
2009.07.13 13:00:56.352,0.71835,0.71855,3.20,16.00
2009.07.13 13:00:56.682,0.71825,0.7185,7.20,3.20
2009.07.13 13:00:57.021,0.71825,0.7185,4.80,3.20
2009.07.13 13:00:57.351,0.71835,0.71855,3.20,16.00
2009.07.13 13:00:57.641,0.71835,0.7186,3.20,40.20
2009.07.13 13:00:58.231,0.71835,0.7186,4.00,40.00
2009.07.13 13:00:58.521,0.71835,0.7186,5.60,14.60
2009.07.13 13:00:58.801,0.71835,0.7186,5.60,3.20
2009.07.13 13:00:59.431,0.71835,0.71855,2.40,3.20
2009.07.13 13:00:59.731,0.71835,0.7186,5.60,3.20
2009.07.13 13:01:00.241,0.71835,0.7186,5.60,3.40
2009.07.13 13:01:00.531,0.71835,0.71855,2.40,3.20
2009.07.13 13:01:00.821,0.71835,0.71855,7.20,3.20
2009.07.13 13:01:01.330,0.71835,0.71855,23.20,3.20
2009.07.13 13:01:02.500,0.71845,0.7187,3.20,40.20
2009.07.13 13:01:02.900,0.7184,0.71865,3.20,3.20
2009.07.13 13:01:03.010,0.71835,0.71855,23.20,3.20
2009.07.13 13:01:03.640,0.7184,0.71855,1.60,3.20
2009.07.13 13:01:03.930,0.7184,0.7186,7.20,3.20
2009.07.13 13:01:05.110,0.71845,0.7186,1.00,3.20
2009.07.13 13:01:05.229,0.7185,0.7187,1.00,3.20
2009.07.13 13:01:05.509,0.7185,0.7187,6.40,3.20
2009.07.13 13:01:06.209,0.7185,0.71875,9.60,3.20
2009.07.13 13:01:06.789,0.7185,0.7187,6.40,3.20
2009.07.13 13:01:07.189,0.7185,0.71875,9.60,3.20
2009.07.13 13:01:07.479,0.7185,0.7187,6.40,3.20
2009.07.13 13:01:07.649,0.7185,0.7187,1.60,3.20
2009.07.13 13:01:09.908,0.71845,0.71865,4.80,3.20
2009.07.13 13:01:10.148,0.7184,0.71865,16.00,3.20
2009.07.13 13:01:10.378,0.7184,0.7186,3.20,3.20
2009.07.13 13:01:10.808,0.71835,0.7186,4.80,3.20
2009.07.13 13:01:11.268,0.71835,0.71855,7.20,3.20
2009.07.13 13:01:11.778,0.7184,0.7185,1.00,3.20
2009.07.13 13:01:12.008,0.7183,0.71855,8.80,19.20
2009.07.13 13:01:12.298,0.71825,0.7185,10.40,3.20
2009.07.13 13:01:12.527,0.71825,0.7185,3.20,19.20
2009.07.13 13:01:13.987,0.7182,0.71845,7.20,11.20
2009.07.13 13:01:14.457,0.7182,0.71845,4.80,19.20
2009.07.13 13:01:16.587,0.7182,0.71845,5.60,19.20
2009.07.13 13:01:16.747,0.7182,0.71845,5.60,3.20
2009.07.13 13:01:20.166,0.7182,0.71845,4.00,3.20
2009.07.13 13:01:20.456,0.7182,0.7184,1.00,3.20
2009.07.13 13:01:20.686,0.71815,0.7184,3.20,8.00
2009.07.13 13:01:20.925,0.71825,0.71845,3.20,31.20
2009.07.13 13:01:21.206,0.71825,0.7184,8.00,16.00
2009.07.13 13:01:21.536,0.7182,0.7184,6.40,3.20
2009.07.13 13:01:21.775,0.7182,0.71845,3.20,3.20
2009.07.13 13:01:21.995,0.7182,0.7184,4.80,3.20
2009.07.13 13:01:22.225,0.71815,0.7184,29.80,3.20
2009.07.13 13:01:22.505,0.71815,0.7184,9.00,3.20
2009.07.13 13:01:23.025,0.71815,0.7184,8.80,3.20
2009.07.13 13:01:23.855,0.71815,0.7184,3.20,3.20
2009.07.13 13:01:24.205,0.71815,0.7184,4.80,3.20
2009.07.13 13:01:24.555,0.71815,0.7184,3.20,3.20
2009.07.13 13:01:27.074,0.71815,0.7184,3.20,3.40
2009.07.13 13:01:27.974,0.71815,0.71835,3.20,3.20
2009.07.13 13:01:28.214,0.71815,0.7184,3.20,3.40
2009.07.13 13:01:32.063,0.71815,0.7184,8.00,3.20
2009.07.13 13:01:32.323,0.71815,0.7184,3.20,3.20
2009.07.13 13:01:32.443,0.71815,0.7184,8.00,3.20
2009.07.13 13:01:32.683,0.71815,0.7183,8.00,1.00
2009.07.13 13:01:32.793,0.7182,0.7183,3.20,1.00
2009.07.13 13:01:34.173,0.71815,0.7183,8.00,1.00
2009.07.13 13:01:34.402,0.7182,0.7183,3.20,1.00
2009.07.13 13:01:34.752,0.71815,0.7183,8.00,1.00
2009.07.13 13:01:35.502,0.7182,0.7183,3.20,1.00
2009.07.13 13:01:35.972,0.71825,0.7183,3.20,1.00
2009.07.13 13:01:37.342,0.7183,0.7184,3.20,6.30
2009.07.13 13:01:37.572,0.71845,0.71855,8.00,12.80
2009.07.13 13:01:37.812,0.7185,0.71855,8.00,3.20
2009.07.13 13:01:38.102,0.7185,0.7187,8.00,3.20
2009.07.13 13:01:38.452,0.71855,0.7187,16.00,3.20
2009.07.13 13:01:38.791,0.71855,0.7187,20.80,3.20
2009.07.13 13:01:39.311,0.7186,0.71885,3.20,3.40
2009.07.13 13:01:40.441,0.71855,0.7188,25.60,3.20
2009.07.13 13:01:41.041,0.71855,0.7188,24.00,3.20
2009.07.13 13:01:41.911,0.71855,0.7188,27.20,3.20
2009.07.13 13:01:41.971,0.7186,0.71885,3.20,5.80
2009.07.13 13:01:46.649,0.7186,0.71885,6.40,3.20
2009.07.13 13:01:47.589,0.7186,0.7188,3.20,3.20
2009.07.13 13:01:50.458,0.71865,0.71885,4.80,3.20
2009.07.13 13:01:50.869,0.7187,0.71885,4.80,3.20
2009.07.13 13:01:51.558,0.7187,0.71885,14.40,3.20
2009.07.13 13:01:55.877,0.71875,0.719,3.20,5.60
2009.07.13 13:01:56.567,0.71875,0.719,3.20,5.80
2009.07.13 13:01:56.927,0.7187,0.71895,17.60,3.20
2009.07.13 13:01:57.267,0.71875,0.719,3.20,3.20
2009.07.13 13:02:01.006,0.7187,0.71895,16.00,3.40
2009.07.13 13:02:01.116,0.7187,0.71895,8.00,3.40
2009.07.13 13:02:01.516,0.7187,0.71895,16.00,3.40
2009.07.13 13:02:02.326,0.7187,0.71895,8.00,3.40
2009.07.13 13:02:02.556,0.7187,0.71895,16.00,3.40
2009.07.13 13:02:05.457,0.7187,0.71885,12.80,4.80
2009.07.13 13:02:05.575,0.7187,0.71885,9.60,4.80
2009.07.13 13:02:05.855,0.7186,0.71885,12.80,4.80
2009.07.13 13:02:06.135,0.7186,0.71885,16.00,4.80
2009.07.13 13:02:06.605,0.7186,0.7188,3.20,1.60
2009.07.13 13:02:06.955,0.7185,0.71875,22.40,4.80
2009.07.13 13:02:07.335,0.7185,0.71875,8.00,3.20
2009.07.13 13:02:09.224,0.7185,0.71875,16.00,3.20
2009.07.13 13:02:09.514,0.7185,0.71875,17.60,3.20
2009.07.13 13:02:10.674,0.7185,0.71875,16.00,3.20
2009.07.13 13:02:11.024,0.7185,0.71875,8.00,3.20
2009.07.13 13:02:15.033,0.7185,0.71875,3.20,6.60
2009.07.13 13:02:15.273,0.7185,0.7186,4.80,3.20
2009.07.13 13:02:15.493,0.7185,0.7187,4.80,3.20
2009.07.13 13:02:15.834,0.7185,0.71875,16.00,3.20
2009.07.13 13:02:16.062,0.7185,0.71875,8.00,3.20
2009.07.13 13:02:16.302,0.7185,0.7187,4.80,3.20
2009.07.13 13:02:17.262,0.71845,0.7187,27.20,3.20
2009.07.13 13:02:17.442,0.71845,0.71865,28.80,3.20
2009.07.13 13:02:17.562,0.71845,0.7187,28.80,3.20
2009.07.13 13:02:17.742,0.7185,0.7187,4.80,3.20
2009.07.13 13:02:30.639,0.71845,0.7187,12.20,3.20
2009.07.13 13:02:30.759,0.71845,0.7187,12.00,5.00
2009.07.13 13:02:30.879,0.71845,0.7187,8.00,21.00
2009.07.13 13:02:31.229,0.7184,0.7186,9.60,3.20
2009.07.13 13:02:31.468,0.7184,0.7186,4.80,3.20
2009.07.13 13:02:41.886,0.7184,0.7186,9.60,3.20
2009.07.13 13:02:42.066,0.7184,0.7186,17.60,3.20
2009.07.13 13:02:42.406,0.7184,0.7186,9.60,3.20
2009.07.13 13:02:43.586,0.71835,0.71855,14.40,3.20
2009.07.13 13:02:43.866,0.71835,0.7186,14.40,3.20
2009.07.13 13:02:44.216,0.71845,0.71865,3.20,21.60
2009.07.13 13:02:44.446,0.71845,0.71865,3.20,5.60
2009.07.13 13:02:47.095,0.7184,0.71865,3.20,3.20
2009.07.13 13:02:49.594,0.7184,0.71865,3.20,4.80
2009.07.13 13:02:49.774,0.71845,0.71865,3.20,5.60
2009.07.13 13:02:50.544,0.71845,0.7186,3.20,1.00
2009.07.13 13:02:50.654,0.7184,0.71865,3.20,4.00
2009.07.13 13:02:51.104,0.7184,0.71865,3.20,3.20
2009.07.13 13:02:54.144,0.71845,0.71865,3.20,5.60
2009.07.13 13:02:54.703,0.71845,0.7186,3.20,1.00
2009.07.13 13:02:54.863,0.7184,0.71865,3.20,3.20
2009.07.13 13:03:06.770,0.71835,0.7186,15.20,3.20
2009.07.13 13:03:07.520,0.7184,0.71865,3.20,3.20
2009.07.13 13:03:08.330,0.7185,0.7187,3.20,18.40
2009.07.13 13:03:08.620,0.7184,0.71865,8.00,3.20
2009.07.13 13:03:09.010,0.71845,0.71865,3.20,5.60
2009.07.13 13:03:10.509,0.7184,0.71865,3.20,4.00
2009.07.13 13:03:10.629,0.7185,0.71865,1.00,3.20
2009.07.13 13:03:10.739,0.7185,0.7187,3.20,18.40
2009.07.13 13:03:11.729,0.7185,0.7187,3.20,10.40
2009.07.13 13:03:12.149,0.7185,0.71875,3.20,20.80
2009.07.13 13:03:13.069,0.7185,0.7187,8.00,3.20
2009.07.13 13:03:15.198,0.71845,0.7187,21.60,3.20
2009.07.13 13:03:15.908,0.7185,0.7187,3.20,1.60
2009.07.13 13:03:16.248,0.7185,0.7187,3.20,2.40
2009.07.13 13:03:17.378,0.7185,0.71865,3.20,1.00
2009.07.13 13:03:17.887,0.7185,0.71875,3.20,36.00
2009.07.13 13:03:18.067,0.7185,0.71875,3.20,34.40
2009.07.13 13:03:18.228,0.7185,0.71875,3.20,33.60
2009.07.13 13:03:18.847,0.7185,0.71875,3.20,25.60
2009.07.13 13:03:19.187,0.7185,0.71875,3.20,26.40
2009.07.13 13:03:19.797,0.7185,0.71875,3.20,10.40
2009.07.13 13:03:22.207,0.7184,0.71865,22.40,3.20
2009.07.13 13:03:22.777,0.71845,0.71865,3.20,1.60
2009.07.13 13:03:23.067,0.71845,0.71865,3.20,2.40
2009.07.13 13:03:23.926,0.71845,0.7186,3.20,1.00
2009.07.13 13:03:24.276,0.71835,0.71855,3.20,4.80
2009.07.13 13:03:24.626,0.71835,0.71855,4.80,3.20
2009.07.13 13:03:24.976,0.71835,0.71855,3.20,1.60
2009.07.13 13:03:27.305,0.71835,0.7186,3.20,21.00
2009.07.13 13:03:27.665,0.71835,0.7186,3.20,20.80
2009.07.13 13:03:27.835,0.71835,0.7186,4.00,20.80
2009.07.13 13:03:28.205,0.71835,0.7186,4.00,4.80
2009.07.13 13:03:28.375,0.71835,0.7186,8.80,3.20
2009.07.13 13:03:28.555,0.71835,0.7186,4.00,4.80
2009.07.13 13:03:28.845,0.71845,0.7186,3.20,7.20
2009.07.13 13:03:28.955,0.71835,0.7186,8.80,4.80
2009.07.13 13:03:29.285,0.71835,0.7186,13.60,3.20
2009.07.13 13:03:29.675,0.71835,0.7186,8.80,3.20
2009.07.13 13:03:30.005,0.71835,0.7186,10.40,4.80
2009.07.13 13:03:30.345,0.71845,0.71865,3.20,21.60
2009.07.13 13:03:31.154,0.71835,0.7186,13.60,4.80
2009.07.13 13:03:31.384,0.71835,0.7186,8.80,4.80
2009.07.13 13:03:31.744,0.71835,0.7186,13.60,3.20
2009.07.13 13:03:34.063,0.71835,0.7186,13.80,3.20
2009.07.13 13:03:34.224,0.71835,0.71855,10.40,1.60
2009.07.13 13:03:34.453,0.7183,0.71855,22.40,4.80
2009.07.13 13:03:34.664,0.7183,0.71855,8.00,3.20
2009.07.13 13:03:34.774,0.71835,0.7186,4.00,12.80
2009.07.13 13:03:34.833,0.7184,0.71855,1.00,3.20
2009.07.13 13:03:35.294,0.71835,0.7186,4.00,4.80
2009.07.13 13:03:35.993,0.71835,0.7186,4.00,5.00
2009.07.13 13:03:38.043,0.7184,0.71865,3.20,3.20
2009.07.13 13:03:38.223,0.71845,0.71865,3.20,1.60
2009.07.13 13:03:38.333,0.71845,0.71865,3.20,2.40
2009.07.13 13:03:38.572,0.7184,0.71865,3.20,3.20
2009.07.13 13:03:38.862,0.7184,0.71865,11.20,3.20
2009.07.13 13:03:39.212,0.7184,0.71865,12.80,3.20
2009.07.13 13:03:39.892,0.7184,0.71865,4.80,3.20
2009.07.13 13:03:40.112,0.7184,0.71865,4.80,5.60
2009.07.13 13:03:40.163,0.71845,0.71855,3.20,3.20
2009.07.13 13:03:40.742,0.71835,0.71855,21.60,3.20
2009.07.13 13:03:40.962,0.71835,0.71855,5.60,3.20
2009.07.13 13:03:41.252,0.71835,0.71855,4.80,5.60
2009.07.13 13:03:41.552,0.7184,0.71855,1.00,3.20
2009.07.13 13:03:45.441,0.7185,0.71865,3.20,20.80
2009.07.13 13:03:45.671,0.7185,0.7186,1.00,3.20
2009.07.13 13:03:46.071,0.71845,0.7187,4.00,5.60
2009.07.13 13:03:47.051,0.71845,0.7187,3.20,5.60
2009.07.13 13:03:47.290,0.7184,0.71865,12.80,3.20
2009.07.13 13:03:47.570,0.7184,0.7186,9.60,3.20
2009.07.13 13:03:47.750,0.7184,0.71865,12.80,3.20
2009.07.13 13:03:48.670,0.7184,0.7186,9.60,3.20
2009.07.13 13:03:50.121,0.7184,0.71865,12.80,3.20
2009.07.13 13:03:50.470,0.7184,0.71865,3.20,3.20
2009.07.13 13:03:50.809,0.71835,0.7186,24.80,3.20
2009.07.13 13:03:51.210,0.7184,0.7186,8.00,3.20
2009.07.13 13:03:53.080,0.7184,0.71865,11.20,4.80
2009.07.13 13:03:53.319,0.71835,0.71855,19.20,3.20
2009.07.13 13:03:53.499,0.71835,0.71855,16.00,3.20
2009.07.13 13:03:53.829,0.7183,0.71855,14.40,3.20
2009.07.13 13:03:54.209,0.7183,0.71855,12.80,4.80
2009.07.13 13:03:54.669,0.71825,0.7185,38.40,3.20
2009.07.13 13:03:54.899,0.7183,0.71855,3.20,4.80
2009.07.13 13:03:55.578,0.71825,0.7185,36.80,3.20
2009.07.13 13:03:55.928,0.7183,0.71855,3.20,4.80
2009.07.13 13:03:56.948,0.71835,0.71855,34.40,1.60
2009.07.13 13:03:57.068,0.7184,0.71855,11.20,1.00
2009.07.13 13:03:57.178,0.71835,0.7186,3.20,3.20
2009.07.13 13:03:57.588,0.7183,0.71855,17.80,3.20
2009.07.13 13:03:57.698,0.7183,0.71855,16.20,3.20
2009.07.13 13:03:57.868,0.7183,0.71855,24.00,3.20
2009.07.13 13:03:58.208,0.7183,0.71855,22.40,3.20
2009.07.13 13:03:58.378,0.7183,0.71855,17.60,3.20
2009.07.13 13:03:59.018,0.71835,0.71855,16.00,3.20
2009.07.13 13:04:01.187,0.71835,0.71855,17.60,3.20
2009.07.13 13:04:03.327,0.71835,0.7185,9.60,3.20
2009.07.13 13:04:03.546,0.7183,0.71855,22.40,3.20
2009.07.13 13:04:03.597,0.71835,0.71855,4.80,3.20
2009.07.13 13:04:04.046,0.7183,0.71855,8.00,3.20
2009.07.13 13:04:04.156,0.7183,0.71855,3.20,3.20
2009.07.13 13:04:05.536,0.71825,0.7185,24.00,3.20
2009.07.13 13:04:06.516,0.71825,0.7185,25.60,3.20
2009.07.13 13:04:06.696,0.7183,0.7185,8.00,3.20
2009.07.13 13:04:07.046,0.71825,0.7185,28.80,3.20
2009.07.13 13:04:07.276,0.71835,0.71855,3.20,1.60
2009.07.13 13:04:07.496,0.71835,0.7185,3.20,1.60
2009.07.13 13:04:07.675,0.71825,0.71845,24.00,3.20
2009.07.13 13:04:11.395,0.7182,0.71845,24.00,3.20
2009.07.13 13:04:11.455,0.7182,0.71845,16.00,3.20
2009.07.13 13:04:14.894,0.7182,0.71845,8.00,3.20
2009.07.13 13:04:15.424,0.7182,0.71845,16.00,3.20
2009.07.13 13:04:15.833,0.71825,0.7185,3.20,4.00
2009.07.13 13:04:16.054,0.71825,0.71845,3.20,3.20
2009.07.13 13:04:16.403,0.71825,0.7185,3.20,3.20
2009.07.13 13:04:20.582,0.71825,0.7185,9.60,3.20
2009.07.13 13:04:21.022,0.71825,0.7185,17.60,3.20
2009.07.13 13:04:21.192,0.71825,0.7185,24.00,3.20
2009.07.13 13:04:21.662,0.71825,0.7185,4.80,3.20
2009.07.13 13:04:22.172,0.7183,0.71845,4.80,3.20
2009.07.13 13:04:22.522,0.7183,0.71855,8.00,3.20
2009.07.13 13:04:22.872,0.71835,0.7186,3.20,3.20
2009.07.13 13:04:23.212,0.71835,0.7186,19.20,3.20
2009.07.13 13:04:23.562,0.71835,0.71855,8.00,3.20
2009.07.13 13:04:23.982,0.71835,0.7186,22.40,3.20
2009.07.13 13:04:24.221,0.71835,0.71855,24.80,3.20
2009.07.13 13:04:24.591,0.7184,0.71855,8.00,3.20
2009.07.13 13:04:24.951,0.7184,0.7186,8.00,3.20
2009.07.13 13:04:25.291,0.71835,0.7186,27.20,3.20
2009.07.13 13:04:26.091,0.71835,0.7186,24.00,3.20
2009.07.13 13:04:26.271,0.71835,0.7186,19.20,3.20
2009.07.13 13:04:26.491,0.71835,0.71855,16.00,3.20
2009.07.13 13:04:26.951,0.7184,0.71865,8.00,3.20
2009.07.13 13:04:27.361,0.71845,0.71865,4.80,3.20
2009.07.13 13:04:27.711,0.7185,0.71875,3.20,3.20
2009.07.13 13:04:28.101,0.7185,0.71875,9.60,3.20
2009.07.13 13:04:28.270,0.7185,0.71875,16.00,3.20
2009.07.13 13:04:30.140,0.7185,0.71875,11.20,3.20
2009.07.13 13:04:30.770,0.7185,0.7187,8.00,3.20
2009.07.13 13:04:30.930,0.71855,0.7187,4.80,3.20
2009.07.13 13:04:34.789,0.71855,0.7188,8.00,3.20
2009.07.13 13:04:35.379,0.71855,0.7188,9.60,3.20
2009.07.13 13:04:35.489,0.71855,0.7188,12.00,3.20
2009.07.13 13:04:35.879,0.71855,0.7188,10.40,3.20
2009.07.13 13:04:36.229,0.71855,0.7188,8.00,3.20
2009.07.13 13:04:38.708,0.71855,0.71875,8.00,3.20
2009.07.13 13:04:39.048,0.71855,0.7188,8.00,4.80
2009.07.13 13:04:39.388,0.71855,0.7187,6.40,3.20
2009.07.13 13:04:39.628,0.71855,0.7187,4.80,3.20
2009.07.13 13:04:39.928,0.7185,0.71875,4.80,3.20
2009.07.13 13:04:40.218,0.7185,0.71875,3.20,3.20
2009.07.13 13:04:40.438,0.71845,0.7187,32.80,3.20
2009.07.13 13:04:43.597,0.71845,0.7187,27.20,3.20
2009.07.13 13:04:43.657,0.71845,0.7187,32.00,3.20
2009.07.13 13:04:43.897,0.71845,0.7187,31.20,3.20
2009.07.13 13:04:44.117,0.71845,0.7187,28.00,4.80
2009.07.13 13:04:44.347,0.71845,0.7187,19.20,5.60
2009.07.13 13:04:44.527,0.71855,0.7187,4.80,3.20
2009.07.13 13:04:44.747,0.7185,0.7187,4.80,3.20
2009.07.13 13:04:45.146,0.7186,0.7188,3.20,32.80
2009.07.13 13:04:45.376,0.71845,0.7187,26.40,3.20
2009.07.13 13:04:46.136,0.71845,0.7187,21.60,3.20
2009.07.13 13:04:46.426,0.71845,0.7187,25.60,3.20
2009.07.13 13:04:48.196,0.71845,0.7187,20.80,3.20
2009.07.13 13:04:49.006,0.71845,0.7187,19.20,3.20
2009.07.13 13:04:49.276,0.71845,0.7187,19.20,4.80
2009.07.13 13:04:49.626,0.71845,0.71865,3.20,5.60
2009.07.13 13:04:49.985,0.7184,0.71865,3.20,20.00
2009.07.13 13:04:50.335,0.7184,0.71865,11.20,4.00
2009.07.13 13:04:51.155,0.7184,0.71865,3.20,4.00
2009.07.13 13:04:56.334,0.7184,0.71865,11.20,4.00
2009.07.13 13:04:57.653,0.7184,0.71865,3.20,4.00
2009.07.13 13:05:00.593,0.7184,0.71865,11.20,4.00
2009.07.13 13:05:02.153,0.71845,0.71865,4.80,4.00
2009.07.13 13:05:02.212,0.71845,0.71865,4.80,3.20
2009.07.13 13:05:02.272,0.71845,0.7187,8.00,3.20
2009.07.13 13:05:02.452,0.7185,0.7187,4.80,3.20
2009.07.13 13:05:02.692,0.7185,0.71875,8.00,4.00
2009.07.13 13:05:02.752,0.7185,0.71875,16.00,4.00
2009.07.13 13:05:03.502,0.7185,0.71875,8.00,4.00
2009.07.13 13:05:03.792,0.71845,0.7187,28.80,3.20
2009.07.13 13:05:04.492,0.71845,0.7187,30.40,3.20
2009.07.13 13:05:04.722,0.71845,0.7187,28.80,3.20
2009.07.13 13:05:04.952,0.71855,0.7187,4.80,3.20
2009.07.13 13:05:05.312,0.7186,0.71885,3.20,13.80
2009.07.13 13:05:05.642,0.7186,0.71885,3.20,21.80
2009.07.13 13:05:05.931,0.7186,0.71875,3.20,1.60
2009.07.13 13:05:06.261,0.71845,0.7187,20.80,3.20
2009.07.13 13:05:06.441,0.71845,0.7187,24.00,3.20
2009.07.13 13:05:07.531,0.71845,0.71865,8.00,3.20
2009.07.13 13:05:08.671,0.7184,0.71865,22.40,3.20
2009.07.13 13:05:09.011,0.7184,0.71855,12.80,3.20
2009.07.13 13:05:10.620,0.7184,0.71865,16.00,3.20
2009.07.13 13:05:11.540,0.7184,0.7186,15.20,3.20
2009.07.13 13:05:11.720,0.71845,0.71865,4.80,3.20
2009.07.13 13:05:12.290,0.7184,0.71865,16.00,3.20
2009.07.13 13:05:12.530,0.7184,0.7186,12.80,3.20
2009.07.13 13:05:12.760,0.7184,0.71865,16.00,3.20
2009.07.13 13:05:13.800,0.7184,0.71865,21.00,3.20
2009.07.13 13:05:14.380,0.71845,0.71865,16.00,3.20
2009.07.13 13:05:14.680,0.71845,0.71865,20.80,3.20
2009.07.13 13:05:16.289,0.71845,0.71865,12.80,3.20
2009.07.13 13:05:16.459,0.71845,0.71865,4.80,3.20
2009.07.13 13:05:16.639,0.71845,0.71865,8.00,3.20
2009.07.13 13:05:17.379,0.71845,0.71865,4.80,3.20
2009.07.13 13:05:17.718,0.71845,0.7186,4.80,3.20
2009.07.13 13:05:18.279,0.71845,0.71865,8.00,3.20
2009.07.13 13:05:18.509,0.71845,0.71865,3.20,5.60
2009.07.13 13:05:18.919,0.71835,0.7186,31.00,4.80
2009.07.13 13:05:19.278,0.71835,0.71855,14.60,3.20
2009.07.13 13:05:19.398,0.71835,0.71855,16.20,3.20
2009.07.13 13:05:21.118,0.71835,0.71855,16.00,3.20
2009.07.13 13:05:22.098,0.71835,0.7186,16.20,3.20
2009.07.13 13:05:22.678,0.71835,0.7185,11.20,1.00
2009.07.13 13:05:22.847,0.71835,0.7185,8.00,1.00
2009.07.13 13:05:23.597,0.7183,0.71855,14.40,3.20
2009.07.13 13:05:23.777,0.71835,0.7186,3.20,11.40
2009.07.13 13:05:24.447,0.71835,0.7186,3.20,3.40
2009.07.13 13:05:25.207,0.71835,0.7186,3.20,3.20
2009.07.13 13:05:25.317,0.7184,0.71865,3.20,21.80
2009.07.13 13:05:25.597,0.7184,0.71865,3.20,5.80
2009.07.13 13:05:25.877,0.7184,0.71865,3.20,5.60
2009.07.13 13:05:29.826,0.7184,0.71865,3.20,4.00
2009.07.13 13:05:30.126,0.7184,0.71865,8.00,4.00
2009.07.13 13:05:30.986,0.7184,0.7186,4.80,3.20
2009.07.13 13:05:31.545,0.71835,0.71855,20.80,4.80
2009.07.13 13:05:31.945,0.71835,0.71845,17.60,3.20
2009.07.13 13:05:31.995,0.71835,0.71845,17.60,4.00
2009.07.13 13:05:32.285,0.7182,0.71825,22.40,3.20
2009.07.13 13:05:32.635,0.7181,0.71825,4.80,3.20
2009.07.13 13:05:33.015,0.71805,0.7182,1.60,3.20
2009.07.13 13:05:33.355,0.718,0.71825,11.20,3.20
2009.07.13 13:05:33.745,0.71805,0.71825,16.00,3.20
2009.07.13 13:05:34.035,0.71805,0.71825,19.20,3.20
2009.07.13 13:05:34.275,0.71805,0.7183,23.20,3.20
2009.07.13 13:05:34.675,0.7181,0.7183,8.00,3.20
2009.07.13 13:05:34.975,0.7181,0.71835,12.80,3.20
2009.07.13 13:05:35.334,0.71815,0.7184,3.20,3.20
2009.07.13 13:05:35.514,0.71815,0.7184,19.20,3.20
2009.07.13 13:05:36.624,0.71815,0.71835,16.00,3.20
2009.07.13 13:05:36.844,0.7181,0.71835,12.80,4.00
2009.07.13 13:05:37.074,0.71805,0.7183,25.60,3.20
2009.07.13 13:05:37.294,0.71805,0.7183,19.20,3.20
2009.07.13 13:05:37.535,0.71805,0.7182,19.20,1.00
2009.07.13 13:05:37.874,0.71805,0.7182,11.20,1.00
2009.07.13 13:05:38.154,0.71805,0.7182,3.20,1.00
2009.07.13 13:05:38.334,0.71805,0.7183,8.00,3.20
2009.07.13 13:05:38.734,0.71805,0.7182,3.20,1.00
2009.07.13 13:05:39.064,0.71795,0.7182,14.40,3.20
2009.07.13 13:05:39.413,0.71805,0.7182,3.20,2.40
2009.07.13 13:05:39.763,0.718,0.71825,16.00,4.00
2009.07.13 13:05:40.273,0.718,0.7182,12.80,3.20
2009.07.13 13:05:44.012,0.71805,0.7183,19.20,4.80
2009.07.13 13:05:44.302,0.7181,0.7182,3.20,1.00
2009.07.13 13:05:44.992,0.71805,0.7182,3.20,1.00
2009.07.13 13:05:45.752,0.718,0.7182,12.80,3.20
2009.07.13 13:05:47.241,0.718,0.7182,8.00,3.20
2009.07.13 13:05:47.532,0.71795,0.7182,30.60,3.20
2009.07.13 13:05:47.761,0.71795,0.7182,29.00,3.20
2009.07.13 13:05:47.821,0.718,0.7182,4.80,3.20
2009.07.13 13:05:48.521,0.718,0.7182,12.80,3.20
2009.07.13 13:05:48.981,0.718,0.7182,4.80,3.20
2009.07.13 13:05:49.881,0.718,0.7182,17.60,3.20
2009.07.13 13:05:52.990,0.71805,0.7183,3.20,4.80
2009.07.13 13:05:53.221,0.71805,0.7182,8.00,1.00
2009.07.13 13:05:53.500,0.718,0.71825,20.80,4.00
2009.07.13 13:05:53.670,0.71805,0.7183,8.00,4.80
2009.07.13 13:05:54.300,0.71805,0.7183,3.20,4.80
2009.07.13 13:05:54.650,0.718,0.71825,14.60,4.00
2009.07.13 13:05:55.459,0.718,0.71825,14.60,5.60
2009.07.13 13:05:56.049,0.718,0.7182,12.80,1.00
2009.07.13 13:05:56.339,0.718,0.7182,4.80,3.20
2009.07.13 13:05:56.689,0.71795,0.71815,6.40,3.20
2009.07.13 13:05:57.049,0.71795,0.7182,8.00,3.20
2009.07.13 13:05:58.109,0.71805,0.7182,4.80,3.20
2009.07.13 13:05:58.499,0.71805,0.7183,8.00,4.80
2009.07.13 13:05:58.879,0.71805,0.7183,8.00,3.20
2009.07.13 13:05:59.508,0.71805,0.7183,4.80,4.80
2009.07.13 13:05:59.848,0.718,0.7182,11.20,3.20
2009.07.13 13:06:00.688,0.718,0.7182,4.80,3.20
2009.07.13 13:06:01.018,0.71795,0.7182,9.60,3.20
2009.07.13 13:06:01.308,0.71795,0.7182,6.40,3.20
2009.07.13 13:06:02.208,0.71795,0.7182,4.80,3.20
2009.07.13 13:06:03.298,0.718,0.7182,8.00,3.20
2009.07.13 13:06:03.648,0.718,0.7182,8.00,4.80
2009.07.13 13:06:03.947,0.718,0.71815,8.00,3.20
2009.07.13 13:06:04.358,0.718,0.71815,9.60,4.00
2009.07.13 13:06:04.828,0.71785,0.71805,20.80,3.20
2009.07.13 13:06:05.007,0.71785,0.7181,8.00,4.80
2009.07.13 13:06:05.397,0.71785,0.7181,8.00,3.20
2009.07.13 13:06:05.737,0.71785,0.71805,4.80,3.20
2009.07.13 13:06:06.087,0.7179,0.71815,3.20,16.80
2009.07.13 13:06:06.257,0.7179,0.71815,3.20,21.60
2009.07.13 13:06:06.547,0.7179,0.71815,3.20,20.00
2009.07.13 13:06:06.947,0.7179,0.71815,3.20,12.00
2009.07.13 13:06:07.057,0.7179,0.71815,3.20,4.00
2009.07.13 13:06:07.237,0.71785,0.7181,8.00,3.20
2009.07.13 13:06:07.676,0.71785,0.71815,8.00,4.00
2009.07.13 13:06:07.847,0.7179,0.71815,3.20,4.00
2009.07.13 13:06:09.006,0.71785,0.71795,4.80,3.20
2009.07.13 13:06:09.296,0.71785,0.7181,8.00,3.20
2009.07.13 13:06:12.156,0.7178,0.718,4.80,3.20
2009.07.13 13:06:12.275,0.71775,0.718,13.00,4.80
2009.07.13 13:06:12.565,0.7177,0.7179,20.80,3.20
2009.07.13 13:06:13.075,0.7177,0.7179,4.80,3.20
2009.07.13 13:06:13.315,0.7177,0.7179,9.60,3.20
2009.07.13 13:06:14.115,0.7177,0.7179,9.80,3.20
2009.07.13 13:06:15.025,0.7177,0.7179,4.80,3.20
2009.07.13 13:06:15.475,0.71765,0.7179,35.40,3.20
2009.07.13 13:06:15.755,0.71765,0.7179,18.60,3.20
2009.07.13 13:06:15.975,0.7177,0.7179,4.80,3.20
2009.07.13 13:06:16.304,0.71765,0.71785,10.40,3.20
2009.07.13 13:06:16.725,0.71765,0.7178,6.40,3.20
2009.07.13 13:06:16.904,0.71765,0.71785,6.40,3.20
2009.07.13 13:06:17.594,0.71765,0.7179,9.60,3.20
2009.07.13 13:06:18.214,0.71765,0.7179,25.60,3.20
2009.07.13 13:06:18.384,0.71765,0.7179,9.60,3.20
2009.07.13 13:06:18.614,0.7176,0.71765,15.20,3.20
2009.07.13 13:06:18.884,0.7176,0.71765,12.80,3.20
2009.07.13 13:06:19.974,0.71765,0.71775,11.20,6.20
2009.07.13 13:06:20.264,0.71765,0.71785,10.40,3.20
2009.07.13 13:06:20.604,0.7177,0.7179,3.20,8.00
2009.07.13 13:06:20.893,0.7177,0.71795,3.20,21.60
2009.07.13 13:06:21.283,0.71765,0.7178,3.20,1.00
2009.07.13 13:06:21.463,0.7176,0.71785,8.00,4.00
2009.07.13 13:06:21.783,0.7176,0.7178,4.80,3.20
2009.07.13 13:06:22.413,0.7176,0.71785,3.20,19.20
2009.07.13 13:06:22.593,0.7176,0.71785,3.20,4.00
2009.07.13 13:06:23.003,0.7176,0.71785,3.20,20.00
2009.07.13 13:06:24.732,0.71755,0.71775,4.80,4.00
2009.07.13 13:06:25.012,0.7175,0.71775,8.00,4.00
2009.07.13 13:06:26.932,0.7175,0.71775,16.00,4.00
2009.07.13 13:06:27.822,0.7175,0.7177,12.80,3.20
2009.07.13 13:06:28.111,0.71745,0.7177,24.00,3.20
2009.07.13 13:06:30.131,0.71745,0.7176,11.20,1.00
2009.07.13 13:06:30.361,0.7174,0.7175,12.80,1.00
2009.07.13 13:06:30.591,0.71745,0.71765,4.80,4.80
2009.07.13 13:06:30.871,0.7174,0.71765,12.80,9.60
2009.07.13 13:06:31.221,0.71745,0.71765,4.80,3.20
2009.07.13 13:06:31.501,0.71745,0.71765,4.80,4.00
2009.07.13 13:06:31.781,0.7174,0.71765,14.40,4.00
2009.07.13 13:06:32.001,0.7174,0.71765,19.20,4.00
2009.07.13 13:06:32.300,0.7174,0.71765,17.60,4.00
2009.07.13 13:06:32.981,0.7174,0.7176,17.60,1.60
2009.07.13 13:06:33.270,0.71735,0.71755,6.40,4.00
2009.07.13 13:06:33.560,0.71735,0.71755,15.20,3.20
2009.07.13 13:06:33.790,0.7174,0.71755,1.60,3.20
2009.07.13 13:06:34.200,0.7174,0.7176,8.00,3.20
2009.07.13 13:06:34.490,0.7174,0.71765,12.80,4.00
2009.07.13 13:06:34.780,0.71745,0.71765,17.60,4.00
2009.07.13 13:06:35.170,0.71745,0.71755,17.60,3.20
2009.07.13 13:06:35.280,0.71735,0.71755,8.00,3.20
2009.07.13 13:06:35.500,0.7174,0.71755,8.00,3.20
2009.07.13 13:06:35.620,0.71735,0.71755,3.20,3.20
2009.07.13 13:06:36.030,0.71735,0.7175,3.20,1.00
2009.07.13 13:06:38.269,0.7173,0.71755,6.40,12.00
2009.07.13 13:06:38.559,0.7173,0.71755,6.40,20.00
2009.07.13 13:06:40.009,0.7173,0.71755,6.60,11.20
2009.07.13 13:06:40.369,0.71725,0.7175,12.80,3.20
2009.07.13 13:06:40.719,0.7173,0.71755,3.20,5.60
2009.07.13 13:06:40.889,0.71725,0.71745,6.40,3.20
2009.07.13 13:06:41.119,0.71725,0.7174,6.40,3.20
2009.07.13 13:06:41.289,0.71725,0.7174,4.80,3.20
2009.07.13 13:06:41.578,0.7172,0.7174,11.20,3.20
2009.07.13 13:06:41.758,0.7172,0.7174,9.60,3.20
2009.07.13 13:06:41.918,0.7172,0.7174,4.80,3.20
2009.07.13 13:06:42.198,0.7172,0.71745,8.00,8.80
2009.07.13 13:06:42.378,0.71715,0.71735,4.80,3.20
2009.07.13 13:06:42.538,0.7171,0.71735,27.20,3.20
2009.07.13 13:06:42.878,0.71715,0.7173,1.00,3.20
2009.07.13 13:06:43.268,0.7171,0.7173,8.00,3.20
2009.07.13 13:06:43.618,0.7171,0.7173,5.00,3.20
2009.07.13 13:06:43.798,0.7171,0.7173,8.20,3.20
2009.07.13 13:06:44.078,0.71705,0.7173,20.80,4.80
2009.07.13 13:06:44.478,0.71705,0.71725,22.40,4.80
2009.07.13 13:06:44.820,0.717,0.71705,11.20,3.20
2009.07.13 13:06:45.168,0.71685,0.71705,17.60,9.60
2009.07.13 13:06:45.527,0.7167,0.7169,8.00,3.20
2009.07.13 13:06:45.928,0.71665,0.71685,4.80,3.20
2009.07.13 13:06:46.228,0.7166,0.71685,9.80,3.20
2009.07.13 13:06:46.508,0.7166,0.71685,14.40,4.00
2009.07.13 13:06:47.177,0.7167,0.7169,3.20,16.00
2009.07.13 13:06:47.417,0.7167,0.7169,8.00,16.00
2009.07.13 13:06:47.717,0.7167,0.7169,8.00,1.60
2009.07.13 13:06:48.177,0.71665,0.71685,4.80,19.20
2009.07.13 13:06:48.417,0.7166,0.71685,11.20,20.00
2009.07.13 13:06:48.817,0.7166,0.7168,3.20,1.60
2009.07.13 13:06:49.346,0.7167,0.71675,3.20,1.50
2009.07.13 13:06:49.737,0.7166,0.7168,4.80,3.20
2009.07.13 13:06:50.076,0.7166,0.71675,6.40,3.20
2009.07.13 13:06:50.417,0.7167,0.7169,3.20,8.00
2009.07.13 13:06:50.886,0.71665,0.71675,1.60,3.20
2009.07.13 13:06:51.356,0.7167,0.71695,3.20,11.20
2009.07.13 13:06:51.696,0.7167,0.7169,4.80,19.20
2009.07.13 13:06:52.106,0.71665,0.7168,4.80,3.20
2009.07.13 13:06:52.426,0.71665,0.71675,4.80,3.20
2009.07.13 13:06:52.706,0.71655,0.71675,11.40,3.20
2009.07.13 13:06:52.986,0.71655,0.71675,6.60,3.20
2009.07.13 13:06:53.445,0.7165,0.71675,9.60,4.00
2009.07.13 13:06:53.776,0.7165,0.71675,8.20,4.00
2009.07.13 13:06:53.955,0.71655,0.71675,4.80,4.00
2009.07.13 13:06:54.175,0.7165,0.71675,11.20,4.00
2009.07.13 13:06:54.515,0.71645,0.71665,24.00,3.20
2009.07.13 13:06:55.015,0.71645,0.71665,4.80,4.00
2009.07.13 13:06:55.865,0.71645,0.71665,5.00,4.00
2009.07.13 13:06:56.315,0.71645,0.71665,4.80,4.00
2009.07.13 13:06:56.555,0.7164,0.7166,4.80,3.20
2009.07.13 13:06:56.765,0.7164,0.71655,4.80,3.20
2009.07.13 13:06:56.935,0.71635,0.71655,4.80,3.20
2009.07.13 13:06:57.165,0.71635,0.7165,8.00,1.00
2009.07.13 13:06:57.335,0.71635,0.7165,3.20,1.00
2009.07.13 13:06:57.695,0.7163,0.7164,12.80,1.00
2009.07.13 13:06:58.085,0.7163,0.7164,1.60,1.00
2009.07.13 13:06:58.425,0.71635,0.7165,4.80,1.60
2009.07.13 13:06:58.764,0.71625,0.7165,24.00,3.20
2009.07.13 13:06:59.044,0.71625,0.7164,20.80,3.20
2009.07.13 13:06:59.394,0.7162,0.71645,16.00,3.20
2009.07.13 13:06:59.844,0.7162,0.71645,4.80,3.20
2009.07.13 13:07:00.204,0.71625,0.7165,3.20,3.20
2009.07.13 13:07:00.544,0.71625,0.7165,3.20,4.80
2009.07.13 13:07:00.954,0.7162,0.71645,8.00,3.20
2009.07.13 13:07:01.244,0.7162,0.71645,8.00,20.00
2009.07.13 13:07:01.484,0.7162,0.71645,8.00,4.00
2009.07.13 13:07:01.644,0.7162,0.71645,8.00,20.00
2009.07.13 13:07:01.984,0.71625,0.71645,4.80,21.60
2009.07.13 13:07:02.383,0.7162,0.71645,8.00,5.60
2009.07.13 13:07:02.773,0.7162,0.7163,3.20,1.00
2009.07.13 13:07:03.243,0.7162,0.71645,3.20,24.80
2009.07.13 13:07:03.654,0.7162,0.71635,1.60,3.20
2009.07.13 13:07:04.003,0.7162,0.71645,20.80,4.00
2009.07.13 13:07:04.363,0.7163,0.71645,4.80,3.20
2009.07.13 13:07:04.813,0.71625,0.7165,3.20,3.20
2009.07.13 13:07:05.273,0.71625,0.7164,3.20,1.00
2009.07.13 13:07:05.783,0.7163,0.71655,3.20,28.00
2009.07.13 13:07:06.123,0.71625,0.7165,8.00,3.20
2009.07.13 13:07:06.592,0.7163,0.71655,3.20,10.40
2009.07.13 13:07:06.943,0.71625,0.7165,3.20,4.80
2009.07.13 13:07:07.613,0.7163,0.71655,3.20,10.40
2009.07.13 13:07:07.972,0.7163,0.71645,3.20,4.80
2009.07.13 13:07:08.272,0.71625,0.7163,24.00,1.00
2009.07.13 13:07:08.552,0.71625,0.7164,3.20,7.20
2009.07.13 13:07:08.892,0.7162,0.71645,4.80,12.00
2009.07.13 13:07:09.242,0.7162,0.71645,6.40,4.00
2009.07.13 13:07:10.122,0.7162,0.71645,8.00,12.00
2009.07.13 13:07:10.761,0.7162,0.71645,8.00,20.00
2009.07.13 13:07:11.051,0.7162,0.71645,3.20,20.00
2009.07.13 13:07:11.331,0.7162,0.7164,3.20,8.00
2009.07.13 13:07:11.811,0.7162,0.7164,3.20,16.00
2009.07.13 13:07:12.051,0.7162,0.7164,8.00,16.00
2009.07.13 13:07:12.281,0.7162,0.71645,8.00,20.00
2009.07.13 13:07:13.201,0.71615,0.7164,14.40,3.20
2009.07.13 13:07:13.431,0.7162,0.71645,8.00,20.00
2009.07.13 13:07:14.621,0.71625,0.71645,4.80,19.20
2009.07.13 13:07:15.030,0.71625,0.71645,8.00,21.60
2009.07.13 13:07:15.500,0.71625,0.7164,3.20,2.40
2009.07.13 13:07:15.730,0.71625,0.7165,3.20,19.20
2009.07.13 13:07:16.080,0.71635,0.7165,8.00,16.00
2009.07.13 13:07:16.250,0.7164,0.7166,3.20,16.00
2009.07.13 13:07:16.430,0.7164,0.71665,3.20,21.60
2009.07.13 13:07:16.650,0.7164,0.71665,3.20,13.60
2009.07.13 13:07:16.950,0.7164,0.7166,3.20,1.60
2009.07.13 13:07:17.300,0.7163,0.71655,20.80,4.00
2009.07.13 13:07:17.770,0.7163,0.7165,4.80,3.20
2009.07.13 13:07:17.940,0.7163,0.71655,8.00,5.60
2009.07.13 13:07:18.100,0.7163,0.71655,12.80,4.00
2009.07.13 13:07:18.729,0.7163,0.7165,9.60,3.20
2009.07.13 13:07:18.960,0.7163,0.71655,12.80,3.20
2009.07.13 13:07:19.340,0.71635,0.71655,12.80,3.20
2009.07.13 13:07:19.729,0.7164,0.71655,4.80,3.20
2009.07.13 13:07:20.299,0.7165,0.71665,4.80,3.20
2009.07.13 13:07:20.689,0.7165,0.71675,8.00,5.60
2009.07.13 13:07:21.159,0.7165,0.7167,4.80,3.20
2009.07.13 13:07:21.389,0.7165,0.71665,4.80,3.20
2009.07.13 13:07:21.609,0.7165,0.71675,8.00,4.00
2009.07.13 13:07:22.119,0.7165,0.7167,5.00,3.20
2009.07.13 13:07:22.680,0.71655,0.7167,1.00,3.20
2009.07.13 13:07:22.918,0.71655,0.71675,4.80,3.20
2009.07.13 13:07:23.499,0.7166,0.71675,4.80,3.20
2009.07.13 13:07:23.898,0.7165,0.71665,9.60,3.20
2009.07.13 13:07:24.238,0.71655,0.7168,19.20,4.00
2009.07.13 13:07:24.588,0.71655,0.7168,3.20,3.20
2009.07.13 13:07:25.088,0.71655,0.7167,3.20,1.00
2009.07.13 13:07:25.438,0.7165,0.7167,4.80,3.20
2009.07.13 13:07:25.668,0.71655,0.7168,3.20,3.20
2009.07.13 13:07:25.898,0.71655,0.71675,3.20,3.20
2009.07.13 13:07:26.118,0.71655,0.7168,3.20,3.20
2009.07.13 13:07:26.408,0.7165,0.7167,17.60,3.20
2009.07.13 13:07:26.808,0.7165,0.7167,9.60,3.20
2009.07.13 13:07:27.697,0.71655,0.7167,1.00,3.20
2009.07.13 13:07:28.047,0.71655,0.7168,3.20,3.20
2009.07.13 13:07:28.457,0.71665,0.7168,3.20,1.00
2009.07.13 13:07:29.537,0.71655,0.7168,24.00,3.20
2009.07.13 13:07:29.877,0.71655,0.7168,31.20,3.20
2009.07.13 13:07:30.107,0.7166,0.7168,4.80,3.20
2009.07.13 13:07:30.727,0.71665,0.7168,3.20,1.00
2009.07.13 13:07:30.957,0.71665,0.7169,3.20,19.20
2009.07.13 13:07:31.576,0.71665,0.7168,3.20,1.00
2009.07.13 13:07:31.936,0.7166,0.7168,4.80,3.20
2009.07.13 13:07:32.336,0.7166,0.7168,4.80,4.80
2009.07.13 13:07:32.506,0.7166,0.7167,4.80,1.00
2009.07.13 13:07:32.786,0.71655,0.7168,8.80,11.20
2009.07.13 13:07:33.026,0.71655,0.7168,9.60,4.80
2009.07.13 13:07:33.246,0.71655,0.7168,8.00,3.20
2009.07.13 13:07:33.486,0.71655,0.7168,20.80,3.20
2009.07.13 13:07:33.706,0.71655,0.71675,25.60,3.20
2009.07.13 13:07:34.006,0.7166,0.71675,4.80,3.20
2009.07.13 13:07:34.186,0.7166,0.7168,4.80,3.20
2009.07.13 13:07:36.185,0.7166,0.71685,8.00,4.00
2009.07.13 13:07:36.485,0.7166,0.71685,16.00,3.20
2009.07.13 13:07:36.765,0.7166,0.71685,17.60,3.20
2009.07.13 13:07:37.345,0.7166,0.71685,8.00,3.20
2009.07.13 13:07:37.825,0.7166,0.71685,8.00,4.00
2009.07.13 13:07:38.227,0.7166,0.71685,8.00,3.20
2009.07.13 13:07:39.215,0.7166,0.71685,16.00,3.20
2009.07.13 13:07:40.005,0.7166,0.7168,4.80,3.20
2009.07.13 13:07:40.404,0.71655,0.71675,3.20,3.20
2009.07.13 13:07:40.753,0.71655,0.71675,16.00,3.20
2009.07.13 13:07:41.373,0.71655,0.71675,22.40,3.20
2009.07.13 13:07:41.543,0.71655,0.71675,16.00,3.20
2009.07.13 13:07:41.903,0.71655,0.71675,24.00,3.20
2009.07.13 13:07:42.132,0.71655,0.7168,27.20,3.20
2009.07.13 13:07:42.932,0.7166,0.71685,3.20,4.00
2009.07.13 13:07:43.332,0.7166,0.7168,1.60,3.20
2009.07.13 13:07:43.682,0.71665,0.7169,8.00,3.20
2009.07.13 13:07:43.892,0.71665,0.7169,8.00,19.20
2009.07.13 13:07:44.072,0.71665,0.7169,8.00,3.20
2009.07.13 13:07:46.111,0.7166,0.71685,3.20,4.00
2009.07.13 13:07:46.401,0.71665,0.7168,3.20,2.40
2009.07.13 13:07:46.731,0.7166,0.71685,3.20,4.00
2009.07.13 13:07:47.471,0.71655,0.7168,24.00,3.20
2009.07.13 13:07:47.701,0.71655,0.7168,12.80,3.20
2009.07.13 13:07:47.941,0.71655,0.7168,11.20,3.20
2009.07.13 13:07:48.461,0.71655,0.7168,6.40,3.20
2009.07.13 13:07:49.481,0.71655,0.71675,3.20,3.20
2009.07.13 13:07:49.831,0.7166,0.7167,3.20,1.00
2009.07.13 13:07:50.231,0.71655,0.7167,3.20,1.00
2009.07.13 13:07:50.641,0.7166,0.71685,3.20,31.20
2009.07.13 13:07:51.050,0.71665,0.71685,3.20,19.20
2009.07.13 13:07:51.390,0.71665,0.71685,3.20,11.20
2009.07.13 13:07:51.630,0.71665,0.71685,3.20,3.20
2009.07.13 13:07:51.860,0.71655,0.7168,3.20,3.20
2009.07.13 13:07:52.510,0.7166,0.71685,3.20,10.40
2009.07.13 13:07:52.740,0.71665,0.71675,3.20,1.60
2009.07.13 13:07:52.970,0.71665,0.7168,3.20,7.20
2009.07.13 13:07:53.260,0.71655,0.7168,14.40,3.20
2009.07.13 13:07:53.610,0.71655,0.71665,9.60,4.00
2009.07.13 13:07:53.900,0.7165,0.71665,11.20,4.00
2009.07.13 13:07:54.250,0.7165,0.7167,1.60,20.80
2009.07.13 13:07:54.599,0.7164,0.7166,9.60,3.20
2009.07.13 13:07:55.449,0.71645,0.7166,3.20,1.00
2009.07.13 13:07:55.919,0.7164,0.7166,14.40,3.20
2009.07.13 13:07:56.139,0.71645,0.7166,3.20,1.00
2009.07.13 13:07:57.189,0.71645,0.7166,3.20,2.40
2009.07.13 13:07:57.829,0.7164,0.71665,8.00,4.00
2009.07.13 13:07:57.999,0.71645,0.7166,3.20,2.40
2009.07.13 13:07:58.968,0.7164,0.71665,8.00,4.00
2009.07.13 13:08:01.708,0.7164,0.7166,4.80,3.20
2009.07.13 13:08:01.878,0.71635,0.7166,25.80,3.20
2009.07.13 13:08:02.218,0.71635,0.7165,25.60,1.00
2009.07.13 13:08:02.548,0.71645,0.7166,1.00,4.80
2009.07.13 13:08:02.938,0.71635,0.7166,3.20,3.20
2009.07.13 13:08:03.178,0.7164,0.71665,3.20,25.60
2009.07.13 13:08:03.408,0.7164,0.7166,3.20,8.00
2009.07.13 13:08:03.757,0.7164,0.71665,3.20,24.00
2009.07.13 13:08:03.987,0.7163,0.71655,14.60,4.00
2009.07.13 13:08:04.327,0.7163,0.71655,11.40,4.00
2009.07.13 13:08:04.667,0.7164,0.7166,3.20,16.00
2009.07.13 13:08:05.478,0.7164,0.7165,3.20,1.00
2009.07.13 13:08:05.917,0.7163,0.71655,8.00,4.00
2009.07.13 13:08:06.367,0.71625,0.7165,3.20,3.20
2009.07.13 13:08:06.727,0.7162,0.71645,8.00,4.00
2009.07.13 13:08:06.967,0.7162,0.71645,9.60,4.00
2009.07.13 13:08:07.196,0.7162,0.71645,10.40,4.00
2009.07.13 13:08:07.436,0.7162,0.71645,18.40,4.00
2009.07.13 13:08:08.256,0.7163,0.71655,3.20,21.60
2009.07.13 13:08:08.696,0.7163,0.71655,3.20,4.00
2009.07.13 13:08:09.046,0.71635,0.7165,3.20,2.40
2009.07.13 13:08:09.446,0.7163,0.71655,3.20,4.00
2009.07.13 13:08:10.825,0.71635,0.7165,3.20,2.40
2009.07.13 13:08:12.036,0.71625,0.7165,22.40,3.20
2009.07.13 13:08:12.315,0.7163,0.71655,3.20,4.00
2009.07.13 13:08:12.725,0.7163,0.71655,3.20,5.60
2009.07.13 13:08:13.005,0.71625,0.7165,3.20,3.20
2009.07.13 13:08:15.295,0.7163,0.71655,3.20,18.60
2009.07.13 13:08:15.734,0.71625,0.7165,28.80,3.20
2009.07.13 13:08:16.094,0.71635,0.7165,3.20,8.80
2009.07.13 13:08:16.444,0.7164,0.7165,3.20,1.00
2009.07.13 13:08:17.234,0.71635,0.7165,3.20,1.00
2009.07.13 13:08:18.604,0.7163,0.71655,8.00,4.00
2009.07.13 13:08:19.104,0.71635,0.71655,4.80,3.20
2009.07.13 13:08:19.954,0.7163,0.71655,21.60,3.20
2009.07.13 13:08:20.373,0.71625,0.7165,27.20,3.20
2009.07.13 13:08:20.603,0.71625,0.7165,25.60,3.20
2009.07.13 13:08:20.893,0.7163,0.71655,3.20,5.60
2009.07.13 13:08:21.183,0.7163,0.7165,4.80,3.20
2009.07.13 13:08:21.703,0.7163,0.71655,8.00,4.00
2009.07.13 13:08:23.043,0.7163,0.71655,8.00,4.20
2009.07.13 13:08:23.982,0.7163,0.71655,8.00,4.00
2009.07.13 13:08:27.902,0.7163,0.7165,4.80,3.20
2009.07.13 13:08:34.880,0.7163,0.71655,3.20,12.20
2009.07.13 13:08:35.180,0.7162,0.7164,14.40,3.20
2009.07.13 13:08:35.630,0.7162,0.7164,11.20,3.20
2009.07.13 13:08:35.960,0.7163,0.7164,8.00,8.00
2009.07.13 13:08:36.129,0.7164,0.7165,3.20,9.60
2009.07.13 13:08:36.301,0.7164,0.7165,3.20,8.00
2009.07.13 13:08:36.639,0.7164,0.71655,3.20,4.80
2009.07.13 13:08:37.519,0.71635,0.7165,3.20,1.00
2009.07.13 13:08:38.489,0.7163,0.71655,3.20,4.00
2009.07.13 13:08:38.609,0.71625,0.7165,8.20,3.20
2009.07.13 13:08:38.769,0.71625,0.71645,8.20,3.20
2009.07.13 13:08:41.449,0.7163,0.71655,3.20,12.00
2009.07.13 13:08:41.678,0.7163,0.71655,3.20,4.20
2009.07.13 13:08:41.948,0.71635,0.71655,4.80,4.20
2009.07.13 13:08:42.298,0.7163,0.71645,8.00,3.20
2009.07.13 13:08:42.528,0.7163,0.71645,4.80,3.20
2009.07.13 13:08:45.847,0.71625,0.71645,29.80,3.20
2009.07.13 13:08:46.177,0.71625,0.71645,20.00,3.20
2009.07.13 13:08:46.407,0.7163,0.71645,4.80,3.20
2009.07.13 13:08:47.037,0.7164,0.71645,4.80,3.20
2009.07.13 13:08:47.207,0.7164,0.71655,4.80,4.00
2009.07.13 13:08:47.547,0.7164,0.71655,4.80,3.20
2009.07.13 13:08:50.016,0.7164,0.71665,8.00,4.00
2009.07.13 13:08:53.465,0.7164,0.7165,4.80,1.00
2009.07.13 13:08:53.575,0.71635,0.7165,8.00,1.00
2009.07.13 13:08:53.745,0.71635,0.7165,3.20,1.00
2009.07.13 13:08:53.865,0.7163,0.71655,8.00,4.20
2009.07.13 13:08:53.925,0.7163,0.71655,8.00,12.20
2009.07.13 13:08:54.105,0.7163,0.71655,8.00,12.00
2009.07.13 13:08:54.165,0.7163,0.71655,8.00,4.00
2009.07.13 13:08:54.695,0.7163,0.71645,4.80,3.20
2009.07.13 13:09:00.724,0.71625,0.71645,11.20,3.20
2009.07.13 13:09:00.903,0.71625,0.71645,8.00,3.20
2009.07.13 13:09:06.342,0.71625,0.71645,4.80,4.00
2009.07.13 13:09:06.693,0.7162,0.71645,8.20,4.00
2009.07.13 13:09:11.481,0.71625,0.71645,8.00,3.20
2009.07.13 13:09:11.771,0.71625,0.7165,8.00,3.20
2009.07.13 13:09:12.281,0.71625,0.71645,8.00,3.20
2009.07.13 13:09:12.571,0.7163,0.71655,3.20,5.80
2009.07.13 13:09:12.931,0.71625,0.7165,8.00,3.20
2009.07.13 13:09:13.201,0.7163,0.71655,3.20,5.80
2009.07.13 13:09:13.550,0.7163,0.71655,3.20,4.20
2009.07.13 13:09:13.900,0.7163,0.71655,3.20,4.00
2009.07.13 13:09:14.180,0.7163,0.71655,8.00,4.00
2009.07.13 13:09:14.400,0.7163,0.71655,3.20,4.00
2009.07.13 13:09:14.690,0.71625,0.7165,9.80,3.20
2009.07.13 13:09:15.041,0.71625,0.71645,9.80,3.20
2009.07.13 13:09:15.330,0.71625,0.7165,9.80,3.20
2009.07.13 13:09:15.980,0.71625,0.7165,9.60,3.20
2009.07.13 13:09:16.830,0.71625,0.7165,9.80,3.20
2009.07.13 13:09:17.180,0.7163,0.71645,4.80,3.20
2009.07.13 13:09:17.299,0.71625,0.71645,9.60,3.20
2009.07.13 13:09:17.420,0.71625,0.71645,12.80,3.20
2009.07.13 13:09:17.590,0.71625,0.71645,13.00,3.20
2009.07.13 13:09:17.879,0.7163,0.71645,4.80,3.20
2009.07.13 13:09:20.109,0.71625,0.71645,12.00,3.20
2009.07.13 13:09:20.579,0.71625,0.71645,8.00,3.20
2009.07.13 13:09:20.819,0.71625,0.71645,4.80,3.20
2009.07.13 13:09:23.108,0.7163,0.71655,3.20,4.20
2009.07.13 13:09:23.288,0.71625,0.7165,8.00,3.20
2009.07.13 13:09:25.798,0.7163,0.7165,1.60,3.20
2009.07.13 13:09:25.978,0.7164,0.7165,4.80,8.80
2009.07.13 13:09:26.247,0.71635,0.71655,19.20,4.00
2009.07.13 13:09:26.427,0.7163,0.71655,3.20,5.60
2009.07.13 13:09:26.717,0.7163,0.71655,3.20,4.00
2009.07.13 13:09:26.997,0.71625,0.7165,8.00,3.20
2009.07.13 13:09:27.217,0.7163,0.7165,4.80,3.20
2009.07.13 13:09:28.197,0.71625,0.7165,24.20,3.20
2009.07.13 13:09:28.597,0.7163,0.71655,4.80,3.20
2009.07.13 13:09:28.827,0.7164,0.7166,3.20,22.40
2009.07.13 13:09:29.057,0.7163,0.71655,16.00,3.20
2009.07.13 13:09:29.407,0.7163,0.71655,8.00,3.20
2009.07.13 13:09:30.776,0.7163,0.71655,9.60,3.20
2009.07.13 13:09:31.166,0.71635,0.71655,4.80,3.20
2009.07.13 13:09:34.735,0.71635,0.7166,4.80,3.20
2009.07.13 13:09:34.905,0.71635,0.7166,8.00,3.20
2009.07.13 13:09:35.066,0.71635,0.71655,4.80,3.20
2009.07.13 13:09:36.615,0.71635,0.71655,5.00,3.20
2009.07.13 13:09:36.785,0.7164,0.71665,8.00,10.40
2009.07.13 13:09:37.015,0.71635,0.71655,25.80,3.20
2009.07.13 13:09:37.185,0.71635,0.71655,5.00,3.20
2009.07.13 13:09:38.034,0.71635,0.71655,4.80,3.20
2009.07.13 13:09:40.824,0.7163,0.71655,14.60,3.20
2009.07.13 13:09:40.934,0.71635,0.71655,4.80,3.20
2009.07.13 13:09:42.043,0.71635,0.7165,4.80,3.20
2009.07.13 13:09:42.434,0.7163,0.71635,4.80,3.20
2009.07.13 13:09:42.713,0.7163,0.7164,10.40,4.80
2009.07.13 13:09:43.104,0.7161,0.71635,17.60,3.20
2009.07.13 13:09:43.393,0.7161,0.71635,3.20,5.60
2009.07.13 13:09:43.693,0.71605,0.7163,19.20,3.20
2009.07.13 13:09:44.103,0.71605,0.7163,3.20,3.20
2009.07.13 13:09:47.162,0.71605,0.7163,3.20,19.20
2009.07.13 13:09:47.612,0.71605,0.71625,3.20,17.60
2009.07.13 13:09:47.842,0.71595,0.7162,13.00,3.20
2009.07.13 13:09:48.062,0.71605,0.7162,3.20,1.00
2009.07.13 13:09:48.352,0.71605,0.71625,3.20,8.00
2009.07.13 13:09:48.532,0.71605,0.71625,3.20,1.00
2009.07.13 13:09:48.872,0.71605,0.71625,3.20,16.20
2009.07.13 13:09:49.132,0.71595,0.7162,14.40,3.40
2009.07.13 13:09:49.422,0.71605,0.7162,3.20,1.00
2009.07.13 13:09:49.762,0.71605,0.7162,4.00,1.00
2009.07.13 13:09:50.062,0.71605,0.7162,3.20,1.00
2009.07.13 13:09:50.402,0.71605,0.71625,3.20,18.60
2009.07.13 13:09:50.812,0.71595,0.7162,14.40,3.20
2009.07.13 13:09:51.292,0.71595,0.7162,8.00,3.20
2009.07.13 13:09:51.751,0.71605,0.71625,3.20,16.80
2009.07.13 13:09:52.101,0.716,0.71625,8.00,4.00
2009.07.13 13:09:52.321,0.716,0.71625,3.20,4.00
2009.07.13 13:09:52.851,0.716,0.71625,8.00,4.00
2009.07.13 13:09:53.201,0.716,0.71625,8.20,19.20
2009.07.13 13:09:53.551,0.716,0.71625,13.00,3.20
2009.07.13 13:09:53.901,0.71605,0.71625,3.20,4.80
2009.07.13 13:09:56.190,0.71595,0.7162,29.00,1.60
2009.07.13 13:09:56.360,0.71605,0.71625,3.20,2.40
2009.07.13 13:09:56.600,0.716,0.7162,4.80,3.20
2009.07.13 13:09:57.170,0.71605,0.7162,3.20,1.60
2009.07.13 13:09:57.410,0.71605,0.71625,3.20,17.60
2009.07.13 13:09:57.650,0.71595,0.7162,31.20,4.80
2009.07.13 13:09:57.930,0.71595,0.7162,19.20,5.60
2009.07.13 13:09:58.160,0.71595,0.7162,12.80,3.20
2009.07.13 13:09:58.330,0.71605,0.71625,3.20,18.40
2009.07.13 13:09:58.780,0.716,0.71625,3.20,12.80
2009.07.13 13:09:59.069,0.716,0.71625,3.20,4.80
2009.07.13 13:09:59.359,0.716,0.7162,3.20,1.00
2009.07.13 13:09:59.589,0.71595,0.7162,12.80,4.80
2009.07.13 13:09:59.930,0.71605,0.71625,3.20,2.40
2009.07.13 13:10:00.749,0.716,0.7162,3.20,1.00
2009.07.13 13:10:01.219,0.716,0.71625,3.20,4.80
2009.07.13 13:10:03.169,0.716,0.7162,3.20,1.60
2009.07.13 13:10:03.519,0.71595,0.7162,8.00,5.60
2009.07.13 13:10:04.628,0.71605,0.71625,3.20,18.40
2009.07.13 13:10:05.328,0.71605,0.71625,3.20,2.40
2009.07.13 13:10:06.698,0.71605,0.7162,3.20,1.60
2009.07.13 13:10:07.148,0.716,0.7162,3.20,1.60
2009.07.13 13:10:07.258,0.71595,0.7162,12.80,4.80
2009.07.13 13:10:07.558,0.71595,0.7162,12.80,5.60
2009.07.13 13:10:07.967,0.71595,0.7162,8.00,5.60
2009.07.13 13:10:08.497,0.71595,0.71615,8.00,1.00
2009.07.13 13:10:08.837,0.71595,0.7162,3.20,4.80
2009.07.13 13:10:09.567,0.71595,0.7162,3.20,5.60
2009.07.13 13:10:10.897,0.71595,0.71615,3.20,1.00
2009.07.13 13:10:11.227,0.71595,0.71615,4.80,3.20
2009.07.13 13:10:12.156,0.71595,0.7162,3.20,4.80
2009.07.13 13:10:12.376,0.71595,0.7162,3.20,5.60
2009.07.13 13:10:14.546,0.71595,0.71615,3.20,1.00
2009.07.13 13:10:14.836,0.71605,0.7162,3.20,1.60
2009.07.13 13:10:15.305,0.716,0.71615,4.80,3.20
2009.07.13 13:10:15.636,0.71605,0.7162,3.20,1.60
2009.07.13 13:10:16.535,0.71595,0.71615,9.60,3.20
2009.07.13 13:10:16.775,0.71595,0.7162,12.80,5.60
2009.07.13 13:10:16.945,0.71595,0.71615,4.80,3.20
2009.07.13 13:10:17.235,0.71605,0.7162,3.20,1.60
2009.07.13 13:10:17.925,0.71595,0.7162,8.00,4.80
2009.07.13 13:10:18.105,0.71595,0.71615,4.80,3.20
2009.07.13 13:10:18.575,0.71595,0.71615,9.60,3.20
2009.07.13 13:10:18.805,0.71605,0.7162,3.20,1.60
2009.07.13 13:10:19.035,0.71595,0.71615,9.60,3.20
2009.07.13 13:10:19.615,0.716,0.71625,3.20,21.60
2009.07.13 13:10:19.904,0.71595,0.71615,9.60,3.20
2009.07.13 13:10:20.254,0.71595,0.7162,12.80,3.20
2009.07.13 13:10:20.544,0.71595,0.71615,9.60,3.20
2009.07.13 13:10:23.684,0.71595,0.7162,3.20,4.80
2009.07.13 13:10:25.073,0.71595,0.7162,3.20,5.00
2009.07.13 13:10:25.373,0.71595,0.7162,3.20,4.80
2009.07.13 13:10:26.303,0.71595,0.7162,19.20,4.80
2009.07.13 13:10:29.202,0.71595,0.7162,11.20,4.80
2009.07.13 13:10:29.422,0.71595,0.7162,3.20,4.80
2009.07.13 13:10:31.042,0.71595,0.7162,3.20,5.00
2009.07.13 13:10:31.742,0.71595,0.7162,3.20,3.20
2009.07.13 13:10:31.971,0.71595,0.7162,8.00,3.20
2009.07.13 13:10:32.252,0.71595,0.71615,4.80,3.20
2009.07.13 13:10:32.651,0.716,0.71625,3.20,22.40
2009.07.13 13:10:33.061,0.71595,0.71615,4.80,3.20
2009.07.13 13:10:33.351,0.71595,0.7161,3.20,1.00
2009.07.13 13:10:33.641,0.71585,0.7161,14.60,3.20
2009.07.13 13:10:33.921,0.71585,0.7161,17.80,3.20
2009.07.13 13:10:36.321,0.71585,0.71605,4.80,4.00
2009.07.13 13:10:36.380,0.7158,0.71605,8.20,4.00
2009.07.13 13:10:36.591,0.7158,0.71605,8.00,4.00
2009.07.13 13:10:38.780,0.71585,0.716,3.20,1.00
2009.07.13 13:10:39.120,0.7158,0.71605,9.60,4.00
2009.07.13 13:10:39.300,0.71585,0.716,3.20,1.00
2009.07.13 13:10:39.470,0.7159,0.716,4.80,1.00
2009.07.13 13:10:39.760,0.7159,0.7161,4.80,3.20
2009.07.13 13:10:41.699,0.7159,0.71605,4.80,4.00
2009.07.13 13:10:42.049,0.7158,0.716,17.60,3.20
2009.07.13 13:10:42.580,0.7158,0.716,11.20,3.20
2009.07.13 13:10:43.629,0.71585,0.71605,9.60,3.20
2009.07.13 13:10:44.089,0.71585,0.71605,12.80,3.20
2009.07.13 13:10:44.329,0.71585,0.716,8.00,1.00
2009.07.13 13:10:44.729,0.7158,0.71605,11.20,4.00
2009.07.13 13:10:45.588,0.7158,0.71605,8.00,4.00
2009.07.13 13:10:45.959,0.71585,0.716,3.20,1.00
2009.07.13 13:10:47.008,0.7158,0.71605,8.00,4.00
2009.07.13 13:10:47.298,0.71585,0.716,3.20,1.00
2009.07.13 13:10:47.408,0.71585,0.716,3.40,1.00
2009.07.13 13:10:47.628,0.71585,0.7161,8.20,19.20
2009.07.13 13:10:47.808,0.71585,0.7161,8.20,3.20
2009.07.13 13:10:47.928,0.71585,0.7161,3.40,3.20
2009.07.13 13:10:48.148,0.71585,0.71605,3.20,3.20
2009.07.13 13:10:48.258,0.71585,0.716,3.20,1.00
2009.07.13 13:10:48.498,0.71585,0.7161,3.20,4.80
2009.07.13 13:10:48.718,0.71585,0.7161,3.20,3.20
2009.07.13 13:10:49.558,0.71585,0.71605,8.20,3.20
2009.07.13 13:10:49.897,0.71585,0.71605,3.20,5.60
2009.07.13 13:10:50.277,0.71585,0.716,4.80,3.20
2009.07.13 13:10:50.627,0.71585,0.7161,8.00,19.20
2009.07.13 13:10:50.957,0.71585,0.7161,8.20,3.20
2009.07.13 13:10:56.876,0.71585,0.7161,8.00,3.20
2009.07.13 13:10:57.115,0.71585,0.7161,8.00,4.80
2009.07.13 13:10:57.355,0.71585,0.716,3.20,1.00
2009.07.13 13:10:59.415,0.71585,0.7161,8.00,19.20
2009.07.13 13:10:59.755,0.71585,0.716,3.20,1.00
2009.07.13 13:11:00.145,0.7158,0.716,6.40,3.20
2009.07.13 13:11:00.845,0.7158,0.71605,3.20,4.00
2009.07.13 13:11:01.755,0.71585,0.716,3.20,1.60
2009.07.13 13:11:02.165,0.71585,0.71605,3.20,21.60
2009.07.13 13:11:02.565,0.71575,0.7159,4.80,3.20
2009.07.13 13:11:02.794,0.71575,0.7159,1.60,3.20
2009.07.13 13:11:03.024,0.71575,0.7159,4.80,3.20
2009.07.13 13:11:03.554,0.71575,0.7159,22.40,3.20
2009.07.13 13:11:03.854,0.71585,0.71605,3.20,3.20
2009.07.13 13:11:04.184,0.71585,0.716,3.20,7.20
2009.07.13 13:11:04.534,0.71575,0.716,25.00,4.80
2009.07.13 13:11:04.863,0.7157,0.71595,5.00,5.60
2009.07.13 13:11:05.264,0.7157,0.71595,5.00,12.00
2009.07.13 13:11:05.604,0.7157,0.7158,1.00,3.20
2009.07.13 13:11:05.954,0.7157,0.7159,1.00,3.20
2009.07.13 13:11:06.183,0.7157,0.71595,3.40,8.80
2009.07.13 13:11:06.413,0.7158,0.7159,3.20,7.20
2009.07.13 13:11:06.644,0.71575,0.716,8.00,12.80
2009.07.13 13:11:06.993,0.71575,0.716,19.40,4.80
2009.07.13 13:11:07.233,0.7158,0.716,4.80,3.20
2009.07.13 13:11:07.443,0.7158,0.716,12.80,3.20
2009.07.13 13:11:07.783,0.7158,0.71605,11.20,5.60
2009.07.13 13:11:08.013,0.7158,0.71605,3.20,5.60
2009.07.13 13:11:08.813,0.71575,0.716,24.00,3.20
2009.07.13 13:11:09.213,0.7158,0.71605,3.20,5.60
2009.07.13 13:11:09.963,0.7158,0.716,1.00,3.20
2009.07.13 13:11:10.132,0.7158,0.7159,3.20,1.00
2009.07.13 13:11:10.892,0.7157,0.71595,13.00,5.60
2009.07.13 13:11:11.242,0.7157,0.71595,3.40,5.60
2009.07.13 13:11:12.342,0.7157,0.71595,3.40,4.00
2009.07.13 13:11:13.702,0.7158,0.7159,3.20,1.60
2009.07.13 13:11:13.992,0.71575,0.7159,8.00,1.60
2009.07.13 13:11:14.161,0.71575,0.7159,8.00,1.00
2009.07.13 13:11:14.661,0.71575,0.7159,3.20,1.00
2009.07.13 13:11:15.071,0.7157,0.71595,17.80,4.00
2009.07.13 13:11:15.411,0.7157,0.71595,8.20,4.00
2009.07.13 13:11:16.931,0.7157,0.71595,3.40,4.00
2009.07.13 13:11:17.101,0.7157,0.7159,5.00,3.20
2009.07.13 13:11:17.331,0.71575,0.7159,3.20,2.40
2009.07.13 13:11:17.451,0.71575,0.7159,3.20,1.00
2009.07.13 13:11:19.650,0.7157,0.71595,17.80,4.00
2009.07.13 13:11:20.120,0.7157,0.7159,14.60,3.20
2009.07.13 13:11:20.590,0.7157,0.7159,6.60,3.20
2009.07.13 13:11:21.700,0.7157,0.7159,5.00,3.20
2009.07.13 13:11:21.879,0.7157,0.71595,3.40,4.00
2009.07.13 13:11:22.849,0.7157,0.7159,1.00,3.20
2009.07.13 13:11:23.119,0.71565,0.7159,29.00,3.20
2009.07.13 13:11:23.229,0.71565,0.7158,3.40,1.00
2009.07.13 13:11:23.519,0.7157,0.7158,3.20,1.00
2009.07.13 13:11:23.859,0.7156,0.7158,4.80,3.20
2009.07.13 13:11:24.129,0.71555,0.7157,19.20,1.00
2009.07.13 13:11:24.609,0.71555,0.7157,3.20,4.80
2009.07.13 13:11:24.939,0.71555,0.7158,8.00,20.80
2009.07.13 13:11:25.339,0.7155,0.71575,12.80,4.00
2009.07.13 13:11:26.029,0.7155,0.71575,8.00,4.00
2009.07.13 13:11:26.369,0.7155,0.71575,3.20,4.00
2009.07.13 13:11:27.379,0.7155,0.71575,3.40,4.00
2009.07.13 13:11:27.658,0.71555,0.7157,3.20,1.00
2009.07.13 13:11:27.708,0.71545,0.7157,8.20,3.20
2009.07.13 13:11:28.058,0.71545,0.7157,14.60,3.20
2009.07.13 13:11:28.238,0.71545,0.7157,3.40,3.20
2009.07.13 13:11:28.818,0.71545,0.71565,1.00,3.20
2009.07.13 13:11:29.098,0.71545,0.71565,1.00,4.00
2009.07.13 13:11:29.538,0.7154,0.71565,9.80,4.00
2009.07.13 13:11:29.838,0.7154,0.7156,7.20,3.20
2009.07.13 13:11:30.010,0.71535,0.7155,19.20,1.00
2009.07.13 13:11:30.248,0.71535,0.71555,16.00,4.00
2009.07.13 13:11:30.587,0.71525,0.7155,29.00,3.20
2009.07.13 13:11:30.937,0.71525,0.7155,30.60,3.20
2009.07.13 13:11:31.287,0.7153,0.71555,8.20,4.00
2009.07.13 13:11:32.137,0.7153,0.7155,5.00,3.20
2009.07.13 13:11:32.417,0.71535,0.7155,3.20,1.00
2009.07.13 13:11:32.637,0.7153,0.71555,8.20,4.00
2009.07.13 13:11:33.807,0.7153,0.71545,5.00,3.20
2009.07.13 13:11:34.087,0.7153,0.71555,8.20,4.00
2009.07.13 13:11:34.357,0.71525,0.7154,19.20,3.20
2009.07.13 13:11:34.697,0.71525,0.7154,20.80,1.00
2009.07.13 13:11:35.157,0.7152,0.7154,8.00,3.20
2009.07.13 13:11:35.626,0.71515,0.7154,9.60,3.20
2009.07.13 13:11:35.906,0.71515,0.7154,10.40,3.20
2009.07.13 13:11:36.246,0.71505,0.7153,18.60,3.20
2009.07.13 13:11:36.536,0.7151,0.7153,4.80,3.20
2009.07.13 13:11:37.936,0.71505,0.7153,13.00,3.20
2009.07.13 13:11:38.156,0.71505,0.7153,12.80,3.20
2009.07.13 13:11:38.446,0.71505,0.7152,1.60,3.20
2009.07.13 13:11:38.616,0.71515,0.7152,4.80,1.00
2009.07.13 13:11:38.946,0.7151,0.7152,3.20,3.20
2009.07.13 13:11:39.125,0.71505,0.7152,3.20,1.00
2009.07.13 13:11:39.535,0.71495,0.7152,16.20,3.20
2009.07.13 13:11:39.766,0.71505,0.7152,4.80,3.20
2009.07.13 13:11:40.065,0.71505,0.71525,3.20,16.80
2009.07.13 13:11:40.985,0.71505,0.7152,3.20,1.00
2009.07.13 13:11:42.485,0.715,0.71525,8.00,4.00
2009.07.13 13:11:42.714,0.71505,0.7152,3.20,1.00
2009.07.13 13:11:42.995,0.71505,0.71525,3.20,2.40
2009.07.13 13:11:43.234,0.71495,0.7152,16.20,3.20
2009.07.13 13:11:44.644,0.71495,0.7152,14.60,3.20
2009.07.13 13:11:44.914,0.71505,0.71525,8.00,4.80
2009.07.13 13:11:45.094,0.71505,0.71525,8.20,3.20
2009.07.13 13:11:45.434,0.715,0.7152,9.60,3.20
2009.07.13 13:11:45.794,0.715,0.71525,12.80,4.00
2009.07.13 13:11:46.254,0.71505,0.7152,3.20,1.00
2009.07.13 13:11:46.433,0.71505,0.71525,3.20,5.60
2009.07.13 13:11:47.163,0.71505,0.7152,3.20,1.00
2009.07.13 13:11:48.153,0.715,0.7152,9.60,3.20
2009.07.13 13:11:48.433,0.715,0.7152,4.80,3.20
2009.07.13 13:11:49.303,0.71505,0.71525,3.20,20.00
2009.07.13 13:11:49.483,0.71505,0.7152,3.20,1.00
2009.07.13 13:11:50.503,0.7151,0.7153,3.20,16.00
2009.07.13 13:11:50.903,0.7151,0.71535,3.20,21.60
2009.07.13 13:11:52.452,0.71505,0.71525,8.00,3.20
2009.07.13 13:11:52.782,0.7151,0.7153,3.20,8.00
2009.07.13 13:11:52.892,0.7151,0.71535,3.20,31.20
2009.07.13 13:11:53.242,0.7151,0.71535,3.20,21.60
2009.07.13 13:11:55.322,0.7151,0.7153,4.80,3.20
2009.07.13 13:11:55.671,0.7151,0.7153,4.80,4.80
2009.07.13 13:11:56.011,0.7151,0.71535,3.20,10.40
2009.07.13 13:11:56.341,0.71505,0.7153,8.00,3.20
2009.07.13 13:11:56.691,0.71505,0.7153,24.00,3.20
2009.07.13 13:11:57.202,0.71505,0.7153,29.00,3.20
2009.07.13 13:11:57.421,0.7151,0.71535,3.20,5.60
2009.07.13 13:11:57.701,0.7151,0.71535,3.40,5.60
2009.07.13 13:11:58.161,0.7151,0.71535,3.40,4.00
2009.07.13 13:11:58.511,0.71515,0.71535,1.00,3.20
2009.07.13 13:11:58.863,0.7152,0.71545,3.20,28.80
2009.07.13 13:11:59.091,0.71535,0.71545,3.20,8.00
2009.07.13 13:11:59.581,0.71535,0.7155,3.20,1.00
2009.07.13 13:11:59.991,0.71535,0.7156,3.20,4.80
2009.07.13 13:12:00.230,0.71535,0.7155,3.20,1.00
2009.07.13 13:12:01.390,0.71535,0.7156,3.20,19.20
2009.07.13 13:12:01.560,0.71535,0.71555,3.20,3.20
2009.07.13 13:12:01.790,0.71535,0.7155,3.20,1.00
2009.07.13 13:12:02.300,0.71535,0.71555,4.80,3.20
2009.07.13 13:12:02.880,0.71535,0.7156,8.00,3.20
2009.07.13 13:12:03.230,0.7153,0.7156,22.60,3.20
2009.07.13 13:12:03.690,0.71535,0.71555,4.80,3.20
2009.07.13 13:12:03.920,0.7154,0.71565,3.20,5.60
2009.07.13 13:12:04.149,0.71535,0.71555,9.60,3.20
2009.07.13 13:12:04.490,0.71535,0.71555,4.80,3.20
2009.07.13 13:12:04.939,0.71535,0.7156,3.20,4.80
2009.07.13 13:12:05.459,0.71535,0.7155,3.20,1.00
2009.07.13 13:12:06.139,0.7153,0.71555,3.20,4.00
2009.07.13 13:12:06.779,0.71525,0.71545,4.80,4.00
2009.07.13 13:12:06.989,0.7152,0.71545,8.00,4.00
2009.07.13 13:12:07.459,0.7152,0.71545,3.20,4.00
2009.07.13 13:12:07.799,0.71525,0.7155,8.00,19.20
2009.07.13 13:12:08.138,0.71525,0.7155,8.00,3.20
2009.07.13 13:12:08.539,0.7152,0.71535,12.80,4.00
2009.07.13 13:12:08.948,0.7151,0.7153,14.40,3.20
2009.07.13 13:12:09.298,0.7151,0.7153,4.80,3.20
2009.07.13 13:12:09.458,0.71505,0.7152,21.00,3.20
2009.07.13 13:12:09.988,0.71505,0.7152,5.00,3.20
2009.07.13 13:12:10.158,0.71505,0.7153,14.60,3.20
2009.07.13 13:12:10.688,0.7152,0.7153,3.20,1.00
2009.07.13 13:12:11.068,0.7151,0.71535,5.00,4.00
2009.07.13 13:12:11.468,0.7151,0.7153,1.60,3.20
2009.07.13 13:12:11.688,0.7151,0.71535,8.00,4.00
2009.07.13 13:12:12.397,0.7151,0.71535,9.60,4.00
2009.07.13 13:12:12.858,0.7151,0.71535,17.60,2.80
2009.07.13 13:12:13.267,0.71515,0.7153,6.40,2.00
2009.07.13 13:12:13.547,0.71515,0.7154,8.20,2.00
2009.07.13 13:12:13.887,0.71515,0.7153,3.20,1.00
2009.07.13 13:12:14.357,0.71515,0.7153,8.00,1.00
2009.07.13 13:12:15.007,0.71515,0.7154,8.00,2.00
2009.07.13 13:12:16.046,0.71525,0.71545,8.00,18.80
2009.07.13 13:12:16.336,0.71525,0.7154,8.00,1.00
2009.07.13 13:12:17.036,0.71525,0.71545,4.80,3.20
2009.07.13 13:12:17.246,0.7153,0.71545,4.80,3.20
2009.07.13 13:12:17.776,0.7153,0.71555,11.20,4.00
2009.07.13 13:12:18.166,0.71535,0.71555,4.80,4.00
2009.07.13 13:12:18.906,0.71535,0.71555,4.80,3.20
2009.07.13 13:12:19.136,0.7153,0.7155,8.20,3.20
2009.07.13 13:12:19.366,0.7153,0.7155,5.00,3.20
2009.07.13 13:12:20.556,0.7153,0.7155,4.80,3.20
2009.07.13 13:12:21.195,0.7153,0.7155,5.00,3.20
2009.07.13 13:12:21.895,0.7153,0.7155,4.80,3.20
2009.07.13 13:12:22.195,0.71525,0.71545,6.40,3.20
2009.07.13 13:12:22.555,0.71525,0.71545,3.20,6.40
2009.07.13 13:12:22.785,0.71525,0.71545,3.20,12.80
2009.07.13 13:12:22.905,0.71525,0.71545,3.20,17.60
2009.07.13 13:12:23.305,0.7152,0.71545,8.00,17.60
2009.07.13 13:12:23.595,0.71515,0.71535,9.60,3.20
2009.07.13 13:12:23.865,0.71515,0.71535,12.80,3.20
2009.07.13 13:12:24.035,0.71515,0.7154,8.00,3.20
2009.07.13 13:12:24.325,0.71515,0.71535,8.00,3.20
2009.07.13 13:12:24.784,0.71515,0.71535,4.80,3.20
2009.07.13 13:12:25.015,0.71515,0.71535,5.00,3.20
2009.07.13 13:12:25.244,0.71515,0.7154,8.20,3.20
2009.07.13 13:12:25.584,0.71515,0.7154,8.00,3.20
2009.07.13 13:12:25.964,0.71515,0.7154,3.20,15.20
2009.07.13 13:12:26.664,0.71515,0.7153,3.20,1.00
2009.07.13 13:12:27.124,0.71515,0.7153,3.20,2.40
2009.07.13 13:12:27.484,0.7151,0.71535,3.20,4.00
2009.07.13 13:12:27.834,0.71515,0.71535,4.80,5.60
2009.07.13 13:12:27.944,0.7151,0.71535,8.00,5.60
2009.07.13 13:12:28.164,0.7151,0.71535,8.00,4.00
2009.07.13 13:12:28.284,0.7151,0.71535,3.20,4.00
2009.07.13 13:12:28.573,0.71515,0.71535,4.80,4.00
2009.07.13 13:12:28.853,0.71525,0.7154,3.20,8.00
2009.07.13 13:12:29.203,0.7153,0.71535,4.80,1.60
2009.07.13 13:12:29.563,0.71525,0.71545,9.60,3.20
2009.07.13 13:12:29.913,0.71525,0.7155,17.60,3.20
2009.07.13 13:12:30.253,0.71525,0.7155,22.40,3.20
2009.07.13 13:12:30.603,0.7153,0.7155,3.20,3.20
2009.07.13 13:12:31.523,0.7153,0.7155,3.20,4.80
2009.07.13 13:12:31.703,0.7153,0.71545,3.20,3.20
2009.07.13 13:12:32.064,0.71525,0.71545,8.00,1.00
2009.07.13 13:12:32.473,0.71525,0.71545,8.00,8.00
2009.07.13 13:12:32.892,0.7153,0.7155,8.00,8.00
2009.07.13 13:12:33.162,0.7153,0.71555,8.00,19.20
2009.07.13 13:12:34.292,0.7153,0.71555,3.20,19.20
2009.07.13 13:12:34.872,0.7153,0.71555,3.40,3.20
2009.07.13 13:12:35.272,0.71525,0.71545,8.00,3.20
2009.07.13 13:12:35.622,0.71535,0.71545,4.80,8.00
2009.07.13 13:12:35.972,0.71535,0.7155,8.00,8.00
2009.07.13 13:12:36.332,0.71535,0.71555,8.00,3.20
2009.07.13 13:12:36.861,0.71535,0.71555,4.80,3.20
2009.07.13 13:12:37.431,0.7153,0.71555,8.00,3.20
2009.07.13 13:12:37.711,0.7153,0.7155,4.80,3.20
2009.07.13 13:12:40.481,0.7153,0.7155,3.20,3.20
2009.07.13 13:12:40.820,0.7153,0.71555,8.00,19.20
2009.07.13 13:12:41.111,0.7153,0.71555,8.00,3.20
2009.07.13 13:12:44.220,0.71535,0.7156,8.00,3.20
2009.07.13 13:12:45.379,0.7154,0.7156,4.80,3.20
2009.07.13 13:12:45.899,0.71545,0.7157,8.00,33.60
2009.07.13 13:12:46.239,0.71545,0.7157,3.20,42.40
2009.07.13 13:12:47.099,0.7154,0.71565,3.20,3.20
2009.07.13 13:12:47.729,0.71535,0.71555,8.00,3.20
2009.07.13 13:12:48.029,0.71535,0.71555,8.20,3.20
2009.07.13 13:12:48.209,0.7154,0.71555,1.00,3.20
2009.07.13 13:12:48.429,0.71545,0.7157,3.20,26.40
2009.07.13 13:12:48.779,0.71545,0.7157,3.20,42.40
2009.07.13 13:12:49.409,0.71545,0.7156,3.20,6.40
2009.07.13 13:12:51.008,0.71545,0.71565,3.20,4.80
2009.07.13 13:12:51.298,0.71545,0.7157,8.00,14.40
2009.07.13 13:12:51.588,0.71545,0.7157,8.20,3.20
2009.07.13 13:12:51.888,0.71555,0.7158,3.20,19.20
2009.07.13 13:12:52.058,0.71555,0.7158,3.20,12.80
2009.07.13 13:12:52.458,0.71555,0.71575,3.20,3.20
2009.07.13 13:12:52.918,0.71555,0.7158,3.20,30.40
2009.07.13 13:12:53.267,0.7155,0.7157,4.80,3.20
2009.07.13 13:12:53.488,0.7155,0.71575,8.00,3.20
2009.07.13 13:12:55.227,0.71555,0.71575,4.80,3.20
2009.07.13 13:12:55.457,0.71555,0.7158,8.00,40.00
2009.07.13 13:12:55.857,0.7156,0.7158,6.40,22.40
2009.07.13 13:12:56.277,0.7156,0.7158,8.00,3.20
2009.07.13 13:12:56.547,0.7156,0.71575,4.80,3.20
2009.07.13 13:12:56.777,0.7156,0.71585,8.00,19.20
2009.07.13 13:12:57.296,0.7156,0.71585,8.00,3.20
2009.07.13 13:12:58.526,0.71555,0.7158,11.20,3.20
2009.07.13 13:12:58.756,0.7156,0.71585,8.00,19.20
2009.07.13 13:12:59.336,0.7156,0.71585,9.60,19.20
2009.07.13 13:12:59.686,0.71565,0.71585,4.80,3.20
2009.07.13 13:13:00.906,0.71555,0.7158,9.60,3.20
2009.07.13 13:13:01.256,0.71555,0.7158,8.00,3.20
2009.07.13 13:13:02.116,0.7156,0.7158,4.80,3.20
2009.07.13 13:13:03.155,0.7155,0.71575,14.40,3.20
2009.07.13 13:13:03.515,0.7155,0.71575,3.20,3.20
2009.07.13 13:13:04.105,0.71545,0.7157,8.00,3.20
2009.07.13 13:13:04.276,0.71545,0.71565,4.80,3.20
2009.07.13 13:13:05.854,0.7155,0.71575,8.00,3.20
2009.07.13 13:13:06.145,0.71545,0.7157,20.80,3.20
2009.07.13 13:13:06.495,0.7155,0.71575,3.20,11.20
2009.07.13 13:13:06.774,0.71545,0.7157,8.00,3.20
2009.07.13 13:13:08.094,0.71545,0.71565,8.00,3.20
2009.07.13 13:13:09.254,0.71545,0.7157,8.00,3.20
2009.07.13 13:13:09.893,0.71555,0.71575,3.20,19.20
2009.07.13 13:13:10.483,0.71555,0.71575,3.20,3.20
2009.07.13 13:13:11.813,0.7155,0.71575,8.00,3.20
2009.07.13 13:13:12.103,0.71555,0.7158,3.20,19.20
2009.07.13 13:13:12.553,0.71555,0.7158,3.20,3.20
2009.07.13 13:13:14.373,0.7155,0.71575,8.00,3.20
2009.07.13 13:13:15.183,0.7155,0.71575,9.60,3.20
2009.07.13 13:13:15.362,0.71555,0.71575,4.80,3.20
2009.07.13 13:13:20.331,0.71555,0.7158,8.00,3.20
2009.07.13 13:13:21.361,0.71555,0.71575,4.80,3.20
2009.07.13 13:13:21.481,0.7155,0.7157,6.60,3.20
2009.07.13 13:13:21.711,0.71555,0.7157,4.80,3.20
2009.07.13 13:13:21.831,0.7155,0.7157,8.00,3.20
2009.07.13 13:13:21.941,0.7155,0.7157,4.80,3.20
2009.07.13 13:13:22.112,0.71555,0.7157,4.80,3.20
2009.07.13 13:13:22.351,0.7155,0.71575,11.20,3.20
2009.07.13 13:13:22.581,0.7155,0.71575,8.00,3.20
2009.07.13 13:13:22.990,0.7155,0.71565,4.80,3.20
2009.07.13 13:13:25.050,0.7155,0.71565,4.80,2.60
2009.07.13 13:13:26.630,0.7155,0.71575,3.20,35.00
2009.07.13 13:13:27.139,0.7155,0.71565,4.80,2.60
2009.07.13 13:13:27.430,0.7155,0.71575,8.00,35.00
2009.07.13 13:13:27.719,0.7155,0.71575,3.20,35.00
2009.07.13 13:13:28.349,0.71545,0.7157,3.20,2.60
2009.07.13 13:13:28.579,0.71545,0.7157,3.20,23.40
2009.07.13 13:13:29.099,0.71545,0.7157,3.20,39.40
2009.07.13 13:13:29.279,0.71545,0.71565,3.20,2.60
2009.07.13 13:13:29.439,0.7154,0.7156,8.00,3.20
2009.07.13 13:13:34.208,0.7155,0.71575,3.20,35.40
2009.07.13 13:13:34.388,0.7155,0.71565,4.80,3.20
2009.07.13 13:13:36.897,0.71555,0.71565,4.80,3.20
2009.07.13 13:13:37.237,0.71555,0.7158,8.00,24.00
2009.07.13 13:13:37.517,0.71555,0.7158,8.00,19.20
2009.07.13 13:13:39.347,0.71555,0.7158,3.20,19.20
2009.07.13 13:13:39.636,0.7155,0.71565,4.80,3.20
2009.07.13 13:13:40.466,0.7155,0.7157,4.80,3.20
2009.07.13 13:13:40.796,0.7155,0.7157,6.40,3.20
2009.07.13 13:13:41.186,0.71555,0.7157,8.00,6.40
2009.07.13 13:13:41.486,0.7155,0.7157,4.00,3.20
2009.07.13 13:13:41.716,0.71555,0.7157,1.00,3.20
2009.07.13 13:13:42.066,0.7155,0.7157,5.60,3.20
2009.07.13 13:13:42.236,0.7155,0.71565,4.80,3.20
2009.07.13 13:13:43.905,0.71555,0.71565,1.60,3.20
2009.07.13 13:13:46.275,0.71575,0.71615,28.80,32.80
2009.07.13 13:13:46.635,0.71575,0.71615,38.40,32.80
2009.07.13 13:13:46.815,0.7158,0.71615,9.60,16.80
2009.07.13 13:13:47.045,0.7158,0.71615,9.60,32.80
2009.07.13 13:13:47.224,0.7158,0.71605,8.00,3.20
2009.07.13 13:13:48.245,0.7158,0.71605,12.80,3.20
2009.07.13 13:13:48.544,0.71575,0.71605,34.40,3.20
2009.07.13 13:13:48.704,0.71585,0.71605,4.80,3.20
2009.07.13 13:13:49.054,0.71575,0.716,30.40,3.20
2009.07.13 13:13:49.454,0.71585,0.7161,4.80,3.20
2009.07.13 13:13:50.724,0.7159,0.7161,4.80,3.20
2009.07.13 13:13:51.174,0.71585,0.7161,4.80,3.20
2009.07.13 13:13:51.674,0.7159,0.7161,4.80,3.20
2009.07.13 13:13:54.173,0.7159,0.7162,8.00,3.20
2009.07.13 13:13:55.153,0.71595,0.7162,3.20,3.20
2009.07.13 13:13:56.312,0.71595,0.7162,4.00,3.20
2009.07.13 13:14:00.131,0.71585,0.71605,28.00,3.20
2009.07.13 13:14:00.311,0.71585,0.71605,24.80,3.20
2009.07.13 13:14:01.791,0.71585,0.7161,28.00,3.20
2009.07.13 13:14:02.131,0.716,0.7162,4.80,25.60
2009.07.13 13:14:02.371,0.716,0.7162,4.80,19.20
2009.07.13 13:14:02.601,0.716,0.7162,4.80,3.20
2009.07.13 13:14:02.901,0.71605,0.71625,5.60,3.20
2009.07.13 13:14:03.311,0.716,0.71625,9.60,3.20
2009.07.13 13:14:03.780,0.716,0.71625,8.00,3.20
2009.07.13 13:14:04.300,0.71605,0.7163,3.20,3.20
2009.07.13 13:14:04.720,0.71605,0.71625,3.20,1.60
2009.07.13 13:14:04.990,0.71595,0.71615,25.60,3.20
2009.07.13 13:14:05.340,0.71595,0.71615,19.20,3.20
2009.07.13 13:14:05.510,0.71595,0.71615,1.60,3.20
2009.07.13 13:14:05.890,0.7159,0.71615,20.80,3.20
2009.07.13 13:14:06.360,0.7159,0.7161,17.60,3.20
2009.07.13 13:14:09.349,0.7159,0.71605,17.60,3.20
2009.07.13 13:14:09.819,0.7159,0.71605,12.80,3.20
2009.07.13 13:14:10.569,0.71585,0.716,5.60,3.20
2009.07.13 13:14:10.909,0.71575,0.7159,3.20,3.20
2009.07.13 13:14:11.309,0.7157,0.7159,12.80,3.20
2009.07.13 13:14:11.669,0.71565,0.7159,9.60,3.20
2009.07.13 13:14:12.009,0.71565,0.71585,6.40,3.20
2009.07.13 13:14:12.248,0.71565,0.7159,8.00,3.40
2009.07.13 13:14:12.708,0.71565,0.7159,8.00,3.20
2009.07.13 13:14:13.008,0.7157,0.7159,4.80,3.20
2009.07.13 13:14:13.238,0.71565,0.71585,4.80,3.20
2009.07.13 13:14:16.457,0.7156,0.71585,20.80,4.80
2009.07.13 13:14:16.797,0.71565,0.71585,3.20,4.80
2009.07.13 13:14:17.277,0.71555,0.7158,28.80,3.20
2009.07.13 13:14:17.448,0.71565,0.71585,3.20,1.60
2009.07.13 13:14:22.666,0.7156,0.71585,20.80,3.20
2009.07.13 13:14:22.886,0.71565,0.71585,4.80,3.20
2009.07.13 13:14:23.706,0.7156,0.71585,8.00,3.20
2009.07.13 13:14:24.276,0.7156,0.7158,4.80,3.20
2009.07.13 13:14:26.095,0.7156,0.71575,4.80,3.20
2009.07.13 13:14:26.695,0.71565,0.7158,4.80,3.20
2009.07.13 13:14:28.255,0.7156,0.71575,8.00,3.20
2009.07.13 13:14:28.475,0.7156,0.71575,4.80,3.20
2009.07.13 13:14:28.585,0.71555,0.7157,3.20,3.20
2009.07.13 13:14:28.875,0.71555,0.71575,6.40,3.20
2009.07.13 13:14:29.045,0.71555,0.71575,4.80,3.20
2009.07.13 13:14:32.204,0.71555,0.71575,8.80,3.20
2009.07.13 13:14:32.434,0.7156,0.71575,4.80,3.20
2009.07.13 13:14:36.793,0.7156,0.7157,4.80,3.20
2009.07.13 13:14:36.853,0.7155,0.7157,11.20,3.20
2009.07.13 13:14:37.162,0.7155,0.7157,8.00,3.20
2009.07.13 13:14:37.732,0.71545,0.7157,11.20,3.20
2009.07.13 13:14:38.452,0.71545,0.7157,9.60,3.20
2009.07.13 13:14:39.132,0.71545,0.7157,8.00,3.20
2009.07.13 13:14:39.462,0.71545,0.7157,9.60,3.20
2009.07.13 13:14:39.812,0.7156,0.71575,4.80,3.20
2009.07.13 13:14:40.612,0.7155,0.71575,17.60,3.20
2009.07.13 13:14:40.962,0.7155,0.71575,14.40,3.20
2009.07.13 13:14:41.312,0.71555,0.7158,8.00,3.20
2009.07.13 13:14:41.652,0.7156,0.7158,4.80,3.20
2009.07.13 13:14:42.441,0.7156,0.71575,4.80,3.20
2009.07.13 13:14:45.170,0.7156,0.7158,4.80,3.20
2009.07.13 13:14:45.681,0.7156,0.71575,4.80,3.20
2009.07.13 13:14:46.890,0.7155,0.7157,17.80,3.20
2009.07.13 13:14:47.130,0.7155,0.7157,8.20,3.20
2009.07.13 13:14:47.240,0.7155,0.7157,17.80,3.20
2009.07.13 13:14:48.160,0.7155,0.7157,17.60,3.20
2009.07.13 13:14:48.400,0.7155,0.7157,17.80,3.20
2009.07.13 13:14:48.730,0.7156,0.71585,8.00,3.20
2009.07.13 13:14:49.380,0.7156,0.71575,4.80,3.20
2009.07.13 13:14:49.780,0.7156,0.71575,6.40,3.20
2009.07.13 13:14:50.010,0.71565,0.71585,3.20,3.20
2009.07.13 13:14:50.229,0.7157,0.71595,3.20,17.60
2009.07.13 13:14:50.609,0.7157,0.71595,3.20,3.20
2009.07.13 13:14:50.969,0.71565,0.7159,8.80,3.20
2009.07.13 13:14:51.259,0.71565,0.7159,24.00,3.20
2009.07.13 13:14:51.839,0.7157,0.71575,6.40,3.20
2009.07.13 13:14:52.179,0.71555,0.7158,24.20,3.20
2009.07.13 13:14:52.559,0.71555,0.7158,24.00,3.20
2009.07.13 13:14:52.739,0.71555,0.7158,4.80,3.20
2009.07.13 13:14:52.909,0.71555,0.7158,8.00,3.20
2009.07.13 13:14:53.349,0.71555,0.7158,16.00,3.20
2009.07.13 13:14:53.529,0.71555,0.7158,24.00,3.20
2009.07.13 13:14:53.989,0.71555,0.7158,19.20,3.20
2009.07.13 13:14:54.219,0.7156,0.71575,2.40,3.20
2009.07.13 13:14:54.380,0.7156,0.71575,5.60,3.20
2009.07.13 13:14:54.659,0.71565,0.71575,1.00,3.20
2009.07.13 13:14:55.009,0.71555,0.71575,20.80,3.20
2009.07.13 13:14:55.478,0.71555,0.7158,24.00,3.20
2009.07.13 13:14:55.748,0.71565,0.7158,3.20,6.40
2009.07.13 13:14:56.158,0.71565,0.7159,3.20,3.20
2009.07.13 13:14:56.488,0.7157,0.71595,10.40,3.20
2009.07.13 13:14:57.208,0.71575,0.716,3.20,3.20
2009.07.13 13:14:58.248,0.71575,0.71595,3.20,3.20
2009.07.13 13:14:58.937,0.71575,0.7159,3.20,9.60
2009.07.13 13:14:59.097,0.7156,0.71585,19.40,3.20
2009.07.13 13:14:59.217,0.7156,0.7158,8.00,3.20
2009.07.13 13:14:59.387,0.7156,0.7158,6.40,3.20
2009.07.13 13:14:59.507,0.7156,0.7158,4.80,3.20
2009.07.13 13:15:00.687,0.71565,0.7159,3.20,41.60
2009.07.13 13:15:01.027,0.71565,0.7159,3.20,40.00
2009.07.13 13:15:02.966,0.7156,0.71575,4.80,3.20
2009.07.13 13:15:04.346,0.71565,0.71575,1.00,3.20
2009.07.13 13:15:04.576,0.71565,0.71585,4.80,3.20
2009.07.13 13:15:05.096,0.71565,0.7159,8.00,3.20
2009.07.13 13:15:06.016,0.7157,0.71595,10.40,30.40
2009.07.13 13:15:06.366,0.71575,0.71595,4.80,3.20
2009.07.13 13:15:07.625,0.7157,0.71595,9.00,3.20
2009.07.13 13:15:07.795,0.71575,0.71595,4.80,3.20
2009.07.13 13:15:08.545,0.7157,0.71595,8.20,3.20
2009.07.13 13:15:09.575,0.71565,0.71585,16.00,3.20
2009.07.13 13:15:09.805,0.71565,0.7159,19.20,4.80
2009.07.13 13:15:10.035,0.7156,0.71575,3.20,3.20
2009.07.13 13:15:10.264,0.7155,0.71575,18.40,3.20
2009.07.13 13:15:10.444,0.71565,0.71585,4.80,12.80
2009.07.13 13:15:10.905,0.71555,0.71575,11.20,3.20
2009.07.13 13:15:11.204,0.7155,0.7157,4.80,3.20
2009.07.13 13:15:11.494,0.71545,0.7157,27.20,4.80
2009.07.13 13:15:11.654,0.71545,0.7157,25.60,4.80
2009.07.13 13:15:11.824,0.71545,0.7157,24.00,4.80
2009.07.13 13:15:12.104,0.7155,0.7157,3.20,1.60
2009.07.13 13:15:12.434,0.7155,0.7157,8.00,1.60
2009.07.13 13:15:12.604,0.7155,0.7157,4.80,3.20
2009.07.13 13:15:13.024,0.71545,0.7157,8.20,3.20
2009.07.13 13:15:14.014,0.71545,0.7157,8.00,3.20
2009.07.13 13:15:14.254,0.7155,0.71575,8.00,6.40
2009.07.13 13:15:14.544,0.71545,0.7157,11.20,3.20
2009.07.13 13:15:14.833,0.71545,0.7157,24.00,3.20
2009.07.13 13:15:15.063,0.71545,0.7157,16.00,3.20
2009.07.13 13:15:15.343,0.71545,0.7157,8.00,3.20
2009.07.13 13:15:16.023,0.71545,0.7157,8.20,3.20
2009.07.13 13:15:17.013,0.71545,0.7157,8.00,3.20
2009.07.13 13:15:17.353,0.7155,0.7157,1.00,3.20
2009.07.13 13:15:18.493,0.7155,0.7157,4.80,3.20
2009.07.13 13:15:18.773,0.71545,0.7157,6.40,3.20
2009.07.13 13:15:19.053,0.71545,0.7157,3.20,3.20
2009.07.13 13:15:19.522,0.71545,0.7157,3.20,19.20
2009.07.13 13:15:21.972,0.71545,0.7157,8.00,19.20
2009.07.13 13:15:22.192,0.71545,0.7157,8.00,3.20
2009.07.13 13:15:22.482,0.7155,0.71565,4.80,3.20
2009.07.13 13:15:23.061,0.7155,0.71575,3.20,5.60
2009.07.13 13:15:23.301,0.7155,0.7157,4.80,3.20
2009.07.13 13:15:23.752,0.71545,0.7157,19.20,3.20
2009.07.13 13:15:24.221,0.7155,0.71565,4.80,3.20
2009.07.13 13:15:30.420,0.71575,0.7158,4.80,8.00
2009.07.13 13:15:30.700,0.71565,0.71585,3.20,3.20
2009.07.13 13:15:31.100,0.7156,0.71575,3.20,3.20
2009.07.13 13:15:31.330,0.71555,0.71575,36.80,3.20
2009.07.13 13:15:31.559,0.7157,0.71595,3.20,20.80
2009.07.13 13:15:32.089,0.7157,0.71595,3.20,19.20
2009.07.13 13:15:33.339,0.7156,0.71585,16.00,3.20
2009.07.13 13:15:33.679,0.71565,0.7159,8.00,3.20
2009.07.13 13:15:34.029,0.7157,0.7159,4.80,3.20
2009.07.13 13:15:34.139,0.71575,0.71595,3.20,3.20
2009.07.13 13:15:35.349,0.7157,0.7159,4.80,3.20
2009.07.13 13:15:35.588,0.7157,0.71595,8.00,3.20
2009.07.13 13:15:36.638,0.71575,0.716,3.20,3.40
2009.07.13 13:15:37.038,0.71575,0.716,3.20,3.20
2009.07.13 13:15:37.728,0.71575,0.716,3.20,19.20
2009.07.13 13:15:40.277,0.71575,0.716,8.00,19.20
2009.07.13 13:15:40.797,0.7157,0.71585,12.80,3.20
2009.07.13 13:15:41.027,0.7157,0.71585,8.00,3.20
2009.07.13 13:15:41.317,0.71565,0.7159,11.20,3.20
2009.07.13 13:15:41.487,0.71565,0.7159,3.20,3.20
2009.07.13 13:15:44.486,0.71565,0.7159,4.80,3.20
2009.07.13 13:15:44.697,0.71575,0.71595,3.20,17.60
2009.07.13 13:15:44.977,0.71565,0.7159,3.20,3.20
2009.07.13 13:15:45.206,0.71565,0.7159,9.60,3.20
2009.07.13 13:15:45.376,0.71565,0.7159,3.20,4.80
2009.07.13 13:15:45.716,0.7156,0.7158,8.00,3.20
2009.07.13 13:15:46.047,0.7156,0.71585,12.80,3.20
2009.07.13 13:15:46.396,0.71555,0.7158,28.80,3.20
2009.07.13 13:15:47.026,0.71555,0.7158,12.80,3.20
2009.07.13 13:15:47.486,0.71555,0.7158,28.80,3.20
2009.07.13 13:15:47.886,0.71555,0.7158,3.20,3.20
2009.07.13 13:15:49.415,0.7155,0.71575,12.80,3.20
2009.07.13 13:15:49.755,0.7155,0.71575,3.20,3.20
2009.07.13 13:15:51.274,0.71545,0.7157,20.80,3.20
2009.07.13 13:15:52.204,0.71545,0.7157,20.80,4.80
2009.07.13 13:15:52.444,0.7154,0.71565,16.20,3.20
2009.07.13 13:15:52.504,0.7154,0.71565,8.20,3.20
2009.07.13 13:15:52.555,0.7154,0.71565,3.40,3.20
2009.07.13 13:15:54.344,0.7154,0.71565,8.20,3.20
2009.07.13 13:15:55.304,0.7155,0.71575,4.80,37.80
2009.07.13 13:15:55.644,0.71555,0.71575,8.00,14.40
2009.07.13 13:15:55.863,0.7155,0.71575,8.00,3.20
2009.07.13 13:15:56.094,0.7155,0.71575,3.20,3.20
2009.07.13 13:15:56.383,0.7155,0.71575,3.20,8.80
2009.07.13 13:15:56.663,0.71545,0.7157,3.40,3.20
2009.07.13 13:15:56.953,0.71555,0.71575,3.20,23.20
2009.07.13 13:15:57.183,0.71555,0.7158,3.20,40.00
2009.07.13 13:15:57.353,0.71555,0.7158,3.20,32.00
2009.07.13 13:15:57.524,0.7155,0.71575,8.00,3.20
2009.07.13 13:15:57.643,0.71555,0.71575,8.00,3.20
2009.07.13 13:15:57.813,0.71555,0.7158,9.60,14.40
2009.07.13 13:15:58.043,0.7157,0.7158,3.20,8.80
2009.07.13 13:15:58.223,0.7157,0.7158,3.20,6.40
2009.07.13 13:15:58.463,0.71565,0.7159,3.20,3.20
2009.07.13 13:15:58.793,0.71575,0.71595,3.20,3.20
2009.07.13 13:15:59.083,0.71565,0.71585,20.80,7.20
2009.07.13 13:15:59.263,0.71575,0.71595,3.20,9.60
2009.07.13 13:15:59.613,0.7158,0.71595,3.20,16.00
2009.07.13 13:15:59.953,0.7157,0.71595,3.20,16.00
2009.07.13 13:16:00.343,0.7157,0.71595,11.20,3.20
2009.07.13 13:16:00.673,0.71575,0.716,8.00,3.20
2009.07.13 13:16:01.022,0.7158,0.71605,3.20,3.20
2009.07.13 13:16:01.352,0.71575,0.716,24.00,3.20
2009.07.13 13:16:01.702,0.71575,0.716,19.20,3.20
2009.07.13 13:16:02.482,0.7158,0.71605,3.20,3.20
2009.07.13 13:16:02.712,0.71585,0.7161,3.20,12.80
2009.07.13 13:16:02.993,0.71585,0.7161,3.20,3.20
2009.07.13 13:16:07.971,0.7158,0.71605,3.20,3.20
2009.07.13 13:16:08.371,0.71585,0.7161,3.20,3.20
2009.07.13 13:16:09.430,0.71585,0.7161,3.20,19.20
2009.07.13 13:16:09.660,0.71585,0.71605,6.40,3.20
2009.07.13 13:16:09.960,0.71585,0.7161,9.60,3.20
2009.07.13 13:16:10.130,0.7159,0.71615,8.00,20.80
2009.07.13 13:16:10.430,0.71585,0.7161,17.60,3.20
2009.07.13 13:16:10.720,0.7158,0.71605,24.00,3.20
2009.07.13 13:16:10.950,0.7158,0.716,12.80,3.20
2009.07.13 13:16:11.350,0.7158,0.716,8.00,3.20
2009.07.13 13:16:11.680,0.7158,0.71595,1.60,7.20
2009.07.13 13:16:11.970,0.71575,0.71595,3.20,16.00
2009.07.13 13:16:12.530,0.71575,0.716,3.20,36.00
2009.07.13 13:16:12.809,0.71575,0.716,3.20,31.20
2009.07.13 13:16:12.990,0.71575,0.716,3.20,15.20
2009.07.13 13:16:13.109,0.71575,0.716,3.20,15.40
2009.07.13 13:16:13.379,0.71575,0.716,3.20,23.40
2009.07.13 13:16:13.609,0.71575,0.716,3.20,21.80
2009.07.13 13:16:15.379,0.71575,0.716,3.20,5.80
2009.07.13 13:16:15.679,0.71575,0.716,3.20,21.80
2009.07.13 13:16:17.259,0.71575,0.716,3.20,13.80
2009.07.13 13:16:17.318,0.71575,0.716,3.20,5.80
2009.07.13 13:16:17.768,0.71575,0.716,3.20,21.80
2009.07.13 13:16:18.068,0.71575,0.716,3.20,13.80
2009.07.13 13:16:18.298,0.71575,0.716,3.20,21.80
2009.07.13 13:16:18.568,0.71575,0.716,3.20,5.80
2009.07.13 13:16:18.798,0.71575,0.716,3.20,15.40
2009.07.13 13:16:19.149,0.71575,0.716,3.20,31.40
2009.07.13 13:16:19.328,0.71575,0.716,3.20,31.20
2009.07.13 13:16:19.498,0.71565,0.71585,3.20,3.20
2009.07.13 13:16:19.848,0.71565,0.71585,19.20,3.20
2009.07.13 13:16:20.078,0.71565,0.7159,19.20,3.20
2009.07.13 13:16:21.927,0.7157,0.71595,3.20,19.20
2009.07.13 13:16:22.437,0.71575,0.71595,3.20,16.00
2009.07.13 13:16:22.657,0.7157,0.71595,3.20,14.40
2009.07.13 13:16:22.777,0.71575,0.71595,3.20,1.60
2009.07.13 13:16:23.047,0.71565,0.71585,22.40,3.20
2009.07.13 13:16:23.227,0.7157,0.71595,3.20,4.80
2009.07.13 13:16:23.437,0.71565,0.71585,19.20,3.20
2009.07.13 13:16:23.617,0.71565,0.71585,20.80,3.20
2009.07.13 13:16:24.247,0.7157,0.71595,3.20,4.80
2009.07.13 13:16:25.526,0.71575,0.71595,3.20,4.80
2009.07.13 13:16:25.856,0.7157,0.71595,3.20,4.80
2009.07.13 13:16:26.266,0.71575,0.71595,3.20,4.80
2009.07.13 13:16:26.606,0.7156,0.71585,14.40,8.80
2009.07.13 13:16:26.956,0.7156,0.71585,6.40,8.80
2009.07.13 13:16:27.246,0.7156,0.71585,4.80,24.80
2009.07.13 13:16:27.476,0.71555,0.7158,9.60,3.20
2009.07.13 13:16:27.756,0.71555,0.7158,9.80,3.20
2009.07.13 13:16:29.166,0.71555,0.7158,9.60,3.20
2009.07.13 13:16:30.365,0.71555,0.7158,8.00,3.20
2009.07.13 13:16:32.475,0.71555,0.7158,12.80,3.20
2009.07.13 13:16:32.935,0.7156,0.71585,3.20,3.40
2009.07.13 13:16:33.644,0.71565,0.7159,8.00,25.60
2009.07.13 13:16:33.975,0.71565,0.7159,8.00,19.20
2009.07.13 13:16:34.314,0.71565,0.7159,8.00,3.20
2009.07.13 13:16:35.284,0.71565,0.71585,4.80,3.20
2009.07.13 13:16:35.524,0.7157,0.71595,3.20,3.20
2009.07.13 13:16:35.804,0.7157,0.7159,6.60,3.20
2009.07.13 13:16:36.154,0.7157,0.7159,8.20,3.20
2009.07.13 13:16:36.554,0.7158,0.71605,3.20,3.20
2009.07.13 13:16:36.774,0.7158,0.716,4.80,3.20
2009.07.13 13:16:37.064,0.7158,0.71605,8.20,3.20
2009.07.13 13:16:37.364,0.7158,0.71605,8.00,3.20
2009.07.13 13:16:37.663,0.7158,0.716,17.60,3.20
2009.07.13 13:16:38.023,0.7158,0.71605,12.80,3.20
2009.07.13 13:16:39.393,0.7158,0.71615,12.80,25.00
2009.07.13 13:16:39.683,0.7159,0.71615,3.20,25.00
2009.07.13 13:16:39.913,0.7159,0.71615,3.20,25.80
2009.07.13 13:16:40.193,0.7158,0.71605,14.40,3.20
2009.07.13 13:16:42.063,0.7158,0.71605,22.40,3.20
2009.07.13 13:16:42.513,0.71585,0.7161,3.20,3.20
2009.07.13 13:16:45.452,0.71585,0.7161,3.20,5.00
2009.07.13 13:16:45.792,0.71585,0.71605,3.20,3.20
2009.07.13 13:16:46.431,0.7158,0.71605,3.20,3.20
2009.07.13 13:16:46.842,0.7158,0.71605,3.20,5.60
2009.07.13 13:16:47.691,0.71585,0.71605,3.20,2.40
2009.07.13 13:16:48.311,0.7157,0.7159,9.60,3.20
2009.07.13 13:16:48.651,0.7157,0.7159,11.20,3.20
2009.07.13 13:16:48.992,0.71565,0.7159,12.80,3.20
2009.07.13 13:16:49.351,0.7156,0.71585,17.60,3.20
2009.07.13 13:16:49.691,0.71565,0.7157,16.00,3.20
2009.07.13 13:16:49.911,0.71565,0.71575,16.00,3.20
2009.07.13 13:16:50.201,0.7156,0.71565,8.00,3.20
2009.07.13 13:16:50.501,0.71555,0.71565,1.60,3.20
2009.07.13 13:16:50.731,0.71545,0.7156,17.60,3.20
2009.07.13 13:16:51.201,0.7154,0.7156,11.20,3.20
2009.07.13 13:16:51.660,0.7154,0.7156,8.00,3.20
2009.07.13 13:16:52.170,0.7153,0.7155,9.60,3.20
2009.07.13 13:16:52.680,0.7153,0.71555,3.20,3.20
2009.07.13 13:16:53.190,0.71525,0.7155,19.20,3.20
2009.07.13 13:16:53.420,0.71525,0.7155,20.80,3.20
2009.07.13 13:16:53.710,0.7153,0.71555,3.20,3.20
2009.07.13 13:16:54.040,0.71535,0.7156,3.20,3.20
2009.07.13 13:16:54.330,0.7154,0.71565,3.20,19.20
2009.07.13 13:16:54.789,0.7154,0.71565,3.20,3.20
2009.07.13 13:16:55.069,0.71535,0.7156,3.20,3.20
2009.07.13 13:16:56.189,0.7154,0.7156,1.60,3.20
2009.07.13 13:16:56.459,0.7154,0.7156,7.20,3.20
2009.07.13 13:16:56.799,0.7154,0.7156,1.60,3.20
2009.07.13 13:16:57.089,0.7154,0.7156,7.20,3.20
2009.07.13 13:16:57.559,0.7154,0.7156,15.20,3.20
2009.07.13 13:16:57.909,0.71545,0.7157,3.20,3.20
2009.07.13 13:16:58.088,0.7155,0.71575,3.20,19.20
2009.07.13 13:16:58.439,0.7155,0.71575,3.20,3.20
2009.07.13 13:17:06.166,0.71555,0.7158,3.20,19.20
2009.07.13 13:17:06.437,0.71555,0.7158,3.20,3.20
2009.07.13 13:17:20.863,0.71555,0.7158,4.80,3.20
2009.07.13 13:17:21.423,0.71555,0.71575,5.60,3.20
2009.07.13 13:17:21.763,0.7156,0.71575,1.60,3.20
2009.07.13 13:17:21.993,0.7156,0.71585,3.20,3.20
2009.07.13 13:17:22.173,0.71565,0.7159,3.20,11.20
2009.07.13 13:17:22.523,0.71565,0.7159,3.20,3.20
2009.07.13 13:17:23.313,0.71565,0.7159,11.20,3.20
2009.07.13 13:17:23.693,0.71565,0.7159,3.20,3.20
2009.07.13 13:17:25.632,0.7156,0.71585,4.80,3.20
2009.07.13 13:17:25.992,0.71565,0.7159,3.20,3.20
2009.07.13 13:17:26.332,0.7156,0.71585,11.20,3.20
2009.07.13 13:17:26.682,0.71565,0.7159,3.20,3.20
2009.07.13 13:17:27.132,0.7156,0.71585,4.80,3.20
2009.07.13 13:17:27.542,0.7155,0.71575,11.20,3.20
2009.07.13 13:17:27.701,0.7155,0.71575,4.80,3.20
2009.07.13 13:17:27.981,0.71555,0.7158,3.20,3.20
2009.07.13 13:17:28.381,0.7155,0.71575,3.20,3.20
2009.07.13 13:17:28.502,0.71555,0.7158,3.20,3.20
2009.07.13 13:17:30.741,0.7156,0.71585,3.20,3.20
2009.07.13 13:17:31.031,0.71565,0.7159,3.20,3.20
2009.07.13 13:17:31.371,0.71565,0.71585,3.20,3.20
2009.07.13 13:17:31.721,0.7157,0.71595,8.00,19.20
2009.07.13 13:17:32.070,0.71575,0.71595,4.80,3.20
2009.07.13 13:17:32.760,0.7157,0.71595,12.80,3.20
2009.07.13 13:17:33.100,0.7157,0.71595,3.20,3.20
2009.07.13 13:17:34.390,0.71575,0.71595,3.20,3.20
2009.07.13 13:17:35.380,0.7157,0.71595,12.80,3.20
2009.07.13 13:17:35.720,0.71575,0.716,3.20,20.80
2009.07.13 13:17:35.939,0.71575,0.716,3.20,19.20
2009.07.13 13:17:36.909,0.71575,0.716,3.20,20.80
2009.07.13 13:17:37.309,0.7157,0.71595,3.20,4.80
2009.07.13 13:17:37.829,0.71565,0.7159,3.20,3.20
2009.07.13 13:17:38.059,0.71565,0.7159,11.20,4.80
2009.07.13 13:17:38.399,0.7157,0.7159,3.20,1.60
2009.07.13 13:17:38.749,0.7157,0.71595,3.20,24.00
2009.07.13 13:17:39.099,0.71565,0.7159,3.20,4.80
2009.07.13 13:17:39.499,0.7157,0.71595,3.20,4.80
2009.07.13 13:17:39.618,0.71575,0.716,3.20,32.80
2009.07.13 13:17:39.969,0.71575,0.71595,3.20,16.00
2009.07.13 13:17:40.208,0.7157,0.71595,3.20,3.20
2009.07.13 13:17:40.488,0.71575,0.716,3.20,5.60
2009.07.13 13:17:41.528,0.7157,0.71595,4.80,3.20
2009.07.13 13:17:41.868,0.71575,0.716,3.20,4.80
2009.07.13 13:17:42.268,0.7158,0.71605,3.20,19.20
2009.07.13 13:17:42.378,0.7158,0.71605,3.20,3.20
2009.07.13 13:17:42.608,0.7158,0.71605,3.20,5.60
2009.07.13 13:17:42.858,0.71575,0.716,3.20,3.20
2009.07.13 13:17:43.768,0.71575,0.716,19.20,3.20
2009.07.13 13:17:44.337,0.7157,0.71595,14.40,3.20
2009.07.13 13:17:44.797,0.7157,0.71595,11.20,3.20
2009.07.13 13:17:45.128,0.7157,0.71595,3.20,3.20
2009.07.13 13:17:45.417,0.7157,0.71595,3.20,4.80
2009.07.13 13:17:45.717,0.7157,0.7159,3.20,1.60
2009.07.13 13:17:46.637,0.71575,0.7159,3.20,1.60
2009.07.13 13:17:46.937,0.71565,0.7159,3.20,4.80
2009.07.13 13:17:47.397,0.7159,0.71595,1.60,9.20
2009.07.13 13:17:47.667,0.7159,0.71595,3.20,9.20
2009.07.13 13:17:47.847,0.71595,0.716,3.20,4.60
2009.07.13 13:17:48.087,0.716,0.71615,1.60,16.00
2009.07.13 13:17:48.316,0.71605,0.71615,3.20,16.00
2009.07.13 13:17:48.657,0.7161,0.71635,3.20,19.20
2009.07.13 13:17:49.006,0.7161,0.71635,8.00,3.20
2009.07.13 13:17:49.457,0.7161,0.71635,9.60,3.20
2009.07.13 13:17:49.876,0.7161,0.71635,6.40,3.20
2009.07.13 13:17:50.156,0.7161,0.71625,3.20,3.20
2009.07.13 13:17:50.386,0.71605,0.71625,11.20,3.20
2009.07.13 13:17:50.666,0.716,0.71625,16.00,3.20
2009.07.13 13:17:51.006,0.716,0.71625,14.40,4.80
2009.07.13 13:17:51.486,0.71595,0.7162,11.20,3.20
2009.07.13 13:17:51.776,0.716,0.71625,3.20,8.80
2009.07.13 13:17:52.146,0.7161,0.71625,3.20,1.60
2009.07.13 13:17:52.486,0.7159,0.7161,20.80,3.20
2009.07.13 13:17:52.945,0.7159,0.71605,12.80,1.60
2009.07.13 13:17:53.335,0.7159,0.71605,1.60,3.20
2009.07.13 13:17:53.686,0.71585,0.71605,1.60,3.20
2009.07.13 13:17:54.035,0.7158,0.71605,8.00,3.20
2009.07.13 13:17:54.275,0.7159,0.71605,3.20,1.60
2009.07.13 13:17:54.455,0.7159,0.7161,3.20,18.40
2009.07.13 13:17:55.135,0.71585,0.7161,19.20,4.80
2009.07.13 13:17:55.505,0.71585,0.7161,3.20,3.20
2009.07.13 13:17:55.865,0.71585,0.7161,19.20,3.20
2009.07.13 13:17:56.764,0.71595,0.7162,3.20,32.00
2009.07.13 13:17:57.064,0.7159,0.71615,16.00,3.20
2009.07.13 13:17:57.454,0.7159,0.71615,8.00,3.20
2009.07.13 13:17:58.104,0.71595,0.71615,3.20,3.20
2009.07.13 13:17:58.794,0.7159,0.71615,8.00,3.20
2009.07.13 13:18:07.082,0.71595,0.71615,3.20,8.20
2009.07.13 13:18:07.302,0.71585,0.71605,20.80,3.20
2009.07.13 13:18:07.853,0.71585,0.71605,4.80,3.20
2009.07.13 13:18:08.082,0.71585,0.71605,3.20,3.20
2009.07.13 13:18:08.602,0.7158,0.716,4.80,3.20
2009.07.13 13:18:09.122,0.7158,0.71605,9.60,3.20
2009.07.13 13:18:09.352,0.7158,0.71605,10.40,3.20
2009.07.13 13:18:09.631,0.71585,0.7161,8.20,3.20
2009.07.13 13:18:09.911,0.71585,0.7161,24.20,3.20
2009.07.13 13:18:10.092,0.7159,0.7161,4.80,3.20
2009.07.13 13:18:10.611,0.71595,0.71615,4.80,3.20
2009.07.13 13:18:11.891,0.71595,0.7162,8.00,3.20
2009.07.13 13:18:12.121,0.71595,0.71615,4.80,3.20
2009.07.13 13:18:12.412,0.716,0.71615,4.80,3.20
2009.07.13 13:18:13.151,0.716,0.71625,8.00,3.20
2009.07.13 13:18:13.380,0.716,0.71625,3.20,3.20
2009.07.13 13:18:13.611,0.7159,0.7161,9.80,3.20
2009.07.13 13:18:13.891,0.716,0.7162,4.80,3.20
2009.07.13 13:18:14.111,0.7159,0.7161,13.00,3.20
2009.07.13 13:18:14.450,0.71595,0.71615,4.80,3.20
2009.07.13 13:18:14.670,0.71595,0.7162,3.20,3.20
2009.07.13 13:18:14.890,0.71595,0.7162,3.20,19.20
2009.07.13 13:18:15.110,0.716,0.7162,3.20,25.60
2009.07.13 13:18:15.690,0.71585,0.7161,13.00,3.20
2009.07.13 13:18:15.870,0.71585,0.71605,3.20,3.20
2009.07.13 13:18:16.210,0.7158,0.71605,3.20,3.20
2009.07.13 13:18:16.620,0.71575,0.7159,17.60,1.60
2009.07.13 13:18:16.800,0.71575,0.7159,3.20,1.60
2009.07.13 13:18:17.220,0.71575,0.7159,3.20,1.00
2009.07.13 13:18:17.569,0.71565,0.7159,19.20,3.20
2009.07.13 13:18:17.929,0.71565,0.7158,16.00,3.20
2009.07.13 13:18:18.229,0.7155,0.71575,11.40,3.20
2009.07.13 13:18:18.869,0.71555,0.71575,25.60,3.20
2009.07.13 13:18:19.159,0.71555,0.7158,28.80,3.20
2009.07.13 13:18:19.439,0.71555,0.7158,25.60,3.20
2009.07.13 13:18:19.729,0.71555,0.7158,24.00,3.20
2009.07.13 13:18:20.079,0.71555,0.7158,28.80,3.20
2009.07.13 13:18:20.189,0.71555,0.7158,27.20,3.20
2009.07.13 13:18:20.639,0.71555,0.71575,24.00,3.20
2009.07.13 13:18:20.929,0.71555,0.7157,16.00,3.20
2009.07.13 13:18:21.438,0.71545,0.7157,3.20,3.20
2009.07.13 13:18:21.838,0.7154,0.71565,16.20,3.20
2009.07.13 13:18:22.298,0.71545,0.7157,3.20,3.20
2009.07.13 13:18:25.147,0.71545,0.7157,3.20,5.60
2009.07.13 13:18:26.177,0.71545,0.7157,3.20,8.00
2009.07.13 13:18:27.757,0.71545,0.7157,3.20,3.20
2009.07.13 13:18:30.626,0.7154,0.7156,19.20,3.20
2009.07.13 13:18:30.916,0.7154,0.7156,17.60,3.20
2009.07.13 13:18:31.216,0.7154,0.7156,17.80,3.20
2009.07.13 13:18:31.986,0.71545,0.7156,1.00,3.20
2009.07.13 13:18:32.336,0.71545,0.7157,5.80,3.20
2009.07.13 13:18:32.676,0.7155,0.71575,3.20,15.20
2009.07.13 13:18:32.906,0.7155,0.71565,1.00,3.20
2009.07.13 13:18:33.316,0.7155,0.7156,1.00,3.20
2009.07.13 13:18:33.546,0.71545,0.7157,4.00,3.20
2009.07.13 13:18:33.666,0.7155,0.71575,3.20,23.20
2009.07.13 13:18:33.946,0.7155,0.71575,3.20,24.80
2009.07.13 13:18:34.165,0.7155,0.71575,3.20,23.20
2009.07.13 13:18:39.024,0.71545,0.7157,15.20,3.20
2009.07.13 13:18:39.304,0.7155,0.71575,3.20,7.40
2009.07.13 13:18:41.114,0.7155,0.7157,3.20,9.60
2009.07.13 13:18:41.504,0.71545,0.7157,15.20,3.20
2009.07.13 13:18:41.854,0.7155,0.71575,3.20,7.40
2009.07.13 13:18:42.204,0.7155,0.71575,3.20,23.40
2009.07.13 13:18:43.873,0.71545,0.7157,8.80,3.20
2009.07.13 13:18:44.103,0.7155,0.71575,3.20,23.40
2009.07.13 13:18:44.333,0.7155,0.7156,3.20,1.20
2009.07.13 13:18:48.862,0.7155,0.7156,3.20,1.20
2009.07.13 13:18:51.431,0.71545,0.7156,19.20,1.20
2009.07.13 13:18:51.721,0.71545,0.7156,3.20,1.20
2009.07.13 13:18:51.951,0.71545,0.7156,3.20,4.80
2009.07.13 13:18:52.181,0.7155,0.7156,3.20,1.20
2009.07.13 13:18:52.681,0.71545,0.7156,19.20,1.20
2009.07.13 13:18:52.911,0.71545,0.7156,20.80,1.20
2009.07.13 13:18:53.481,0.71555,0.7156,3.20,1.20
2009.07.13 13:18:53.771,0.7155,0.7156,11.20,1.20
2009.07.13 13:18:53.951,0.7155,0.7156,3.20,1.20
2009.07.13 13:18:54.401,0.71545,0.7156,20.80,1.20
2009.07.13 13:18:54.681,0.7155,0.7156,3.20,1.20
2009.07.13 13:18:55.810,0.7155,0.7156,8.00,1.20
2009.07.13 13:18:55.990,0.7155,0.7156,4.80,1.20
2009.07.13 13:18:56.270,0.7155,0.7156,3.20,1.20
2009.07.13 13:18:56.450,0.71555,0.7156,3.20,1.20
2009.07.13 13:18:57.350,0.7155,0.7156,3.20,1.20
2009.07.13 13:18:59.539,0.71555,0.7156,3.20,1.20
2009.07.13 13:19:00.869,0.7155,0.7156,3.20,1.20
2009.07.13 13:19:02.379,0.71545,0.7156,27.20,1.20
2009.07.13 13:19:02.599,0.7155,0.7156,3.20,1.20
2009.07.13 13:19:02.829,0.71555,0.7156,3.20,1.20
2009.07.13 13:19:03.039,0.71545,0.7156,27.20,1.20
2009.07.13 13:19:03.379,0.71545,0.7156,26.40,1.20
2009.07.13 13:19:03.718,0.71545,0.7156,22.40,1.20
2009.07.13 13:19:04.068,0.71545,0.7156,26.40,1.20
2009.07.13 13:19:04.538,0.7155,0.7156,8.00,1.20
2009.07.13 13:19:04.928,0.71555,0.7156,3.20,1.20
2009.07.13 13:19:05.658,0.71565,0.7158,3.20,4.40
2009.07.13 13:19:05.828,0.7156,0.71585,9.60,3.20
2009.07.13 13:19:06.238,0.7157,0.7158,3.20,6.40
2009.07.13 13:19:06.588,0.7157,0.7158,3.20,1.20
2009.07.13 13:19:07.047,0.71575,0.7158,3.20,1.20
2009.07.13 13:19:07.727,0.7157,0.7158,3.20,1.20
2009.07.13 13:19:08.857,0.7157,0.7159,9.60,4.40
2009.07.13 13:19:09.097,0.7157,0.7158,14.40,1.20
2009.07.13 13:19:09.737,0.7157,0.7158,6.40,1.20
2009.07.13 13:19:09.908,0.7157,0.7159,3.20,11.60
2009.07.13 13:19:10.137,0.71565,0.7159,3.20,20.40
2009.07.13 13:19:10.477,0.7156,0.7158,1.60,3.20
2009.07.13 13:19:10.707,0.7157,0.7159,3.20,17.20
2009.07.13 13:19:10.887,0.71565,0.71585,8.00,3.20
2009.07.13 13:19:11.247,0.7156,0.71585,3.20,3.20
2009.07.13 13:19:14.586,0.71555,0.7158,6.40,3.20
2009.07.13 13:19:14.936,0.71555,0.7158,3.20,3.20
2009.07.13 13:19:15.675,0.71555,0.7158,3.20,4.80
2009.07.13 13:19:16.355,0.71555,0.7156,3.20,1.20
2009.07.13 13:19:16.805,0.7155,0.7156,8.00,5.20
2009.07.13 13:19:17.155,0.7155,0.71565,1.60,23.20
2009.07.13 13:19:17.505,0.71545,0.7156,9.60,3.20
2009.07.13 13:19:17.865,0.71535,0.71555,20.80,3.20
2009.07.13 13:19:18.266,0.71535,0.7155,16.00,3.20
2009.07.13 13:19:18.725,0.71535,0.7156,19.20,3.20
2009.07.13 13:19:18.995,0.7154,0.7156,8.00,3.20
2009.07.13 13:19:19.435,0.7154,0.71555,8.00,3.20
2009.07.13 13:19:19.834,0.71535,0.71555,17.60,3.20
2009.07.13 13:19:20.125,0.7154,0.7156,1.60,3.20
2009.07.13 13:19:20.346,0.71535,0.71555,22.40,3.20
2009.07.13 13:19:20.564,0.7154,0.71565,3.20,3.20
2009.07.13 13:19:20.904,0.7154,0.71565,16.00,3.20
2009.07.13 13:19:21.084,0.7154,0.71565,11.20,3.20
2009.07.13 13:19:21.794,0.7154,0.71565,3.20,3.20
2009.07.13 13:19:22.724,0.7154,0.71565,8.00,3.20
2009.07.13 13:19:23.224,0.7154,0.71565,19.20,3.20
2009.07.13 13:19:23.384,0.71545,0.71565,9.60,3.20
2009.07.13 13:19:23.914,0.71545,0.71565,25.60,3.20
2009.07.13 13:19:26.243,0.71535,0.71565,3.20,7.40
2009.07.13 13:19:26.593,0.7154,0.71565,3.20,7.40
2009.07.13 13:19:26.943,0.71535,0.71565,3.20,5.80
2009.07.13 13:19:27.173,0.71535,0.71565,8.00,4.20
2009.07.13 13:19:27.343,0.7154,0.7156,6.40,7.60
2009.07.13 13:19:27.523,0.7154,0.7156,8.00,1.20
2009.07.13 13:19:28.672,0.71545,0.7156,3.20,1.20
2009.07.13 13:19:28.953,0.7154,0.7156,20.80,1.20
2009.07.13 13:19:29.902,0.7154,0.7156,19.20,1.20
2009.07.13 13:19:30.242,0.7154,0.7156,12.80,1.20
2009.07.13 13:19:30.472,0.7154,0.7157,11.20,17.20
2009.07.13 13:19:30.712,0.7154,0.7157,3.20,9.20
2009.07.13 13:19:30.892,0.71535,0.7157,24.00,9.20
2009.07.13 13:19:31.132,0.71535,0.7156,25.60,7.60
2009.07.13 13:19:31.582,0.71535,0.7157,25.60,2.80
2009.07.13 13:19:32.321,0.71535,0.71565,25.60,5.60
2009.07.13 13:19:32.661,0.71535,0.71565,8.00,8.80
2009.07.13 13:19:33.121,0.71535,0.71565,12.80,8.80
2009.07.13 13:19:34.091,0.71535,0.71565,9.60,8.80
2009.07.13 13:19:34.421,0.7153,0.71565,36.80,23.20
2009.07.13 13:19:34.771,0.71535,0.71555,3.20,3.20
2009.07.13 13:19:35.061,0.7153,0.7155,14.40,3.20
2009.07.13 13:19:35.351,0.7153,0.7155,16.00,3.20
2009.07.13 13:19:35.741,0.7153,0.7155,6.40,3.20
2009.07.13 13:19:36.130,0.7153,0.7155,4.80,3.20
2009.07.13 13:19:38.160,0.71525,0.7155,29.00,3.20
2009.07.13 13:19:38.330,0.71525,0.7154,17.80,3.20
2009.07.13 13:19:38.630,0.71525,0.7154,17.60,3.20
2009.07.13 13:19:38.970,0.71525,0.7154,1.60,3.20
2009.07.13 13:19:39.430,0.7152,0.7154,11.20,3.20
2009.07.13 13:19:39.900,0.71525,0.7154,4.80,3.20
2009.07.13 13:19:40.070,0.71525,0.71545,4.80,3.20
2009.07.13 13:19:40.370,0.71525,0.7154,4.80,3.20
2009.07.13 13:19:40.829,0.71525,0.71545,4.80,3.20
2009.07.13 13:19:41.109,0.71525,0.7155,8.00,3.20
2009.07.13 13:19:41.399,0.71525,0.71545,20.80,3.20
2009.07.13 13:19:41.859,0.71525,0.7155,24.00,3.20
2009.07.13 13:19:42.329,0.71535,0.71555,3.20,3.20
2009.07.13 13:19:42.569,0.71535,0.71555,25.60,3.20
2009.07.13 13:19:43.699,0.7154,0.7156,4.80,4.40
2009.07.13 13:19:43.819,0.7154,0.7156,12.80,4.40
2009.07.13 13:19:44.158,0.71545,0.7155,3.20,1.20
2009.07.13 13:19:44.501,0.7154,0.7155,16.00,1.20
2009.07.13 13:19:45.818,0.7154,0.7155,11.20,1.20
2009.07.13 13:19:46.098,0.7154,0.7155,3.20,1.20
2009.07.13 13:19:46.448,0.71535,0.7155,27.20,2.40
2009.07.13 13:19:47.778,0.7154,0.7155,3.20,2.40
2009.07.13 13:19:47.998,0.7154,0.7155,8.00,2.40
2009.07.13 13:19:48.358,0.7154,0.7155,16.00,2.40
2009.07.13 13:19:48.877,0.71545,0.7155,4.80,2.40
2009.07.13 13:19:49.618,0.7154,0.7155,19.20,2.40
2009.07.13 13:19:49.907,0.71545,0.7155,4.80,2.40
2009.07.13 13:19:50.597,0.7154,0.7155,14.40,2.40
2009.07.13 13:19:50.817,0.7154,0.7155,17.60,2.40
2009.07.13 13:19:51.107,0.71545,0.7155,4.80,2.40
2009.07.13 13:19:51.467,0.71545,0.7155,4.80,1.20
2009.07.13 13:19:51.807,0.7154,0.7155,22.40,1.20
2009.07.13 13:19:52.167,0.71545,0.7155,3.20,1.20
2009.07.13 13:19:52.337,0.71545,0.7155,9.60,1.20
2009.07.13 13:19:53.926,0.71545,0.7155,9.80,1.20
2009.07.13 13:19:54.386,0.71545,0.7155,4.80,1.20
2009.07.13 13:19:54.616,0.7155,0.7156,6.40,1.80
2009.07.13 13:19:55.736,0.7155,0.71565,7.20,5.60
2009.07.13 13:19:55.916,0.7155,0.7156,7.20,2.40
2009.07.13 13:19:56.146,0.7155,0.7157,6.40,6.00
2009.07.13 13:19:56.326,0.7155,0.7156,10.40,1.20
2009.07.13 13:19:56.556,0.7155,0.71575,10.40,3.20
2009.07.13 13:19:56.675,0.7155,0.71565,4.80,3.20
2009.07.13 13:19:57.017,0.71545,0.71565,15.40,3.20
2009.07.13 13:19:57.475,0.71545,0.7157,8.20,3.20
2009.07.13 13:19:57.755,0.7155,0.71575,9.80,19.20
2009.07.13 13:19:57.995,0.7155,0.71575,10.60,3.20
2009.07.13 13:19:59.645,0.7155,0.71575,9.80,3.20
2009.07.13 13:20:02.134,0.7154,0.71565,3.20,7.20
2009.07.13 13:20:04.484,0.7154,0.71565,3.20,3.20
2009.07.13 13:20:04.584,0.7154,0.7156,4.80,3.20
2009.07.13 13:20:06.973,0.7154,0.71555,4.80,3.20
2009.07.13 13:20:08.063,0.71535,0.71555,28.80,3.20
2009.07.13 13:20:09.202,0.7154,0.71555,4.80,3.20
2009.07.13 13:20:12.142,0.71545,0.7156,3.20,1.20
2009.07.13 13:20:18.410,0.71555,0.71575,6.40,3.20
2009.07.13 13:20:18.530,0.71555,0.71575,4.80,3.20
2009.07.13 13:20:18.940,0.71555,0.71575,3.20,3.20
2009.07.13 13:20:19.160,0.71555,0.7158,3.20,3.20
2009.07.13 13:20:20.080,0.7155,0.7157,11.20,3.20
2009.07.13 13:20:21.120,0.7155,0.7157,3.20,3.20
2009.07.13 13:20:21.910,0.7155,0.7157,3.20,4.80
