2007.12.14 12:00:00.652,0.98135,0.9817,4.20,0.30
2007.12.14 12:00:00.957,0.98135,0.9817,4.20,0.30
2007.12.14 12:00:01.237,0.98135,0.9817,0.20,3.00
2007.12.14 12:00:01.530,0.98135,0.9817,0.20,3.00
2007.12.14 12:00:01.783,0.9813,0.98165,0.20,0.30
2007.12.14 12:00:02.035,0.9813,0.98165,0.20,0.30
2007.12.14 12:00:02.288,0.9813,0.98165,0.20,0.30
2007.12.14 12:00:02.542,0.9813,0.98165,0.20,0.30
2007.12.14 12:00:02.820,0.9813,0.98165,0.20,0.30
2007.12.14 12:00:03.365,0.9813,0.98165,0.20,0.30
2007.12.14 12:00:03.877,0.9813,0.98165,0.20,0.30
2007.12.14 12:00:04.317,0.9813,0.98165,0.20,0.30
2007.12.14 12:00:04.816,0.9813,0.98165,0.20,0.30
2007.12.14 12:00:05.148,0.9813,0.98165,0.20,0.30
2007.12.14 12:00:05.421,0.98135,0.9817,0.20,3.00
2007.12.14 12:00:05.733,0.98135,0.98185,0.20,9.40
2007.12.14 12:00:09.316,0.98135,0.9817,0.20,3.00
2007.12.14 12:00:09.788,0.98135,0.9817,0.20,3.00
2007.12.14 12:00:10.836,0.98135,0.9817,0.20,3.00
2007.12.14 12:00:13.609,0.9813,0.98165,0.20,0.30
2007.12.14 12:00:13.711,0.9813,0.98165,0.20,0.30
2007.12.14 12:00:14.246,0.9813,0.98165,0.20,0.30
2007.12.14 12:00:14.424,0.9813,0.98165,0.20,0.30
2007.12.14 12:00:14.637,0.9814,0.9817,0.20,2.80
2007.12.14 12:00:14.818,0.9814,0.9817,0.20,2.80
2007.12.14 12:00:15.115,0.9814,0.9817,0.20,2.80
2007.12.14 12:00:15.414,0.9814,0.98175,0.20,3.00
2007.12.14 12:00:17.144,0.9814,0.98175,0.20,3.00
2007.12.14 12:00:17.372,0.9814,0.98175,0.20,3.00
2007.12.14 12:00:19.325,0.9814,0.98175,0.20,3.00
2007.12.14 12:00:19.456,0.9814,0.98175,0.20,3.00
2007.12.14 12:00:21.275,0.98145,0.98175,0.20,2.80
2007.12.14 12:00:21.298,0.9815,0.98185,0.20,3.00
2007.12.14 12:00:21.601,0.98155,0.98185,0.20,3.00
2007.12.14 12:00:21.673,0.98155,0.98185,0.20,3.00
2007.12.14 12:00:21.779,0.98155,0.98185,0.20,3.00
2007.12.14 12:00:21.867,0.98155,0.98185,0.20,3.00
2007.12.14 12:00:22.087,0.98155,0.98185,0.20,0.30
2007.12.14 12:00:22.604,0.98155,0.98185,0.20,0.30
2007.12.14 12:00:23.114,0.98155,0.98185,0.20,0.30
2007.12.14 12:00:23.447,0.9817,0.98195,0.20,2.80
2007.12.14 12:00:23.607,0.9817,0.98195,0.20,2.80
2007.12.14 12:00:23.764,0.98175,0.982,0.20,2.80
2007.12.14 12:00:23.925,0.98175,0.982,0.20,2.80
2007.12.14 12:00:24.082,0.98175,0.982,0.20,2.80
2007.12.14 12:00:24.239,0.98175,0.9821,0.20,0.30
2007.12.14 12:00:24.612,0.98175,0.9821,0.20,3.00
2007.12.14 12:00:24.915,0.9818,0.9821,0.20,2.80
2007.12.14 12:00:25.219,0.98195,0.98215,0.20,2.80
2007.12.14 12:00:25.522,0.98195,0.98215,0.20,2.80
2007.12.14 12:00:25.877,0.98195,0.9823,0.20,3.00
2007.12.14 12:00:26.178,0.98185,0.9822,6.60,0.30
2007.12.14 12:00:26.416,0.98185,0.9822,0.20,3.00
2007.12.14 12:00:26.659,0.98185,0.9822,2.50,3.00
2007.12.14 12:00:26.902,0.98195,0.98225,0.20,4.00
2007.12.14 12:00:27.144,0.98195,0.9823,0.20,3.00
2007.12.14 12:00:27.389,0.9819,0.98225,0.20,0.30
2007.12.14 12:00:27.607,0.98195,0.9823,0.20,3.00
2007.12.14 12:00:27.825,0.98195,0.98225,0.20,2.80
2007.12.14 12:00:28.042,0.98195,0.98225,0.20,2.80
2007.12.14 12:00:28.261,0.9819,0.98225,0.50,0.30
2007.12.14 12:00:28.480,0.9819,0.98225,0.20,3.00
2007.12.14 12:00:28.733,0.98185,0.9822,0.20,0.30
2007.12.14 12:00:28.986,0.98185,0.9822,0.20,3.00
2007.12.14 12:00:29.240,0.9818,0.9821,0.50,0.30
2007.12.14 12:00:29.492,0.9818,0.9821,0.50,3.00
2007.12.14 12:00:29.775,0.98175,0.98205,4.00,0.30
2007.12.14 12:00:30.058,0.9817,0.98205,0.20,0.30
2007.12.14 12:00:30.341,0.9817,0.98205,0.20,0.30
2007.12.14 12:00:30.624,0.9817,0.98205,0.20,3.00
2007.12.14 12:00:31.160,0.98165,0.982,0.20,0.30
2007.12.14 12:00:31.378,0.98165,0.982,0.20,0.30
2007.12.14 12:00:31.594,0.98165,0.982,0.20,3.00
2007.12.14 12:00:31.824,0.98165,0.98195,0.20,0.30
2007.12.14 12:00:32.132,0.98165,0.98195,0.20,3.00
2007.12.14 12:00:33.594,0.98165,0.98195,0.20,3.00
2007.12.14 12:00:34.356,0.98165,0.98195,0.20,3.00
2007.12.14 12:00:34.677,0.98165,0.98195,0.20,3.00
2007.12.14 12:00:34.884,0.98165,0.98195,0.20,3.00
2007.12.14 12:00:35.182,0.9816,0.98195,0.70,3.00
2007.12.14 12:00:35.395,0.9816,0.98195,0.70,3.00
2007.12.14 12:00:35.601,0.98165,0.98195,0.20,2.80
2007.12.14 12:00:35.845,0.98165,0.98195,0.20,2.80
2007.12.14 12:00:36.087,0.98165,0.98195,0.20,2.80
2007.12.14 12:00:36.331,0.98165,0.982,0.20,3.00
2007.12.14 12:00:38.116,0.98165,0.98195,0.20,0.30
2007.12.14 12:00:38.249,0.98165,0.98195,0.20,0.30
2007.12.14 12:00:38.388,0.98165,0.98195,0.20,3.00
2007.12.14 12:00:39.135,0.98165,0.98195,0.20,3.00
2007.12.14 12:00:39.348,0.98165,0.98195,0.20,3.00
2007.12.14 12:00:40.051,0.9816,0.98195,0.20,3.00
2007.12.14 12:00:41.209,0.9815,0.98185,0.20,0.30
2007.12.14 12:00:41.419,0.9815,0.98185,0.20,0.30
2007.12.14 12:00:41.615,0.98165,0.9819,0.20,2.80
2007.12.14 12:00:41.778,0.98165,0.9819,0.20,2.80
2007.12.14 12:00:41.941,0.98165,0.982,0.70,3.00
2007.12.14 12:00:42.179,0.98165,0.98195,0.50,0.30
2007.12.14 12:00:42.417,0.98165,0.98195,0.50,0.30
2007.12.14 12:00:42.655,0.9816,0.98195,0.20,3.00
2007.12.14 12:00:44.358,0.9816,0.98195,0.20,3.00
2007.12.14 12:00:46.589,0.98155,0.9819,0.20,0.30
2007.12.14 12:00:46.667,0.98155,0.9819,0.20,0.30
2007.12.14 12:00:46.755,0.98155,0.9819,0.20,0.30
2007.12.14 12:00:46.905,0.98155,0.9819,0.70,3.00
2007.12.14 12:00:47.104,0.98155,0.9819,0.70,3.00
2007.12.14 12:00:47.363,0.98155,0.9819,0.70,3.00
2007.12.14 12:00:47.835,0.98155,0.9819,0.70,3.00
2007.12.14 12:00:48.843,0.98155,0.9819,0.70,3.00
2007.12.14 12:00:49.359,0.98155,0.9819,0.70,3.00
2007.12.14 12:00:50.653,0.9816,0.9819,0.20,2.80
2007.12.14 12:00:50.908,0.9816,0.98195,0.70,7.10
2007.12.14 12:00:51.310,0.9816,0.98195,0.70,3.00
2007.12.14 12:00:51.613,0.9816,0.98195,0.70,5.40
2007.12.14 12:00:51.869,0.9816,0.98195,0.70,5.40
2007.12.14 12:00:52.086,0.9816,0.98195,0.70,5.40
2007.12.14 12:00:52.382,0.9816,0.98195,0.70,5.40
2007.12.14 12:00:52.737,0.9816,0.98195,0.70,3.00
2007.12.14 12:00:52.916,0.9816,0.98195,0.70,3.00
2007.12.14 12:00:54.373,0.9816,0.98195,0.70,3.00
2007.12.14 12:00:57.700,0.9816,0.98195,0.70,5.40
2007.12.14 12:00:58.625,0.9816,0.98195,0.70,3.00
2007.12.14 12:00:59.366,0.9816,0.98195,0.70,0.70
2007.12.14 12:00:59.370,0.9816,0.98195,0.70,0.70
2007.12.14 12:01:03.273,0.9816,0.98195,0.70,0.80
2007.12.14 12:01:03.430,0.9816,0.98195,0.70,0.50
2007.12.14 12:01:04.371,0.9816,0.98195,0.70,0.70
2007.12.14 12:01:05.105,0.9816,0.98205,0.70,9.40
2007.12.14 12:01:05.309,0.98165,0.98195,0.20,0.90
2007.12.14 12:01:05.512,0.98165,0.982,0.70,3.10
2007.12.14 12:01:05.894,0.98165,0.98205,0.70,9.40
2007.12.14 12:01:06.097,0.9817,0.98205,0.20,9.50
2007.12.14 12:01:06.329,0.9817,0.98215,0.70,11.90
2007.12.14 12:01:06.532,0.9817,0.98205,0.70,0.50
2007.12.14 12:01:06.752,0.9817,0.982,0.50,0.30
2007.12.14 12:01:06.954,0.9817,0.982,0.50,0.30
2007.12.14 12:01:07.158,0.98165,0.98205,0.70,9.40
2007.12.14 12:01:07.465,0.98165,0.982,3.10,0.60
2007.12.14 12:01:07.774,0.98165,0.982,1.30,0.30
2007.12.14 12:01:08.081,0.9817,0.982,0.50,0.30
2007.12.14 12:01:08.319,0.9817,0.98215,0.70,9.50
2007.12.14 12:01:08.558,0.9817,0.98215,0.70,9.50
2007.12.14 12:01:08.810,0.9817,0.98215,0.70,9.40
2007.12.14 12:01:09.360,0.9817,0.98205,0.70,0.90
2007.12.14 12:01:11.585,0.9817,0.9821,0.70,3.10
2007.12.14 12:01:11.702,0.98175,0.9821,0.20,0.60
2007.12.14 12:01:11.895,0.98175,0.9821,0.70,0.60
2007.12.14 12:01:12.624,0.98175,0.9821,0.70,0.60
2007.12.14 12:01:12.872,0.9818,0.98225,0.20,9.40
2007.12.14 12:01:13.351,0.98185,0.98215,0.50,0.70
2007.12.14 12:01:13.875,0.98185,0.98225,0.50,9.40
2007.12.14 12:01:14.184,0.98185,0.98215,0.70,0.90
2007.12.14 12:01:15.126,0.98185,0.98225,0.50,9.40
2007.12.14 12:01:16.148,0.98185,0.9822,0.70,3.10
2007.12.14 12:01:17.185,0.98185,0.98225,0.50,9.40
2007.12.14 12:01:17.401,0.98185,0.9822,0.50,3.10
2007.12.14 12:01:17.678,0.98185,0.9821,0.50,0.30
2007.12.14 12:01:17.956,0.9818,0.98225,0.70,9.40
2007.12.14 12:01:18.234,0.9818,0.98215,0.70,3.10
2007.12.14 12:01:18.637,0.9818,0.9821,0.70,0.70
2007.12.14 12:01:18.820,0.98185,0.9822,0.20,3.10
2007.12.14 12:01:19.002,0.98185,0.98215,0.20,0.50
2007.12.14 12:01:19.185,0.98185,0.98215,0.50,0.70
2007.12.14 12:01:19.379,0.98185,0.98215,0.50,0.60
2007.12.14 12:01:20.215,0.9819,0.98215,0.20,0.60
2007.12.14 12:01:20.494,0.9819,0.98215,0.20,0.50
2007.12.14 12:01:20.638,0.9819,0.98235,0.20,9.40
2007.12.14 12:01:20.853,0.9819,0.98235,0.20,9.40
2007.12.14 12:01:21.054,0.9819,0.98225,0.20,3.10
2007.12.14 12:01:21.161,0.9819,0.98225,0.20,0.80
2007.12.14 12:01:21.270,0.98195,0.9823,0.20,3.10
2007.12.14 12:01:21.379,0.98195,0.98225,0.20,0.70
2007.12.14 12:01:21.532,0.98195,0.9823,0.70,3.10
2007.12.14 12:01:21.736,0.982,0.9823,0.50,0.50
2007.12.14 12:01:21.938,0.982,0.98235,0.50,9.40
2007.12.14 12:01:22.760,0.982,0.98225,0.50,0.90
2007.12.14 12:01:22.873,0.982,0.98235,0.50,9.40
2007.12.14 12:01:23.000,0.982,0.98225,0.50,0.30
2007.12.14 12:01:23.124,0.982,0.9823,0.50,3.10
2007.12.14 12:01:23.236,0.9819,0.9823,0.70,3.10
2007.12.14 12:01:23.986,0.9819,0.9823,0.70,3.10
2007.12.14 12:01:24.264,0.9819,0.9823,0.70,3.10
2007.12.14 12:01:24.552,0.9819,0.9823,0.70,3.10
2007.12.14 12:01:24.830,0.98195,0.9823,0.20,0.60
2007.12.14 12:01:25.062,0.98195,0.98235,0.70,9.40
2007.12.14 12:01:25.295,0.982,0.9823,0.50,0.60
2007.12.14 12:01:25.528,0.982,0.9823,0.50,0.60
2007.12.14 12:01:25.760,0.982,0.98235,0.50,9.40
2007.12.14 12:01:25.953,0.982,0.98235,0.50,9.40
2007.12.14 12:01:29.467,0.982,0.9823,0.50,3.00
2007.12.14 12:01:30.273,0.982,0.98225,0.50,0.30
2007.12.14 12:01:30.459,0.982,0.98225,0.50,0.30
2007.12.14 12:01:30.648,0.98195,0.98225,0.50,0.30
2007.12.14 12:01:31.210,0.98195,0.9822,0.50,0.30
2007.12.14 12:01:31.834,0.98195,0.9822,0.50,0.30
2007.12.14 12:01:33.285,0.982,0.9823,0.20,2.80
2007.12.14 12:01:33.530,0.982,0.9823,0.20,2.80
2007.12.14 12:01:33.774,0.98205,0.9823,0.50,2.80
2007.12.14 12:01:33.998,0.98205,0.98235,0.50,5.40
2007.12.14 12:01:34.459,0.98205,0.98235,0.50,5.40
2007.12.14 12:01:35.581,0.98205,0.98235,0.50,5.40
2007.12.14 12:01:36.620,0.98205,0.98235,0.50,5.40
2007.12.14 12:01:37.446,0.98205,0.98235,0.50,0.80
2007.12.14 12:01:38.310,0.98205,0.98235,0.50,0.70
2007.12.14 12:01:38.468,0.98205,0.9823,0.50,0.30
2007.12.14 12:01:38.626,0.982,0.9823,0.50,3.00
2007.12.14 12:01:39.114,0.982,0.9823,0.50,3.00
2007.12.14 12:01:39.455,0.982,0.9823,0.50,3.00
2007.12.14 12:01:40.376,0.982,0.9823,0.50,3.00
2007.12.14 12:01:40.584,0.982,0.9823,0.50,3.00
2007.12.14 12:01:41.413,0.982,0.9823,0.50,3.00
2007.12.14 12:01:41.819,0.982,0.9823,0.50,3.00
2007.12.14 12:01:42.286,0.982,0.9822,0.50,0.30
2007.12.14 12:01:42.575,0.982,0.9822,0.50,0.30
2007.12.14 12:01:42.864,0.9819,0.9822,0.20,0.30
2007.12.14 12:01:43.151,0.9819,0.9822,0.20,3.00
2007.12.14 12:01:44.455,0.9819,0.9822,0.20,3.00
2007.12.14 12:01:47.890,0.9819,0.9822,0.20,3.00
2007.12.14 12:01:48.416,0.9819,0.9822,0.20,3.00
2007.12.14 12:01:49.456,0.9819,0.9822,0.20,3.00
2007.12.14 12:01:53.397,0.9818,0.98215,0.20,0.30
2007.12.14 12:01:53.695,0.98185,0.98215,0.50,0.30
2007.12.14 12:01:53.992,0.9819,0.9822,0.20,3.00
2007.12.14 12:01:54.291,0.9819,0.9822,0.20,3.00
2007.12.14 12:01:55.268,0.9818,0.98215,0.20,0.30
2007.12.14 12:01:55.526,0.9818,0.98215,0.20,0.30
2007.12.14 12:01:55.789,0.98185,0.98215,0.50,0.30
2007.12.14 12:01:56.052,0.98185,0.98215,0.50,0.30
2007.12.14 12:01:57.136,0.98185,0.9822,0.70,3.00
2007.12.14 12:01:58.065,0.98185,0.98215,0.50,0.30
2007.12.14 12:01:59.471,0.98185,0.98215,0.50,0.30
2007.12.14 12:02:00.141,0.98185,0.9822,0.70,3.00
2007.12.14 12:02:00.419,0.98185,0.9822,0.70,3.00
2007.12.14 12:02:00.702,0.98185,0.9822,0.70,3.00
2007.12.14 12:02:04.481,0.98185,0.9822,0.70,3.00
2007.12.14 12:02:04.852,0.98185,0.9822,0.70,0.30
2007.12.14 12:02:05.176,0.98185,0.9822,0.70,0.30
2007.12.14 12:02:05.407,0.9819,0.9822,0.70,2.80
2007.12.14 12:02:05.640,0.9819,0.98225,0.70,7.10
2007.12.14 12:02:08.126,0.9819,0.9822,0.50,0.30
2007.12.14 12:02:08.752,0.9819,0.9822,0.50,0.30
2007.12.14 12:02:09.134,0.9819,0.9822,0.50,0.30
2007.12.14 12:02:09.474,0.9819,0.9822,0.50,0.30
2007.12.14 12:02:14.353,0.9819,0.9822,0.50,0.30
2007.12.14 12:02:14.536,0.9819,0.9822,0.50,0.30
2007.12.14 12:02:14.719,0.9819,0.9822,0.50,0.30
2007.12.14 12:02:14.902,0.98165,0.982,0.20,0.30
2007.12.14 12:02:15.086,0.98165,0.982,0.20,0.30
2007.12.14 12:02:15.304,0.98165,0.982,0.20,3.00
2007.12.14 12:02:15.522,0.9815,0.982,4.10,2.80
2007.12.14 12:02:15.740,0.9815,0.982,4.10,2.80
2007.12.14 12:02:15.959,0.98155,0.98205,4.00,2.80
2007.12.14 12:02:16.176,0.98145,0.98195,4.00,2.80
2007.12.14 12:02:16.371,0.98145,0.98195,4.00,2.80
2007.12.14 12:02:16.564,0.98145,0.98195,4.00,2.80
2007.12.14 12:02:16.757,0.98145,0.98195,4.00,2.80
2007.12.14 12:02:16.949,0.9814,0.9819,4.00,2.80
2007.12.14 12:02:18.819,0.9814,0.9819,4.00,2.80
2007.12.14 12:02:18.925,0.9814,0.9819,4.00,2.80
2007.12.14 12:02:19.122,0.98135,0.98185,4.00,2.80
2007.12.14 12:02:19.479,0.98135,0.98185,4.00,2.80
2007.12.14 12:02:19.664,0.98135,0.98185,4.00,2.80
2007.12.14 12:02:19.846,0.9814,0.98175,0.20,0.30
2007.12.14 12:02:20.029,0.9814,0.98175,0.20,0.30
2007.12.14 12:02:20.211,0.9814,0.98175,0.20,0.30
2007.12.14 12:02:20.508,0.9814,0.98175,0.20,0.30
2007.12.14 12:02:21.389,0.9816,0.9818,0.20,2.80
2007.12.14 12:02:21.507,0.9816,0.9818,0.20,2.80
2007.12.14 12:02:21.624,0.9816,0.9818,0.20,2.80
2007.12.14 12:02:21.743,0.98165,0.98195,0.50,9.50
2007.12.14 12:02:21.866,0.98165,0.98195,0.50,9.50
2007.12.14 12:02:21.983,0.98165,0.98175,0.50,0.30
2007.12.14 12:02:22.102,0.98165,0.98175,0.50,0.30
2007.12.14 12:02:22.219,0.9814,0.98175,0.20,0.30
2007.12.14 12:02:22.342,0.9813,0.9818,4.10,2.80
2007.12.14 12:02:22.635,0.98135,0.98185,4.00,2.80
2007.12.14 12:02:22.927,0.98135,0.98185,4.00,2.80
2007.12.14 12:02:23.220,0.9814,0.98175,0.20,0.30
2007.12.14 12:02:23.513,0.9814,0.98175,0.20,0.30
2007.12.14 12:02:23.700,0.9814,0.98175,0.20,0.30
2007.12.14 12:02:24.493,0.9814,0.98175,0.20,0.30
2007.12.14 12:02:24.922,0.98155,0.9818,0.20,2.80
2007.12.14 12:02:25.210,0.9816,0.98185,0.50,0.30
2007.12.14 12:02:25.855,0.9816,0.9819,0.70,2.80
2007.12.14 12:02:26.087,0.9816,0.9819,0.70,2.80
2007.12.14 12:02:26.321,0.9816,0.98195,0.20,3.00
2007.12.14 12:02:26.554,0.98145,0.9818,8.80,0.30
2007.12.14 12:02:26.782,0.98145,0.9818,8.80,0.30
2007.12.14 12:02:27.009,0.98145,0.9818,4.80,0.30
2007.12.14 12:02:27.237,0.9815,0.9818,0.50,0.30
2007.12.14 12:02:28.131,0.9815,0.9818,0.50,3.00
2007.12.14 12:02:29.495,0.9815,0.9818,0.50,3.00
2007.12.14 12:02:30.116,0.9815,0.9818,0.70,2.80
2007.12.14 12:02:30.841,0.9815,0.9817,0.50,0.30
2007.12.14 12:02:31.059,0.9815,0.9817,0.50,0.30
2007.12.14 12:02:31.276,0.9815,0.9817,0.50,3.00
2007.12.14 12:02:31.494,0.9814,0.9817,0.70,3.00
2007.12.14 12:02:31.711,0.9814,0.9817,0.70,3.00
2007.12.14 12:02:33.845,0.9814,0.98165,0.50,0.30
2007.12.14 12:02:34.109,0.9814,0.98165,0.50,0.30
2007.12.14 12:02:34.197,0.98135,0.98165,0.50,3.00
2007.12.14 12:02:34.494,0.98135,0.98165,0.50,3.00
2007.12.14 12:02:34.898,0.98135,0.98165,0.50,3.00
2007.12.14 12:02:36.221,0.98135,0.98165,0.50,3.00
2007.12.14 12:02:37.062,0.98135,0.98165,0.50,3.00
2007.12.14 12:02:39.033,0.98135,0.9816,0.50,0.30
2007.12.14 12:02:39.118,0.98135,0.9816,0.50,3.00
2007.12.14 12:02:39.195,0.98135,0.9816,0.50,3.00
2007.12.14 12:02:39.283,0.98135,0.9816,0.50,3.00
2007.12.14 12:02:39.499,0.98135,0.9816,0.50,3.00
2007.12.14 12:02:39.577,0.9813,0.9816,0.50,3.00
2007.12.14 12:02:39.915,0.9813,0.9816,0.50,3.00
2007.12.14 12:02:40.247,0.9813,0.9816,0.50,2.80
2007.12.14 12:02:40.580,0.9813,0.98165,0.50,7.10
2007.12.14 12:02:40.914,0.9814,0.98165,0.20,2.80
2007.12.14 12:02:41.032,0.9814,0.98165,0.20,2.80
2007.12.14 12:02:41.160,0.9814,0.9817,0.50,3.00
2007.12.14 12:02:42.131,0.9814,0.9817,0.50,3.00
2007.12.14 12:02:42.545,0.9814,0.98165,0.50,0.30
2007.12.14 12:02:42.829,0.9814,0.98165,0.50,0.30
2007.12.14 12:02:43.038,0.9813,0.98165,0.20,0.30
2007.12.14 12:02:43.216,0.98135,0.9817,0.20,3.00
2007.12.14 12:02:43.583,0.9813,0.98165,0.20,0.30
2007.12.14 12:02:43.760,0.9813,0.9817,0.20,3.10
2007.12.14 12:02:43.938,0.9813,0.9817,0.20,3.10
2007.12.14 12:02:44.201,0.98135,0.9817,0.20,0.70
2007.12.14 12:02:44.463,0.98135,0.98165,0.20,0.70
2007.12.14 12:02:44.790,0.98135,0.9817,0.20,3.10
2007.12.14 12:02:45.053,0.98135,0.98175,0.20,9.40
2007.12.14 12:02:45.585,0.98135,0.9817,0.20,0.50
2007.12.14 12:02:45.859,0.9813,0.9817,0.20,3.10
2007.12.14 12:02:46.133,0.9813,0.98165,0.20,0.80
2007.12.14 12:02:49.349,0.9813,0.9817,0.20,3.10
2007.12.14 12:02:49.613,0.98135,0.9817,0.20,0.70
2007.12.14 12:02:49.892,0.98135,0.9817,0.20,0.80
2007.12.14 12:02:50.188,0.98135,0.9817,0.20,0.80
2007.12.14 12:02:50.458,0.98135,0.98175,0.20,9.40
2007.12.14 12:02:50.720,0.9813,0.9817,0.20,3.10
2007.12.14 12:02:50.977,0.9813,0.98175,0.20,9.40
2007.12.14 12:02:51.236,0.9813,0.98175,0.20,9.40
2007.12.14 12:02:51.439,0.9813,0.98175,0.20,9.40
2007.12.14 12:02:51.735,0.9813,0.98165,0.20,0.80
2007.12.14 12:02:51.938,0.9813,0.98165,0.20,0.30
2007.12.14 12:02:52.141,0.98135,0.98165,0.20,0.70
2007.12.14 12:02:52.361,0.98135,0.98175,0.20,9.40
2007.12.14 12:02:52.669,0.9812,0.98145,4.00,4.30
2007.12.14 12:02:52.978,0.9813,0.98155,0.20,6.80
2007.12.14 12:02:53.286,0.9813,0.9816,0.20,7.00
2007.12.14 12:02:53.504,0.9813,0.9816,0.20,0.70
2007.12.14 12:02:53.924,0.9813,0.98175,0.20,5.40
2007.12.14 12:02:54.141,0.9811,0.98175,4.00,5.40
2007.12.14 12:02:54.359,0.9811,0.98175,4.00,5.40
2007.12.14 12:02:54.902,0.98135,0.9816,0.20,0.80
2007.12.14 12:02:55.146,0.98135,0.9817,0.20,0.80
2007.12.14 12:02:55.389,0.98135,0.98175,0.20,5.40
2007.12.14 12:02:55.588,0.98135,0.98175,0.20,5.40
2007.12.14 12:02:56.566,0.9814,0.9817,0.20,0.50
2007.12.14 12:02:56.730,0.9814,0.9817,0.20,0.70
2007.12.14 12:02:56.893,0.9814,0.98175,0.20,5.50
2007.12.14 12:02:57.097,0.9814,0.98185,0.20,7.80
2007.12.14 12:02:57.417,0.9814,0.98185,0.20,7.80
2007.12.14 12:02:57.681,0.9814,0.98185,0.20,7.80
2007.12.14 12:02:57.943,0.9814,0.98175,0.20,0.70
2007.12.14 12:02:59.180,0.9814,0.98175,0.20,5.50
2007.12.14 12:02:59.542,0.9814,0.9817,0.20,0.30
2007.12.14 12:03:04.519,0.9814,0.98175,0.20,5.50
2007.12.14 12:03:05.886,0.98145,0.98175,0.20,0.60
2007.12.14 12:03:06.043,0.98145,0.9818,0.20,3.10
2007.12.14 12:03:06.202,0.98145,0.98185,0.20,5.40
2007.12.14 12:03:06.750,0.98145,0.98185,0.20,5.40
2007.12.14 12:03:07.176,0.98145,0.9818,0.20,0.80
2007.12.14 12:03:09.424,0.98155,0.98185,0.20,5.20
2007.12.14 12:03:09.678,0.98155,0.9819,0.20,3.10
2007.12.14 12:03:09.931,0.98155,0.9818,0.20,0.50
2007.12.14 12:03:10.144,0.98155,0.9819,0.20,3.10
2007.12.14 12:03:10.356,0.98155,0.98205,0.20,5.40
2007.12.14 12:03:10.991,0.9816,0.98195,0.20,3.10
2007.12.14 12:03:11.189,0.9816,0.98195,0.20,3.10
2007.12.14 12:03:11.678,0.9816,0.98195,0.20,0.60
2007.12.14 12:03:11.912,0.98155,0.9819,0.20,0.30
2007.12.14 12:03:12.227,0.98155,0.9819,0.20,0.60
2007.12.14 12:03:14.461,0.98155,0.9819,0.20,3.00
2007.12.14 12:03:14.563,0.9816,0.9819,0.20,2.80
2007.12.14 12:03:14.682,0.9816,0.98195,0.20,3.00
2007.12.14 12:03:14.887,0.9816,0.98195,0.20,3.00
2007.12.14 12:03:15.166,0.9816,0.98195,0.20,3.00
2007.12.14 12:03:15.444,0.9816,0.98195,0.20,3.00
2007.12.14 12:03:15.724,0.98165,0.98195,0.50,2.80
2007.12.14 12:03:16.003,0.98165,0.98195,0.50,2.80
2007.12.14 12:03:16.240,0.98165,0.982,4.60,3.00
2007.12.14 12:03:16.525,0.98165,0.982,7.00,3.00
2007.12.14 12:03:16.763,0.98165,0.982,7.00,3.00
2007.12.14 12:03:17.000,0.98175,0.982,0.20,2.80
2007.12.14 12:03:17.238,0.98175,0.982,0.20,2.80
2007.12.14 12:03:17.475,0.98175,0.98205,0.20,5.40
2007.12.14 12:03:17.713,0.98175,0.98205,0.20,3.00
2007.12.14 12:03:18.057,0.98175,0.98205,2.50,3.00
2007.12.14 12:03:18.235,0.98175,0.98205,2.40,3.00
2007.12.14 12:03:18.451,0.98175,0.982,2.40,0.30
2007.12.14 12:03:18.630,0.9817,0.982,0.50,0.30
2007.12.14 12:03:18.807,0.98165,0.982,0.20,0.30
2007.12.14 12:03:18.985,0.98165,0.982,0.20,3.00
2007.12.14 12:03:19.539,0.98165,0.982,0.20,3.00
2007.12.14 12:03:21.155,0.98165,0.982,0.20,3.00
2007.12.14 12:03:21.462,0.9816,0.98195,0.20,0.30
2007.12.14 12:03:21.651,0.9816,0.98195,0.20,0.30
2007.12.14 12:03:21.838,0.9816,0.98195,0.20,0.30
2007.12.14 12:03:22.026,0.98165,0.98195,0.20,2.80
2007.12.14 12:03:22.213,0.98165,0.982,4.60,3.00
2007.12.14 12:03:22.642,0.98165,0.982,4.60,3.00
2007.12.14 12:03:22.843,0.98165,0.98195,7.00,0.30
2007.12.14 12:03:23.046,0.9817,0.982,0.20,2.80
2007.12.14 12:03:23.261,0.9817,0.98205,0.20,5.40
2007.12.14 12:03:23.479,0.9817,0.98205,0.50,5.40
2007.12.14 12:03:23.697,0.9817,0.98205,0.50,3.00
2007.12.14 12:03:24.088,0.9817,0.98205,0.50,3.00
2007.12.14 12:03:24.463,0.9817,0.98195,0.50,0.30
2007.12.14 12:03:24.601,0.98165,0.98195,0.50,3.00
2007.12.14 12:03:24.739,0.9816,0.98195,0.20,3.00
2007.12.14 12:03:24.912,0.9816,0.98195,0.20,3.00
2007.12.14 12:03:25.049,0.98165,0.98195,0.20,2.80
2007.12.14 12:03:25.187,0.98165,0.982,0.50,3.00
2007.12.14 12:03:25.325,0.98165,0.982,0.50,3.00
2007.12.14 12:03:25.572,0.98165,0.982,7.00,3.00
2007.12.14 12:03:25.839,0.98165,0.982,7.00,3.00
2007.12.14 12:03:26.086,0.9817,0.982,0.20,2.80
2007.12.14 12:03:26.335,0.9817,0.98205,0.20,3.00
2007.12.14 12:03:26.582,0.9817,0.98205,0.50,3.00
2007.12.14 12:03:26.721,0.98175,0.98205,2.40,3.00
2007.12.14 12:03:26.859,0.98175,0.98205,2.80,3.00
2007.12.14 12:03:27.057,0.98175,0.98205,0.50,3.00
2007.12.14 12:03:27.196,0.98175,0.98205,0.50,3.00
2007.12.14 12:03:27.591,0.98175,0.98205,0.50,3.00
2007.12.14 12:03:27.673,0.9817,0.98205,0.70,3.00
2007.12.14 12:03:27.734,0.98175,0.98205,0.50,3.00
2007.12.14 12:03:28.074,0.98175,0.98205,0.90,3.00
2007.12.14 12:03:28.218,0.9818,0.98215,3.00,3.00
2007.12.14 12:03:28.409,0.9818,0.98215,3.00,3.00
2007.12.14 12:03:28.580,0.9818,0.98215,0.70,3.00
2007.12.14 12:03:28.754,0.9818,0.98215,0.70,3.00
2007.12.14 12:03:28.926,0.9818,0.98215,0.70,3.00
2007.12.14 12:03:29.098,0.9818,0.98215,0.70,0.30
2007.12.14 12:03:29.448,0.98195,0.9822,0.20,2.80
2007.12.14 12:03:29.621,0.98195,0.98225,0.20,0.30
2007.12.14 12:03:29.927,0.98195,0.98225,0.50,0.30
2007.12.14 12:03:30.122,0.9819,0.98225,3.10,0.30
2007.12.14 12:03:30.286,0.98195,0.9823,1.80,3.00
2007.12.14 12:03:30.461,0.98205,0.9823,0.50,0.30
2007.12.14 12:03:30.624,0.982,0.9824,0.70,3.00
2007.12.14 12:03:30.902,0.98205,0.9824,0.20,3.00
2007.12.14 12:03:31.181,0.9821,0.98245,0.20,3.00
2007.12.14 12:03:31.459,0.9821,0.98245,0.20,0.30
2007.12.14 12:03:31.804,0.9821,0.98245,0.20,0.30
2007.12.14 12:03:32.562,0.9821,0.98245,0.20,0.30
2007.12.14 12:03:33.144,0.98205,0.98245,4.40,0.30
2007.12.14 12:03:33.337,0.982,0.9824,4.30,0.30
2007.12.14 12:03:33.530,0.982,0.9824,0.40,0.30
2007.12.14 12:03:34.026,0.98225,0.98245,0.20,2.80
2007.12.14 12:03:34.319,0.98225,0.98245,7.50,2.80
2007.12.14 12:03:34.613,0.98225,0.98245,7.50,2.80
2007.12.14 12:03:34.863,0.98225,0.9826,3.40,0.30
2007.12.14 12:03:35.100,0.9823,0.9826,0.50,0.30
2007.12.14 12:03:35.605,0.9823,0.9826,0.50,0.30
2007.12.14 12:03:35.843,0.98225,0.98265,7.50,3.00
2007.12.14 12:03:36.047,0.9823,0.98265,0.70,0.30
2007.12.14 12:03:36.249,0.98225,0.9826,7.50,0.30
2007.12.14 12:03:36.452,0.98235,0.9826,0.50,0.30
2007.12.14 12:03:36.654,0.9823,0.98265,0.70,2.80
2007.12.14 12:03:36.859,0.9823,0.98265,1.00,2.80
2007.12.14 12:03:37.154,0.9823,0.9826,1.00,0.30
2007.12.14 12:03:37.436,0.9823,0.9826,0.50,0.30
2007.12.14 12:03:37.725,0.98225,0.98265,7.20,3.00
2007.12.14 12:03:38.008,0.98225,0.98265,3.10,3.00
2007.12.14 12:03:38.275,0.98225,0.98265,3.40,7.10
2007.12.14 12:03:38.543,0.98225,0.98265,7.50,0.30
2007.12.14 12:03:38.812,0.98235,0.9827,2.70,2.80
2007.12.14 12:03:39.091,0.98245,0.9827,0.20,2.80
2007.12.14 12:03:39.368,0.9824,0.9827,0.50,0.30
2007.12.14 12:03:39.647,0.98245,0.98275,0.20,4.00
2007.12.14 12:03:39.924,0.9824,0.9828,0.40,3.00
2007.12.14 12:03:40.213,0.9824,0.9828,0.40,3.00
2007.12.14 12:03:40.501,0.98245,0.9828,0.50,3.00
2007.12.14 12:03:40.788,0.9824,0.9828,0.40,3.00
2007.12.14 12:03:41.415,0.98245,0.98275,0.20,2.80
2007.12.14 12:03:41.649,0.9824,0.98275,0.40,2.80
2007.12.14 12:03:41.882,0.9823,0.9827,0.40,0.30
2007.12.14 12:03:42.350,0.98235,0.9827,0.20,3.00
2007.12.14 12:03:42.635,0.9823,0.9827,0.40,3.00
2007.12.14 12:03:42.873,0.9823,0.9827,0.40,3.00
2007.12.14 12:03:43.072,0.9822,0.9826,4.30,0.30
2007.12.14 12:03:43.275,0.9822,0.9826,0.40,3.00
2007.12.14 12:03:43.478,0.9822,0.9826,0.40,3.00
2007.12.14 12:03:43.681,0.9822,0.9826,0.40,3.00
2007.12.14 12:03:44.487,0.98205,0.9826,6.50,2.80
2007.12.14 12:03:44.635,0.9821,0.9826,1.10,2.80
2007.12.14 12:03:44.844,0.982,0.98255,4.30,2.80
2007.12.14 12:03:45.216,0.98205,0.98255,1.60,2.80
2007.12.14 12:03:45.503,0.982,0.98255,6.70,2.80
2007.12.14 12:03:45.791,0.98225,0.9826,0.20,3.00
2007.12.14 12:03:46.080,0.98215,0.98255,0.40,0.30
2007.12.14 12:03:46.259,0.98215,0.98255,0.40,0.30
2007.12.14 12:03:46.557,0.98215,0.98255,0.40,0.30
2007.12.14 12:03:46.736,0.98215,0.98255,0.40,0.30
2007.12.14 12:03:48.299,0.9822,0.98255,0.20,0.30
2007.12.14 12:03:48.542,0.98215,0.9825,0.20,0.30
2007.12.14 12:03:48.785,0.9821,0.9825,0.40,0.30
2007.12.14 12:03:49.028,0.98215,0.9825,0.20,0.30
2007.12.14 12:03:49.270,0.9821,0.9825,0.40,0.30
2007.12.14 12:03:49.473,0.98195,0.98255,6.40,2.80
2007.12.14 12:03:49.675,0.9819,0.9825,4.20,2.80
2007.12.14 12:03:49.909,0.9819,0.9825,4.20,2.80
2007.12.14 12:03:54.623,0.9819,0.9825,4.20,2.80
2007.12.14 12:03:55.179,0.98185,0.9825,10.60,2.80
2007.12.14 12:03:55.337,0.982,0.9825,2.40,2.80
2007.12.14 12:03:55.650,0.98195,0.98245,1.40,2.80
2007.12.14 12:03:55.963,0.98195,0.98245,4.00,2.80
2007.12.14 12:03:59.629,0.98195,0.98245,4.00,2.80
2007.12.14 12:04:02.011,0.982,0.98235,0.20,0.30
2007.12.14 12:04:02.231,0.982,0.98235,0.20,0.30
2007.12.14 12:04:02.411,0.982,0.98235,0.20,0.30
2007.12.14 12:04:02.672,0.982,0.98235,0.20,0.30
2007.12.14 12:04:02.733,0.982,0.98235,0.20,0.30
2007.12.14 12:04:02.943,0.982,0.98235,0.20,0.30
2007.12.14 12:04:04.624,0.982,0.98235,0.20,0.30
2007.12.14 12:04:04.843,0.98195,0.9823,0.20,0.30
2007.12.14 12:04:05.038,0.98195,0.9823,0.20,0.30
2007.12.14 12:04:05.343,0.98195,0.9823,0.20,0.30
2007.12.14 12:04:07.091,0.9819,0.98225,0.20,0.30
2007.12.14 12:04:07.266,0.9819,0.98225,0.20,0.30
2007.12.14 12:04:07.419,0.9819,0.98225,0.20,0.30
2007.12.14 12:04:07.581,0.9818,0.9823,4.10,2.80
2007.12.14 12:04:07.745,0.9818,0.9823,4.00,2.80
2007.12.14 12:04:07.920,0.98185,0.98235,4.00,2.80
2007.12.14 12:04:08.183,0.9818,0.9823,4.00,2.80
2007.12.14 12:04:08.446,0.9818,0.9823,4.00,2.80
2007.12.14 12:04:09.184,0.98175,0.98225,4.00,2.80
2007.12.14 12:04:09.393,0.9817,0.9822,4.00,2.80
2007.12.14 12:04:09.634,0.9817,0.9822,4.00,2.80
2007.12.14 12:04:10.113,0.9817,0.9822,4.10,2.80
2007.12.14 12:04:10.388,0.9817,0.9822,4.10,2.80
2007.12.14 12:04:10.660,0.9817,0.9822,4.10,2.80
2007.12.14 12:04:10.933,0.98175,0.98225,4.00,2.80
2007.12.14 12:04:11.206,0.98175,0.98225,4.00,2.80
2007.12.14 12:04:12.105,0.98175,0.98225,4.00,2.80
2007.12.14 12:04:14.636,0.98175,0.98225,4.00,2.80
2007.12.14 12:04:14.848,0.98175,0.98225,4.00,2.80
2007.12.14 12:04:15.000,0.9817,0.9822,4.10,2.80
2007.12.14 12:04:15.154,0.9817,0.9822,4.00,2.80
2007.12.14 12:04:15.406,0.98165,0.98215,4.00,2.80
2007.12.14 12:04:15.658,0.98165,0.98215,4.10,2.80
2007.12.14 12:04:15.912,0.9817,0.9822,4.00,2.80
2007.12.14 12:04:16.186,0.9817,0.9822,4.00,2.80
2007.12.14 12:04:16.550,0.98195,0.9822,0.20,2.80
2007.12.14 12:04:16.734,0.98195,0.9822,0.20,2.80
2007.12.14 12:04:16.897,0.98195,0.9822,0.20,2.80
2007.12.14 12:04:17.116,0.98195,0.98225,0.20,0.30
2007.12.14 12:04:17.377,0.982,0.9823,0.20,2.80
2007.12.14 12:04:17.651,0.982,0.9823,0.20,0.30
2007.12.14 12:04:17.924,0.982,0.9823,0.20,0.30
2007.12.14 12:04:18.198,0.98205,0.98235,0.20,3.00
2007.12.14 12:04:18.441,0.98205,0.98235,0.20,3.00
2007.12.14 12:04:18.684,0.98205,0.98235,0.20,3.00
2007.12.14 12:04:18.927,0.98205,0.98235,0.20,0.30
2007.12.14 12:04:19.637,0.98205,0.98235,0.20,0.30
2007.12.14 12:04:24.637,0.98205,0.98235,0.20,0.30
2007.12.14 12:04:29.176,0.98205,0.98235,0.20,0.30
2007.12.14 12:04:29.370,0.9821,0.9824,0.20,3.00
2007.12.14 12:04:29.526,0.9821,0.9824,0.20,0.30
2007.12.14 12:04:29.802,0.9821,0.9824,0.20,0.30
2007.12.14 12:04:32.347,0.9821,0.9824,0.20,0.30
2007.12.14 12:04:34.663,0.9821,0.9824,0.20,0.30
2007.12.14 12:04:35.163,0.9821,0.9824,0.20,0.30
2007.12.14 12:04:35.291,0.9821,0.9824,0.20,0.30
2007.12.14 12:04:35.727,0.98215,0.98245,0.20,2.80
2007.12.14 12:04:36.193,0.98215,0.9825,0.20,3.00
2007.12.14 12:04:36.525,0.98215,0.9825,0.20,3.00
2007.12.14 12:04:36.860,0.9822,0.98255,0.20,3.00
2007.12.14 12:04:37.694,0.9822,0.98255,0.20,3.00
2007.12.14 12:04:39.658,0.9822,0.98255,0.20,3.00
2007.12.14 12:04:41.648,0.98205,0.9824,10.60,0.30
2007.12.14 12:04:41.876,0.98205,0.9824,8.20,0.30
2007.12.14 12:04:42.088,0.98205,0.9824,8.20,0.30
2007.12.14 12:04:42.302,0.98205,0.9824,4.20,0.30
2007.12.14 12:04:42.693,0.98205,0.9824,0.20,0.30
2007.12.14 12:04:42.961,0.98205,0.9824,0.20,3.00
2007.12.14 12:04:43.601,0.9821,0.9824,0.20,2.80
2007.12.14 12:04:43.868,0.9821,0.9824,0.20,2.80
2007.12.14 12:04:44.006,0.9821,0.9824,0.20,2.80
2007.12.14 12:04:44.160,0.9821,0.98245,0.20,0.30
2007.12.14 12:04:44.368,0.9821,0.98245,0.20,0.30
2007.12.14 12:04:44.654,0.9821,0.98245,0.20,0.30
2007.12.14 12:04:45.400,0.9821,0.98245,0.20,0.30
2007.12.14 12:04:45.927,0.9821,0.98245,0.20,0.30
2007.12.14 12:04:46.139,0.9821,0.98245,0.20,3.00
2007.12.14 12:04:46.358,0.9821,0.98245,0.20,3.00
2007.12.14 12:04:46.688,0.9821,0.98245,0.20,0.30
2007.12.14 12:04:46.837,0.9821,0.98245,0.20,0.30
2007.12.14 12:04:46.979,0.9821,0.98245,0.20,3.00
2007.12.14 12:04:47.910,0.9821,0.98245,0.20,3.00
2007.12.14 12:04:49.377,0.9821,0.98245,0.20,3.00
2007.12.14 12:04:49.576,0.9821,0.98245,0.20,0.30
2007.12.14 12:04:50.415,0.9821,0.98245,0.20,0.30
2007.12.14 12:04:51.887,0.9821,0.98245,0.20,0.30
2007.12.14 12:04:52.397,0.9821,0.98245,0.20,0.30
2007.12.14 12:04:53.863,0.9821,0.98245,0.20,3.00
2007.12.14 12:04:54.204,0.98205,0.98235,6.60,0.30
2007.12.14 12:04:54.609,0.98205,0.98235,6.60,0.30
2007.12.14 12:04:54.823,0.98215,0.9824,0.20,2.80
2007.12.14 12:04:55.035,0.98215,0.9825,0.20,0.30
2007.12.14 12:04:55.248,0.98205,0.9824,10.60,0.30
2007.12.14 12:04:55.461,0.98205,0.9824,6.60,3.00
2007.12.14 12:04:55.780,0.9822,0.9824,0.20,2.80
2007.12.14 12:04:56.097,0.9822,0.98255,0.20,3.00
2007.12.14 12:04:58.864,0.98215,0.98255,0.40,3.00
2007.12.14 12:04:59.666,0.9822,0.98255,0.20,3.00
2007.12.14 12:05:00.173,0.9822,0.98255,0.20,3.00
2007.12.14 12:05:01.150,0.98215,0.9825,0.20,0.30
2007.12.14 12:05:01.379,0.98215,0.9825,0.20,0.30
2007.12.14 12:05:01.607,0.98215,0.9825,0.20,0.30
2007.12.14 12:05:01.786,0.98215,0.9825,0.20,3.00
2007.12.14 12:05:02.169,0.9822,0.9825,0.20,2.80
2007.12.14 12:05:02.345,0.9822,0.9825,0.20,2.80
2007.12.14 12:05:02.522,0.9822,0.98255,0.20,3.00
2007.12.14 12:05:02.776,0.9822,0.98255,0.20,3.00
2007.12.14 12:05:04.041,0.9822,0.98255,0.20,3.00
2007.12.14 12:05:04.583,0.9822,0.98255,0.20,3.00
2007.12.14 12:05:08.920,0.9822,0.98255,0.20,0.30
2007.12.14 12:05:09.127,0.98225,0.9826,0.20,0.30
2007.12.14 12:05:09.335,0.98225,0.9826,0.20,0.30
2007.12.14 12:05:09.543,0.98225,0.9826,0.20,3.00
2007.12.14 12:05:09.751,0.9822,0.98255,0.20,0.30
2007.12.14 12:05:09.950,0.9822,0.98255,0.20,3.00
2007.12.14 12:05:10.177,0.9822,0.98255,0.20,3.00
2007.12.14 12:05:10.377,0.9822,0.98255,0.20,3.00
2007.12.14 12:05:10.688,0.9822,0.98255,0.20,0.30
2007.12.14 12:05:10.981,0.9822,0.98255,0.20,0.30
2007.12.14 12:05:11.274,0.98225,0.9826,0.20,3.00
2007.12.14 12:05:13.176,0.98225,0.9826,0.20,3.00
2007.12.14 12:05:13.279,0.9822,0.98255,0.20,0.30
2007.12.14 12:05:13.383,0.9822,0.98255,0.20,0.30
2007.12.14 12:05:13.489,0.9822,0.98255,0.20,0.30
2007.12.14 12:05:13.591,0.9822,0.98255,0.20,3.00
2007.12.14 12:05:14.687,0.9822,0.98255,0.20,3.00
2007.12.14 12:05:16.117,0.9822,0.9825,0.20,2.80
2007.12.14 12:05:16.625,0.9822,0.98255,0.20,3.00
2007.12.14 12:05:19.684,0.9822,0.98255,0.20,3.00
2007.12.14 12:05:24.697,0.9822,0.98255,0.20,3.00
2007.12.14 12:05:26.143,0.98225,0.98255,0.20,2.80
2007.12.14 12:05:26.395,0.98225,0.98255,0.20,2.80
2007.12.14 12:05:26.533,0.98225,0.98255,0.20,2.80
2007.12.14 12:05:26.672,0.9823,0.9826,0.20,2.80
2007.12.14 12:05:26.810,0.9823,0.9826,0.20,2.80
2007.12.14 12:05:27.064,0.98225,0.9826,2.50,3.00
2007.12.14 12:05:27.202,0.98225,0.9826,2.50,3.00
2007.12.14 12:05:27.340,0.98225,0.9826,0.20,3.00
2007.12.14 12:05:27.670,0.98225,0.9826,0.20,3.00
2007.12.14 12:05:27.999,0.98225,0.9826,0.20,3.00
2007.12.14 12:05:28.328,0.98225,0.9826,0.20,0.30
2007.12.14 12:05:28.505,0.98225,0.9826,0.20,3.00
2007.12.14 12:05:29.702,0.98225,0.9826,0.20,3.00
2007.12.14 12:05:30.189,0.98225,0.9826,0.20,3.00
2007.12.14 12:05:31.970,0.98225,0.9826,0.20,0.30
2007.12.14 12:05:32.187,0.98225,0.9826,0.20,0.30
2007.12.14 12:05:32.613,0.98225,0.9826,0.20,3.00
2007.12.14 12:05:33.094,0.98225,0.9826,0.20,3.00
2007.12.14 12:05:34.137,0.98225,0.9826,0.20,3.00
2007.12.14 12:05:34.709,0.98225,0.9826,0.20,3.00
2007.12.14 12:05:39.729,0.98225,0.9826,0.20,3.00
2007.12.14 12:05:40.075,0.98225,0.9826,0.20,3.00
2007.12.14 12:05:40.390,0.98225,0.9826,0.20,3.00
2007.12.14 12:05:40.914,0.98225,0.9826,0.20,3.00
2007.12.14 12:05:41.211,0.98225,0.9826,2.50,3.00
2007.12.14 12:05:41.509,0.98225,0.9826,2.50,0.30
2007.12.14 12:05:41.808,0.9823,0.98265,0.20,0.30
2007.12.14 12:05:42.006,0.9823,0.98265,0.20,3.00
2007.12.14 12:05:42.206,0.9823,0.98265,0.20,3.00
2007.12.14 12:05:44.716,0.9823,0.98265,0.20,3.00
2007.12.14 12:05:44.958,0.9823,0.98265,0.20,0.50
2007.12.14 12:05:49.714,0.9823,0.98275,0.20,9.40
2007.12.14 12:05:52.093,0.9823,0.98275,0.20,9.40
2007.12.14 12:05:53.699,0.9823,0.9827,0.20,3.10
2007.12.14 12:05:53.932,0.9823,0.98265,0.20,0.50
2007.12.14 12:05:54.430,0.9823,0.9827,0.20,3.10
2007.12.14 12:05:54.648,0.9824,0.9827,0.20,0.70
2007.12.14 12:05:54.945,0.9824,0.98285,0.20,11.90
2007.12.14 12:05:55.153,0.9824,0.98285,0.20,11.90
2007.12.14 12:05:55.426,0.9824,0.98285,0.20,9.40
2007.12.14 12:05:56.721,0.98235,0.98275,0.20,3.10
2007.12.14 12:05:57.141,0.98235,0.98275,0.20,3.10
2007.12.14 12:05:57.712,0.9824,0.98275,0.20,0.90
2007.12.14 12:05:58.044,0.9824,0.98285,0.20,9.40
2007.12.14 12:05:58.378,0.98235,0.9828,0.20,3.10
2007.12.14 12:05:58.608,0.98235,0.9827,0.20,0.30
2007.12.14 12:05:58.805,0.9824,0.98295,0.20,9.40
2007.12.14 12:05:59.331,0.9824,0.98275,0.20,0.90
2007.12.14 12:05:59.607,0.98245,0.9828,0.20,3.10
2007.12.14 12:05:59.851,0.98245,0.9828,0.20,0.90
2007.12.14 12:06:01.080,0.9824,0.9828,0.20,3.10
2007.12.14 12:06:01.392,0.9824,0.98295,0.20,9.40
2007.12.14 12:06:01.611,0.98245,0.9828,0.20,3.10
2007.12.14 12:06:01.925,0.98245,0.9828,0.20,0.30
2007.12.14 12:06:02.121,0.98255,0.98295,0.20,9.40
2007.12.14 12:06:02.229,0.98255,0.9829,0.20,0.80
2007.12.14 12:06:02.338,0.98255,0.98295,0.20,7.00
2007.12.14 12:06:02.657,0.98255,0.983,0.20,3.10
2007.12.14 12:06:03.216,0.98255,0.9829,0.20,0.30
2007.12.14 12:06:03.535,0.98265,0.98295,0.20,0.30
2007.12.14 12:06:03.727,0.9828,0.98315,0.20,7.10
2007.12.14 12:06:03.921,0.9828,0.98315,0.20,7.10
2007.12.14 12:06:04.113,0.9828,0.98325,0.20,9.40
2007.12.14 12:06:04.749,0.9828,0.98325,0.20,9.40
2007.12.14 12:06:05.042,0.98285,0.9832,0.20,3.10
2007.12.14 12:06:05.334,0.98285,0.98325,0.50,9.40
2007.12.14 12:06:05.577,0.9828,0.98315,0.20,0.70
2007.12.14 12:06:05.819,0.9828,0.98315,0.20,0.90
2007.12.14 12:06:06.794,0.9828,0.98325,0.20,9.40
2007.12.14 12:06:06.959,0.9828,0.98315,0.20,0.60
2007.12.14 12:06:09.107,0.9828,0.9831,0.20,0.90
2007.12.14 12:06:09.438,0.9828,0.98325,0.20,9.40
2007.12.14 12:06:09.744,0.9828,0.98315,0.20,0.70
2007.12.14 12:06:11.764,0.98275,0.98315,0.20,3.10
2007.12.14 12:06:11.881,0.98275,0.98325,0.20,9.40
2007.12.14 12:06:14.626,0.98275,0.98315,0.20,3.10
2007.12.14 12:06:15.198,0.98275,0.9831,0.20,3.00
2007.12.14 12:06:15.522,0.9827,0.983,0.20,0.30
2007.12.14 12:06:15.845,0.9827,0.983,0.20,0.30
2007.12.14 12:06:16.167,0.9827,0.983,0.20,0.30
2007.12.14 12:06:16.441,0.9827,0.983,0.20,0.30
2007.12.14 12:06:19.147,0.9827,0.983,0.20,0.30
2007.12.14 12:06:19.757,0.9827,0.983,0.20,0.30
2007.12.14 12:06:24.169,0.98265,0.983,0.20,0.30
2007.12.14 12:06:24.233,0.98265,0.983,0.20,0.30
2007.12.14 12:06:24.422,0.98265,0.983,0.50,0.30
2007.12.14 12:06:24.677,0.9827,0.983,0.20,0.30
2007.12.14 12:06:24.929,0.9827,0.983,0.20,0.30
2007.12.14 12:06:25.348,0.9827,0.983,0.20,0.30
2007.12.14 12:06:25.632,0.9827,0.983,0.20,0.30
2007.12.14 12:06:25.856,0.98265,0.983,0.20,0.30
2007.12.14 12:06:26.078,0.98265,0.983,0.50,0.30
2007.12.14 12:06:26.302,0.9827,0.983,0.20,0.30
2007.12.14 12:06:26.525,0.9827,0.983,0.20,0.30
2007.12.14 12:06:26.738,0.9827,0.98305,0.20,4.30
2007.12.14 12:06:26.952,0.98275,0.98305,0.50,0.30
2007.12.14 12:06:27.176,0.98275,0.983,0.50,0.30
2007.12.14 12:06:27.377,0.98275,0.983,0.50,0.30
2007.12.14 12:06:27.590,0.9827,0.983,0.20,0.30
2007.12.14 12:06:27.827,0.9827,0.98305,0.20,3.00
2007.12.14 12:06:28.066,0.98275,0.98305,0.50,0.30
2007.12.14 12:06:28.320,0.98275,0.98305,0.50,0.30
2007.12.14 12:06:28.644,0.98275,0.983,0.50,0.30
2007.12.14 12:06:28.847,0.98275,0.983,0.50,0.30
2007.12.14 12:06:29.049,0.9827,0.983,0.20,0.30
2007.12.14 12:06:29.253,0.9827,0.98305,0.20,0.30
2007.12.14 12:06:29.455,0.9827,0.98305,0.20,3.00
2007.12.14 12:06:29.658,0.9827,0.983,0.20,0.30
2007.12.14 12:06:29.906,0.9827,0.983,0.20,0.30
2007.12.14 12:06:30.154,0.9827,0.983,0.20,0.30
2007.12.14 12:06:30.417,0.9827,0.983,0.20,0.30
2007.12.14 12:06:30.664,0.9827,0.983,0.20,0.30
2007.12.14 12:06:31.158,0.9827,0.983,0.20,0.30
2007.12.14 12:06:31.452,0.9827,0.983,0.20,0.30
2007.12.14 12:06:31.790,0.98265,0.983,0.40,0.30
2007.12.14 12:06:31.886,0.98265,0.983,0.40,0.30
2007.12.14 12:06:32.406,0.9827,0.983,0.20,0.30
2007.12.14 12:06:33.123,0.9827,0.983,0.20,0.30
2007.12.14 12:06:33.311,0.98265,0.98305,3.10,0.30
2007.12.14 12:06:33.555,0.9827,0.98305,0.70,0.30
2007.12.14 12:06:33.771,0.9827,0.98305,0.70,0.30
2007.12.14 12:06:34.770,0.98275,0.98305,0.50,0.30
2007.12.14 12:06:36.448,0.98275,0.98305,0.50,0.30
2007.12.14 12:06:37.384,0.98275,0.98305,0.50,0.30
2007.12.14 12:06:39.774,0.9827,0.98305,0.70,0.30
2007.12.14 12:06:40.416,0.98275,0.98305,0.50,0.30
2007.12.14 12:06:41.096,0.9827,0.983,0.70,0.30
2007.12.14 12:06:41.174,0.98275,0.983,0.50,0.30
2007.12.14 12:06:41.289,0.9827,0.983,0.70,0.30
2007.12.14 12:06:41.368,0.98265,0.983,0.40,0.30
2007.12.14 12:06:43.608,0.98265,0.98305,0.40,3.00
2007.12.14 12:06:43.726,0.98265,0.98305,2.70,3.00
2007.12.14 12:06:43.845,0.98265,0.98305,3.10,3.00
2007.12.14 12:06:43.963,0.9827,0.98305,0.70,0.30
2007.12.14 12:06:44.205,0.98275,0.98305,0.50,0.30
2007.12.14 12:06:44.777,0.98275,0.98305,0.50,0.30
2007.12.14 12:06:44.998,0.9827,0.98305,0.70,0.30
2007.12.14 12:06:45.392,0.9827,0.98305,0.70,0.30
2007.12.14 12:06:45.863,0.9827,0.98305,0.70,0.30
2007.12.14 12:06:48.885,0.98275,0.98305,0.50,0.30
2007.12.14 12:06:49.785,0.98275,0.98305,0.50,0.30
2007.12.14 12:06:51.175,0.98275,0.98305,0.50,0.30
2007.12.14 12:06:51.420,0.98265,0.983,7.50,0.30
2007.12.14 12:06:51.698,0.9827,0.983,0.50,0.30
2007.12.14 12:06:52.139,0.9827,0.983,0.50,0.30
2007.12.14 12:06:52.321,0.98265,0.983,3.40,0.30
2007.12.14 12:06:52.504,0.98265,0.983,3.40,0.30
2007.12.14 12:06:53.898,0.9827,0.983,0.50,0.30
2007.12.14 12:06:54.771,0.9827,0.983,0.50,0.30
2007.12.14 12:06:56.723,0.9827,0.98295,0.50,0.30
2007.12.14 12:06:56.892,0.98265,0.98295,1.00,0.30
2007.12.14 12:06:57.061,0.9826,0.983,0.40,0.30
2007.12.14 12:06:57.229,0.98265,0.983,0.20,0.30
2007.12.14 12:06:57.397,0.9826,0.983,0.40,0.30
2007.12.14 12:06:57.565,0.9826,0.983,0.40,0.30
2007.12.14 12:06:57.898,0.98265,0.983,0.20,0.30
2007.12.14 12:06:59.790,0.98265,0.983,0.20,0.30
2007.12.14 12:07:00.102,0.9826,0.98295,0.20,0.30
2007.12.14 12:07:00.304,0.98265,0.98295,0.50,0.30
2007.12.14 12:07:00.508,0.9827,0.98295,0.50,0.30
2007.12.14 12:07:00.902,0.9827,0.98295,0.50,0.30
2007.12.14 12:07:01.165,0.9827,0.983,0.50,0.30
2007.12.14 12:07:01.429,0.98265,0.983,0.20,0.30
2007.12.14 12:07:02.362,0.98265,0.983,0.20,0.30
2007.12.14 12:07:02.571,0.98255,0.9829,11.40,0.30
2007.12.14 12:07:02.778,0.9826,0.9829,0.50,0.30
2007.12.14 12:07:02.979,0.9826,0.9829,0.50,0.30
2007.12.14 12:07:03.171,0.9826,0.9829,0.50,0.30
2007.12.14 12:07:04.804,0.9826,0.9829,0.50,0.30
2007.12.14 12:07:04.849,0.9826,0.98295,0.50,7.10
2007.12.14 12:07:09.796,0.9826,0.9829,0.50,0.30
2007.12.14 12:07:12.381,0.9826,0.9829,0.50,0.30
2007.12.14 12:07:12.645,0.9826,0.98285,0.50,0.30
2007.12.14 12:07:12.868,0.9826,0.98285,0.50,0.30
2007.12.14 12:07:13.090,0.98255,0.98285,2.80,0.30
2007.12.14 12:07:14.784,0.98255,0.98285,2.80,0.30
2007.12.14 12:07:14.988,0.98255,0.98285,2.80,0.30
2007.12.14 12:07:16.116,0.98255,0.9829,2.90,0.30
2007.12.14 12:07:16.610,0.98255,0.9829,3.30,0.30
2007.12.14 12:07:16.763,0.9826,0.9829,0.50,0.30
2007.12.14 12:07:16.915,0.9826,0.9829,0.50,0.30
2007.12.14 12:07:17.106,0.9826,0.9829,0.50,0.30
2007.12.14 12:07:18.471,0.9826,0.9829,0.50,0.30
2007.12.14 12:07:19.803,0.9826,0.9829,0.50,0.30
2007.12.14 12:07:22.886,0.98255,0.9829,3.40,0.30
2007.12.14 12:07:24.809,0.9826,0.9829,0.50,0.30
2007.12.14 12:07:25.851,0.98265,0.98295,0.20,6.80
2007.12.14 12:07:26.164,0.98265,0.98295,0.20,2.80
2007.12.14 12:07:26.477,0.98265,0.983,0.20,0.30
2007.12.14 12:07:26.646,0.98265,0.983,0.20,0.30
2007.12.14 12:07:29.800,0.98265,0.983,0.20,0.30
2007.12.14 12:07:30.203,0.9826,0.98295,0.20,0.30
2007.12.14 12:07:30.446,0.9826,0.98295,0.20,0.30
2007.12.14 12:07:33.682,0.98255,0.9829,0.20,0.30
2007.12.14 12:07:33.872,0.98255,0.9829,0.20,0.30
2007.12.14 12:07:34.059,0.98255,0.9829,0.20,0.30
2007.12.14 12:07:34.247,0.98255,0.9829,0.20,0.30
2007.12.14 12:07:34.435,0.98255,0.9829,0.20,0.30
2007.12.14 12:07:34.817,0.98255,0.9829,0.20,0.30
2007.12.14 12:07:39.826,0.98255,0.9829,0.20,0.30
2007.12.14 12:07:40.228,0.9826,0.98295,0.20,3.00
2007.12.14 12:07:42.033,0.98255,0.9829,0.20,0.30
2007.12.14 12:07:44.018,0.9825,0.98285,0.20,0.30
2007.12.14 12:07:44.231,0.9826,0.98285,0.50,0.30
2007.12.14 12:07:44.458,0.9826,0.98285,0.50,0.30
2007.12.14 12:07:44.651,0.98255,0.9829,0.20,0.30
2007.12.14 12:07:44.910,0.98255,0.9829,0.20,0.30
2007.12.14 12:07:45.434,0.98255,0.9829,0.20,0.30
2007.12.14 12:07:46.386,0.98255,0.9829,0.20,0.30
2007.12.14 12:07:46.589,0.98245,0.9828,11.00,0.30
2007.12.14 12:07:46.792,0.98255,0.9828,0.50,0.30
2007.12.14 12:07:46.995,0.98255,0.9828,0.50,0.30
2007.12.14 12:07:47.197,0.98255,0.9828,0.50,0.30
2007.12.14 12:07:48.346,0.98255,0.9828,0.50,0.30
2007.12.14 12:07:49.603,0.98255,0.98285,0.50,0.30
2007.12.14 12:07:49.785,0.98255,0.98285,3.20,0.30
2007.12.14 12:07:49.969,0.9826,0.98285,0.50,0.30
2007.12.14 12:07:50.627,0.9826,0.98285,0.50,0.30
2007.12.14 12:07:51.483,0.9826,0.98295,0.50,7.10
2007.12.14 12:07:51.667,0.9826,0.98295,0.50,7.10
2007.12.14 12:07:51.776,0.98265,0.98295,0.50,3.00
2007.12.14 12:07:51.884,0.9827,0.98295,0.50,0.30
2007.12.14 12:07:52.193,0.9827,0.98295,0.50,0.30
2007.12.14 12:07:54.823,0.9827,0.98295,0.50,0.30
2007.12.14 12:07:54.995,0.9827,0.9829,0.50,0.30
2007.12.14 12:07:55.142,0.98265,0.9829,0.50,0.30
2007.12.14 12:07:56.158,0.98265,0.9829,0.50,0.30
2007.12.14 12:07:59.830,0.98265,0.9829,0.50,0.30
2007.12.14 12:08:02.882,0.98265,0.9829,0.50,0.30
2007.12.14 12:08:03.094,0.98265,0.9829,0.50,0.30
2007.12.14 12:08:03.308,0.98255,0.9829,6.60,0.30
2007.12.14 12:08:03.520,0.98255,0.9829,6.60,0.30
2007.12.14 12:08:04.665,0.98255,0.9829,6.60,0.30
2007.12.14 12:08:04.873,0.98255,0.98285,4.00,0.30
2007.12.14 12:08:05.131,0.9825,0.98285,0.20,0.30
2007.12.14 12:08:05.698,0.9825,0.98285,0.20,0.30
2007.12.14 12:08:06.428,0.9825,0.98285,0.20,0.30
2007.12.14 12:08:09.869,0.9825,0.98285,0.20,0.30
2007.12.14 12:08:14.845,0.9825,0.98285,0.20,0.30
2007.12.14 12:08:14.934,0.9825,0.98285,0.20,0.30
2007.12.14 12:08:16.899,0.9825,0.98285,0.20,0.30
2007.12.14 12:08:19.853,0.9825,0.98285,0.20,0.30
2007.12.14 12:08:22.109,0.98245,0.9828,10.60,0.30
2007.12.14 12:08:22.407,0.98245,0.9828,6.60,0.30
2007.12.14 12:08:22.615,0.98245,0.9828,6.60,0.30
2007.12.14 12:08:22.916,0.98245,0.9828,6.60,0.30
2007.12.14 12:08:23.670,0.9825,0.98285,0.20,0.30
2007.12.14 12:08:23.852,0.9825,0.98285,0.20,0.30
2007.12.14 12:08:24.468,0.9825,0.98285,0.20,0.30
2007.12.14 12:08:24.850,0.9825,0.98285,0.20,0.30
2007.12.14 12:08:25.026,0.9825,0.98285,0.20,0.30
2007.12.14 12:08:25.073,0.9824,0.9828,10.80,0.30
2007.12.14 12:08:25.252,0.98245,0.9828,2.40,0.30
2007.12.14 12:08:25.429,0.9824,0.9828,10.70,0.30
2007.12.14 12:08:25.920,0.9824,0.9828,10.70,0.30
2007.12.14 12:08:28.957,0.9824,0.9828,10.70,0.30
2007.12.14 12:08:29.668,0.98245,0.9828,2.20,0.30
2007.12.14 12:08:32.576,0.98255,0.9829,0.40,2.80
2007.12.14 12:08:32.719,0.98255,0.9829,4.40,2.80
2007.12.14 12:08:33.037,0.9826,0.98295,0.20,5.40
2007.12.14 12:08:33.456,0.9826,0.98295,0.20,5.40
2007.12.14 12:08:34.866,0.98255,0.98295,4.40,5.40
2007.12.14 12:08:37.027,0.98265,0.98295,0.20,5.20
2007.12.14 12:08:37.221,0.98265,0.98295,0.20,2.80
2007.12.14 12:08:37.432,0.9826,0.983,0.40,3.00
2007.12.14 12:08:37.624,0.9826,0.98295,0.20,0.30
2007.12.14 12:08:37.817,0.9826,0.98295,0.20,2.60
2007.12.14 12:08:38.009,0.9826,0.98295,0.20,5.40
2007.12.14 12:08:38.363,0.9826,0.98295,0.20,5.40
2007.12.14 12:08:38.671,0.9826,0.98295,0.20,5.40
2007.12.14 12:08:38.939,0.98255,0.98295,4.40,5.40
2007.12.14 12:08:39.880,0.98255,0.98295,4.40,5.40
2007.12.14 12:08:40.156,0.9826,0.98295,0.20,5.40
2007.12.14 12:08:40.593,0.98265,0.98295,0.40,5.20
2007.12.14 12:08:40.906,0.98265,0.98295,4.40,5.20
2007.12.14 12:08:41.219,0.9827,0.98295,0.20,2.40
2007.12.14 12:08:41.447,0.9827,0.98295,0.20,2.40
2007.12.14 12:08:41.675,0.98265,0.983,3.00,0.30
2007.12.14 12:08:41.955,0.98265,0.983,3.50,0.30
2007.12.14 12:08:42.185,0.98275,0.98305,1.00,2.80
2007.12.14 12:08:42.412,0.98275,0.9831,1.70,0.30
2007.12.14 12:08:43.097,0.9827,0.9831,8.30,0.30
2007.12.14 12:08:43.255,0.98275,0.9831,0.20,0.30
2007.12.14 12:08:43.471,0.9827,0.9831,4.30,0.30
2007.12.14 12:08:43.627,0.98265,0.983,6.50,0.30
2007.12.14 12:08:43.785,0.98265,0.983,3.40,0.30
2007.12.14 12:08:43.944,0.9826,0.983,4.30,0.30
2007.12.14 12:08:44.412,0.9826,0.983,0.40,0.30
2007.12.14 12:08:44.895,0.9826,0.983,0.40,0.30
2007.12.14 12:08:46.390,0.9826,0.983,0.40,0.30
2007.12.14 12:08:47.101,0.98265,0.983,0.50,0.30
2007.12.14 12:08:47.324,0.9827,0.98305,0.20,3.00
2007.12.14 12:08:47.542,0.98265,0.98305,2.70,0.30
2007.12.14 12:08:47.760,0.9827,0.98305,0.20,0.30
2007.12.14 12:08:47.978,0.98265,0.98305,6.80,0.30
2007.12.14 12:08:48.385,0.98265,0.98305,6.80,0.30
2007.12.14 12:08:49.000,0.98265,0.98305,6.80,0.30
2007.12.14 12:08:49.871,0.98265,0.98305,6.80,0.30
2007.12.14 12:08:53.642,0.98275,0.98305,6.40,0.30
2007.12.14 12:08:53.790,0.98285,0.9831,0.20,2.80
2007.12.14 12:08:53.927,0.98285,0.9831,0.20,2.80
2007.12.14 12:08:54.115,0.98285,0.9832,0.20,0.30
2007.12.14 12:08:54.253,0.98285,0.9832,0.20,0.30
2007.12.14 12:08:54.669,0.98275,0.9831,6.50,0.30
2007.12.14 12:08:54.927,0.98275,0.9831,4.10,0.30
2007.12.14 12:08:55.184,0.98275,0.9831,0.20,0.30
2007.12.14 12:08:55.601,0.98285,0.98315,0.20,5.20
2007.12.14 12:08:55.869,0.98285,0.98315,0.20,2.80
2007.12.14 12:08:56.151,0.98285,0.98315,0.20,2.80
2007.12.14 12:08:56.420,0.98285,0.9832,0.20,0.30
2007.12.14 12:08:56.687,0.98285,0.9832,0.20,0.30
2007.12.14 12:08:56.926,0.98285,0.9832,0.20,0.30
2007.12.14 12:08:58.528,0.98305,0.98325,0.20,6.40
2007.12.14 12:08:58.680,0.98305,0.9833,2.50,2.80
2007.12.14 12:08:58.879,0.98305,0.9834,2.50,0.30
2007.12.14 12:08:59.875,0.98305,0.9834,2.50,0.30
2007.12.14 12:09:00.236,0.98305,0.9834,0.20,0.30
2007.12.14 12:09:00.459,0.98305,0.9834,0.20,3.00
2007.12.14 12:09:00.681,0.983,0.9833,0.20,0.30
2007.12.14 12:09:00.899,0.983,0.9833,0.20,0.30
2007.12.14 12:09:01.420,0.983,0.9833,0.20,0.30
2007.12.14 12:09:01.637,0.98295,0.98325,2.50,0.30
2007.12.14 12:09:01.930,0.98295,0.98325,2.50,0.30
2007.12.14 12:09:02.142,0.983,0.9833,0.20,0.30
2007.12.14 12:09:02.361,0.983,0.9833,0.20,0.30
2007.12.14 12:09:03.610,0.98295,0.9833,2.50,0.30
2007.12.14 12:09:03.774,0.98295,0.9833,0.20,0.30
2007.12.14 12:09:03.952,0.98295,0.9833,0.20,0.30
2007.12.14 12:09:04.210,0.9829,0.98325,4.10,0.30
2007.12.14 12:09:04.480,0.9829,0.98325,4.10,0.30
2007.12.14 12:09:04.727,0.9829,0.98325,0.20,0.30
2007.12.14 12:09:06.725,0.9829,0.98325,0.20,2.60
2007.12.14 12:09:06.952,0.9829,0.98325,0.20,2.60
2007.12.14 12:09:07.131,0.9829,0.98325,0.20,2.60
2007.12.14 12:09:07.307,0.98295,0.98325,2.40,0.30
2007.12.14 12:09:07.588,0.98295,0.98325,2.40,0.30
2007.12.14 12:09:07.768,0.98295,0.9833,0.20,0.30
2007.12.14 12:09:07.946,0.98295,0.9833,0.20,3.00
2007.12.14 12:09:08.258,0.98295,0.9833,0.20,0.30
2007.12.14 12:09:08.571,0.98295,0.9833,0.20,0.30
2007.12.14 12:09:09.893,0.98295,0.9833,0.20,0.30
2007.12.14 12:09:10.910,0.98295,0.9833,0.20,0.30
2007.12.14 12:09:11.435,0.98295,0.9833,0.20,0.30
2007.12.14 12:09:11.678,0.9829,0.98325,4.10,0.30
2007.12.14 12:09:11.920,0.9829,0.98325,0.20,0.30
2007.12.14 12:09:12.486,0.9829,0.98325,0.20,0.30
2007.12.14 12:09:12.648,0.98285,0.9832,6.60,0.30
2007.12.14 12:09:12.823,0.98285,0.9832,2.50,0.30
2007.12.14 12:09:12.985,0.98285,0.9832,6.50,0.30
2007.12.14 12:09:13.148,0.98285,0.9832,2.50,0.30
2007.12.14 12:09:13.637,0.98285,0.9832,0.20,0.30
2007.12.14 12:09:13.887,0.9828,0.98315,0.20,0.30
2007.12.14 12:09:14.683,0.9828,0.98315,0.20,0.30
2007.12.14 12:09:15.143,0.9828,0.98325,0.20,9.50
2007.12.14 12:09:16.709,0.98285,0.98325,2.40,7.10
2007.12.14 12:09:16.868,0.98285,0.98325,2.40,7.10
2007.12.14 12:09:17.094,0.98285,0.9832,2.50,0.30
2007.12.14 12:09:17.250,0.98285,0.9832,0.20,0.30
2007.12.14 12:09:17.488,0.98285,0.9832,0.20,0.30
2007.12.14 12:09:17.726,0.98285,0.98325,0.20,6.70
2007.12.14 12:09:19.792,0.98285,0.98325,0.20,9.50
2007.12.14 12:09:20.030,0.98285,0.98325,4.20,2.70
2007.12.14 12:09:20.268,0.98285,0.98325,4.20,5.50
2007.12.14 12:09:20.633,0.98285,0.9832,4.20,0.30
2007.12.14 12:09:21.126,0.9829,0.9833,0.20,5.40
2007.12.14 12:09:21.403,0.9829,0.98325,0.20,0.30
2007.12.14 12:09:21.659,0.98295,0.9833,0.20,0.30
2007.12.14 12:09:21.881,0.98295,0.98335,0.20,6.70
2007.12.14 12:09:22.162,0.9829,0.98335,4.00,6.70
2007.12.14 12:09:22.403,0.9829,0.98335,4.00,6.70
2007.12.14 12:09:22.585,0.98295,0.98335,0.20,6.70
2007.12.14 12:09:22.768,0.98295,0.98335,0.20,9.40
2007.12.14 12:09:23.110,0.9829,0.98325,0.20,0.30
2007.12.14 12:09:23.294,0.9829,0.98325,4.10,0.30
2007.12.14 12:09:23.475,0.9829,0.98335,4.10,6.70
2007.12.14 12:09:23.849,0.9829,0.98335,0.20,9.50
2007.12.14 12:09:24.381,0.9829,0.9833,0.20,3.10
2007.12.14 12:09:24.634,0.98295,0.9833,0.20,0.90
2007.12.14 12:09:24.893,0.98295,0.9833,0.20,0.70
2007.12.14 12:09:25.146,0.98295,0.98335,4.20,5.50
2007.12.14 12:09:25.631,0.98295,0.9833,4.20,0.30
2007.12.14 12:09:26.043,0.98295,0.9833,4.20,0.30
2007.12.14 12:09:27.193,0.98295,0.98335,4.20,2.70
2007.12.14 12:09:27.418,0.98295,0.9833,0.20,0.30
2007.12.14 12:09:27.682,0.9829,0.98325,4.10,0.30
2007.12.14 12:09:27.934,0.9829,0.98335,0.20,9.50
2007.12.14 12:09:29.913,0.9829,0.98325,0.20,0.30
2007.12.14 12:09:30.945,0.9829,0.98335,0.20,9.50
2007.12.14 12:09:34.089,0.98295,0.98335,0.20,9.50
2007.12.14 12:09:34.394,0.98295,0.98335,0.20,6.70
2007.12.14 12:09:34.695,0.98295,0.9833,4.20,0.30
2007.12.14 12:09:34.827,0.98295,0.9833,4.20,0.30
2007.12.14 12:09:35.241,0.98295,0.98335,4.00,2.70
2007.12.14 12:09:35.395,0.9829,0.98335,4.10,6.70
2007.12.14 12:09:35.548,0.9829,0.98325,0.20,0.30
2007.12.14 12:09:36.616,0.98285,0.9832,10.60,0.30
2007.12.14 12:09:36.929,0.98285,0.98325,4.20,2.70
2007.12.14 12:09:39.939,0.98285,0.98325,4.20,2.70
2007.12.14 12:09:40.111,0.9829,0.9833,0.20,5.40
2007.12.14 12:09:40.338,0.9829,0.98325,0.20,0.70
2007.12.14 12:09:40.633,0.98285,0.9832,8.20,0.30
2007.12.14 12:09:40.796,0.98285,0.9832,8.20,0.30
2007.12.14 12:09:40.959,0.98285,0.9832,4.20,0.30
2007.12.14 12:09:41.684,0.98285,0.98325,4.00,2.70
2007.12.14 12:09:41.886,0.9828,0.98325,4.10,6.70
2007.12.14 12:09:42.088,0.9828,0.98325,0.20,9.50
2007.12.14 12:09:42.717,0.9828,0.98315,0.20,2.60
2007.12.14 12:09:42.911,0.9828,0.9831,0.20,0.30
2007.12.14 12:09:43.676,0.9828,0.9831,0.20,0.30
2007.12.14 12:09:44.927,0.9828,0.9831,0.20,0.30
2007.12.14 12:09:45.163,0.9828,0.9831,0.20,0.30
2007.12.14 12:09:45.627,0.98275,0.98305,4.20,0.30
2007.12.14 12:09:45.910,0.98275,0.98305,0.20,0.30
2007.12.14 12:09:47.195,0.9827,0.983,0.20,0.30
2007.12.14 12:09:47.392,0.9827,0.983,0.20,0.30
2007.12.14 12:09:47.673,0.9827,0.983,0.20,0.30
2007.12.14 12:09:48.062,0.9827,0.98305,0.20,0.30
2007.12.14 12:09:49.922,0.9827,0.98305,0.20,0.30
2007.12.14 12:09:51.199,0.98265,0.983,6.60,0.30
2007.12.14 12:09:51.414,0.98265,0.983,6.60,0.30
2007.12.14 12:09:51.620,0.98265,0.983,4.20,0.30
2007.12.14 12:09:51.748,0.98265,0.98295,4.00,0.30
2007.12.14 12:09:51.879,0.9826,0.98295,4.10,4.30
2007.12.14 12:09:52.009,0.9826,0.98295,4.10,4.30
2007.12.14 12:09:52.934,0.9826,0.98295,0.20,4.30
2007.12.14 12:09:53.137,0.9826,0.98295,0.20,0.30
2007.12.14 12:09:53.408,0.9826,0.98295,0.20,0.30
2007.12.14 12:09:53.633,0.9826,0.9829,0.20,0.30
2007.12.14 12:09:53.918,0.9826,0.9829,0.20,0.30
2007.12.14 12:09:54.141,0.9826,0.98295,0.20,0.30
2007.12.14 12:09:54.932,0.9826,0.98295,0.20,0.30
2007.12.14 12:09:59.622,0.98255,0.9829,6.60,0.30
2007.12.14 12:09:59.719,0.98255,0.9829,4.20,0.30
2007.12.14 12:09:59.825,0.98255,0.9829,4.20,0.30
2007.12.14 12:09:59.942,0.98255,0.9829,4.20,0.30
2007.12.14 12:10:00.059,0.98255,0.9829,0.20,0.30
2007.12.14 12:10:00.175,0.98255,0.9829,0.20,0.30
2007.12.14 12:10:02.110,0.98265,0.98295,0.20,9.50
2007.12.14 12:10:02.268,0.98265,0.98295,0.20,0.30
2007.12.14 12:10:04.947,0.98265,0.98295,0.20,0.30
2007.12.14 12:10:09.946,0.98265,0.98295,0.20,0.30
2007.12.14 12:10:10.363,0.98265,0.98295,0.20,0.30
2007.12.14 12:10:11.394,0.98265,0.98295,0.20,0.30
2007.12.14 12:10:12.196,0.9826,0.98295,0.20,0.30
2007.12.14 12:10:12.348,0.9826,0.98295,0.20,2.60
2007.12.14 12:10:12.441,0.9826,0.98295,0.20,2.60
2007.12.14 12:10:12.698,0.9826,0.98295,0.20,2.60
2007.12.14 12:10:12.963,0.9826,0.98295,0.20,6.70
2007.12.14 12:10:13.222,0.9826,0.9829,0.20,0.30
2007.12.14 12:10:13.493,0.98265,0.98295,0.20,0.30
2007.12.14 12:10:13.767,0.9826,0.9829,0.20,0.30
2007.12.14 12:10:13.979,0.9826,0.9829,0.20,0.30
2007.12.14 12:10:14.191,0.9826,0.9829,0.20,0.30
2007.12.14 12:10:14.404,0.98265,0.98295,0.20,0.30
2007.12.14 12:10:14.617,0.98265,0.98295,0.20,0.30
2007.12.14 12:10:14.854,0.98265,0.98295,0.20,0.30
2007.12.14 12:10:15.184,0.9827,0.983,0.20,2.80
2007.12.14 12:10:15.421,0.9827,0.98305,0.20,9.50
2007.12.14 12:10:15.686,0.9826,0.9829,0.20,0.30
2007.12.14 12:10:15.914,0.9826,0.9829,0.20,0.30
2007.12.14 12:10:15.989,0.9826,0.9829,0.20,0.30
2007.12.14 12:10:16.212,0.9826,0.98295,0.40,4.30
2007.12.14 12:10:16.441,0.9826,0.98295,0.40,0.30
2007.12.14 12:10:16.945,0.98265,0.98295,0.20,0.30
2007.12.14 12:10:17.164,0.98255,0.98295,10.80,0.30
2007.12.14 12:10:17.800,0.98255,0.9829,3.80,0.30
2007.12.14 12:10:18.018,0.9825,0.9829,8.30,0.30
2007.12.14 12:10:18.236,0.98255,0.9829,2.30,0.30
2007.12.14 12:10:18.622,0.98255,0.9829,2.30,0.30
2007.12.14 12:10:19.151,0.98255,0.98285,0.90,0.30
2007.12.14 12:10:19.374,0.9825,0.98285,4.40,0.30
2007.12.14 12:10:19.596,0.98255,0.98285,0.20,2.60
2007.12.14 12:10:19.951,0.9825,0.98285,0.40,2.60
2007.12.14 12:10:20.938,0.9825,0.98285,0.40,2.60
2007.12.14 12:10:21.872,0.9825,0.98285,0.40,2.60
2007.12.14 12:10:24.979,0.98255,0.98285,0.20,2.60
2007.12.14 12:10:25.400,0.9825,0.98285,0.40,2.60
2007.12.14 12:10:29.297,0.98245,0.9828,8.40,0.30
2007.12.14 12:10:29.409,0.98245,0.9828,4.30,0.30
2007.12.14 12:10:29.686,0.9825,0.9828,0.20,0.30
2007.12.14 12:10:29.959,0.9825,0.9828,0.20,0.30
2007.12.14 12:10:31.293,0.98255,0.98285,0.20,6.70
2007.12.14 12:10:31.441,0.98255,0.98285,0.20,0.30
2007.12.14 12:10:31.589,0.9825,0.98285,0.40,0.30
2007.12.14 12:10:31.736,0.9825,0.98285,0.40,0.30
2007.12.14 12:10:33.110,0.98255,0.98285,0.20,0.30
2007.12.14 12:10:33.324,0.9826,0.98295,0.20,3.00
2007.12.14 12:10:33.640,0.98245,0.98285,6.70,0.30
2007.12.14 12:10:33.754,0.9825,0.98285,0.20,0.30
2007.12.14 12:10:33.867,0.98245,0.98285,4.30,0.30
2007.12.14 12:10:33.980,0.98245,0.98285,0.40,0.30
2007.12.14 12:10:34.976,0.9825,0.98285,0.20,0.30
2007.12.14 12:10:36.034,0.98245,0.98285,0.40,0.30
2007.12.14 12:10:38.120,0.98245,0.98285,0.40,0.30
2007.12.14 12:10:39.973,0.9825,0.98285,0.20,0.30
2007.12.14 12:10:43.119,0.9824,0.98275,2.30,0.30
2007.12.14 12:10:43.354,0.98235,0.98275,10.70,0.30
2007.12.14 12:10:43.571,0.98235,0.98275,10.70,0.30
2007.12.14 12:10:43.789,0.9824,0.9828,4.30,0.30
2007.12.14 12:10:44.007,0.9824,0.9828,4.30,0.30
2007.12.14 12:10:44.286,0.9824,0.9827,0.50,0.30
2007.12.14 12:10:44.504,0.9824,0.9827,1.90,0.30
2007.12.14 12:10:44.798,0.9824,0.9827,0.60,0.30
2007.12.14 12:10:45.058,0.98235,0.9827,10.70,0.30
2007.12.14 12:10:45.090,0.98235,0.9827,6.80,0.30
2007.12.14 12:10:45.782,0.98245,0.9828,0.20,3.00
2007.12.14 12:10:46.045,0.9824,0.9828,0.40,3.00
2007.12.14 12:10:46.307,0.98245,0.9828,0.20,0.30
2007.12.14 12:10:46.569,0.9824,0.9828,0.40,3.00
2007.12.14 12:10:46.840,0.98245,0.9828,0.40,2.80
2007.12.14 12:10:47.017,0.98245,0.9828,2.70,2.80
2007.12.14 12:10:47.194,0.9825,0.98285,0.20,3.00
2007.12.14 12:10:47.447,0.9825,0.98285,0.20,3.00
2007.12.14 12:10:47.745,0.9825,0.98285,0.20,0.30
2007.12.14 12:10:49.760,0.9824,0.9828,10.70,0.30
2007.12.14 12:10:49.954,0.9824,0.9828,8.30,0.30
2007.12.14 12:10:50.414,0.9824,0.9828,4.40,0.30
2007.12.14 12:10:50.606,0.9824,0.9828,0.40,0.30
2007.12.14 12:10:50.913,0.98235,0.9827,10.80,0.30
2007.12.14 12:10:51.454,0.98235,0.9827,6.80,0.30
2007.12.14 12:10:51.762,0.98235,0.9827,6.80,0.30
2007.12.14 12:10:51.975,0.98235,0.98265,0.80,0.30
2007.12.14 12:10:52.269,0.98235,0.98265,2.30,0.30
2007.12.14 12:10:52.512,0.9823,0.98265,2.60,0.30
2007.12.14 12:10:52.729,0.9824,0.98275,0.40,6.80
2007.12.14 12:10:53.020,0.9824,0.98275,0.40,2.80
2007.12.14 12:10:53.188,0.9824,0.9828,0.40,0.30
2007.12.14 12:10:53.357,0.9823,0.98265,10.60,0.30
2007.12.14 12:10:53.532,0.9823,0.98265,6.60,0.30
2007.12.14 12:10:53.699,0.9823,0.98265,2.60,0.30
2007.12.14 12:10:53.867,0.9824,0.9827,0.20,0.30
2007.12.14 12:10:54.035,0.98235,0.9827,6.80,0.30
2007.12.14 12:10:54.203,0.9824,0.9827,0.20,0.30
2007.12.14 12:10:54.449,0.9824,0.9827,0.20,0.30
2007.12.14 12:10:54.713,0.98235,0.98265,2.30,0.30
2007.12.14 12:10:54.880,0.9823,0.98265,10.50,0.30
2007.12.14 12:10:55.158,0.9823,0.98265,6.50,0.30
2007.12.14 12:10:55.335,0.9823,0.98265,2.60,0.30
2007.12.14 12:10:56.798,0.98235,0.9827,2.70,0.30
2007.12.14 12:10:56.916,0.9824,0.9827,0.20,0.30
2007.12.14 12:10:57.033,0.9824,0.9827,0.20,0.30
2007.12.14 12:10:57.152,0.98235,0.9827,6.80,0.30
2007.12.14 12:10:57.283,0.98235,0.98265,2.90,0.30
2007.12.14 12:10:57.643,0.9823,0.98265,6.60,0.30
2007.12.14 12:10:57.880,0.98225,0.98265,10.80,0.30
2007.12.14 12:10:58.083,0.9823,0.98265,0.20,0.30
2007.12.14 12:10:58.525,0.98225,0.98265,10.80,0.30
2007.12.14 12:10:59.000,0.98225,0.98265,6.70,4.30
2007.12.14 12:10:59.618,0.98225,0.98265,4.30,6.70
2007.12.14 12:10:59.998,0.98225,0.98265,4.30,6.70
2007.12.14 12:11:00.821,0.9822,0.9826,4.30,0.30
2007.12.14 12:11:01.115,0.9822,0.9826,4.30,0.30
2007.12.14 12:11:02.280,0.98215,0.98255,10.70,0.30
2007.12.14 12:11:02.440,0.9822,0.98255,2.30,0.30
2007.12.14 12:11:02.662,0.98215,0.98255,10.80,0.30
2007.12.14 12:11:02.864,0.98215,0.98255,10.80,0.30
2007.12.14 12:11:03.017,0.9822,0.98255,0.20,6.70
2007.12.14 12:11:04.354,0.98215,0.98245,2.40,0.30
2007.12.14 12:11:04.481,0.98215,0.98245,1.70,4.30
2007.12.14 12:11:04.678,0.98205,0.98245,4.30,4.30
2007.12.14 12:11:04.805,0.98215,0.98245,0.20,4.00
2007.12.14 12:11:04.934,0.9821,0.98245,0.40,4.00
2007.12.14 12:11:05.063,0.9821,0.9825,0.40,0.30
2007.12.14 12:11:05.226,0.9821,0.9825,4.30,0.30
2007.12.14 12:11:05.389,0.98225,0.9826,0.40,2.80
2007.12.14 12:11:05.552,0.98225,0.9826,0.40,2.80
2007.12.14 12:11:05.716,0.98225,0.98265,4.30,6.70
2007.12.14 12:11:05.878,0.98215,0.9825,6.50,0.30
2007.12.14 12:11:06.042,0.98225,0.98245,1.60,4.00
2007.12.14 12:11:06.289,0.9821,0.98245,4.30,4.00
2007.12.14 12:11:06.537,0.9822,0.98255,0.20,0.30
2007.12.14 12:11:06.785,0.98215,0.98255,4.30,0.30
2007.12.14 12:11:07.153,0.98215,0.98255,0.40,0.30
2007.12.14 12:11:08.402,0.98215,0.98255,0.40,3.00
2007.12.14 12:11:08.807,0.9821,0.9825,0.40,0.30
2007.12.14 12:11:09.027,0.98215,0.9825,0.20,0.30
2007.12.14 12:11:09.245,0.9821,0.9825,4.30,0.30
2007.12.14 12:11:09.498,0.9821,0.98245,0.40,4.00
2007.12.14 12:11:09.840,0.98215,0.98245,0.40,4.00
2007.12.14 12:11:10.093,0.98215,0.98245,0.40,4.00
2007.12.14 12:11:10.347,0.9822,0.9825,0.20,3.00
2007.12.14 12:11:10.639,0.9822,0.9825,0.20,0.30
2007.12.14 12:11:10.932,0.98215,0.9825,4.40,0.30
2007.12.14 12:11:11.225,0.9821,0.9825,4.40,0.30
2007.12.14 12:11:11.488,0.98215,0.9825,0.20,0.30
2007.12.14 12:11:11.751,0.98215,0.9825,0.20,0.30
2007.12.14 12:11:13.119,0.98215,0.9825,0.20,0.30
2007.12.14 12:11:13.810,0.9821,0.9824,4.00,0.30
2007.12.14 12:11:13.966,0.9821,0.9824,4.00,0.30
2007.12.14 12:11:14.116,0.9821,0.9824,4.00,0.30
2007.12.14 12:11:14.255,0.9821,0.9824,0.80,0.30
2007.12.14 12:11:14.677,0.9821,0.9824,0.80,0.30
2007.12.14 12:11:15.008,0.9821,0.9824,0.80,0.30
2007.12.14 12:11:16.444,0.9821,0.9824,0.80,0.30
2007.12.14 12:11:19.900,0.9821,0.9824,0.80,0.30
2007.12.14 12:11:20.204,0.9821,0.9824,0.80,0.30
2007.12.14 12:11:20.632,0.9821,0.9824,0.80,0.30
2007.12.14 12:11:23.648,0.9821,0.9823,0.80,0.30
2007.12.14 12:11:23.816,0.9821,0.9823,0.80,0.30
2007.12.14 12:11:23.984,0.98205,0.9823,2.40,0.30
2007.12.14 12:11:24.167,0.98205,0.98225,2.40,0.30
2007.12.14 12:11:24.334,0.982,0.98225,0.80,0.30
2007.12.14 12:11:24.502,0.982,0.98225,0.80,0.30
2007.12.14 12:11:24.781,0.98195,0.98225,0.90,0.30
2007.12.14 12:11:25.059,0.98205,0.98235,0.20,6.80
2007.12.14 12:11:25.337,0.982,0.98235,0.20,0.30
2007.12.14 12:11:25.615,0.982,0.98235,0.20,0.30
2007.12.14 12:11:25.873,0.982,0.98235,0.20,0.30
2007.12.14 12:11:26.131,0.982,0.98235,0.20,0.30
2007.12.14 12:11:26.149,0.982,0.98235,0.20,0.30
2007.12.14 12:11:30.037,0.982,0.98235,0.20,0.30
2007.12.14 12:11:30.182,0.98195,0.9823,2.50,0.30
2007.12.14 12:11:30.339,0.98195,0.9823,3.30,0.30
2007.12.14 12:11:30.499,0.982,0.9823,0.80,0.30
2007.12.14 12:11:30.691,0.982,0.9823,0.80,0.30
2007.12.14 12:11:30.989,0.98195,0.9823,0.90,0.30
2007.12.14 12:11:31.266,0.98195,0.9823,0.90,0.30
2007.12.14 12:11:35.021,0.98195,0.9823,0.90,0.30
2007.12.14 12:11:35.361,0.98195,0.9823,0.90,0.30
2007.12.14 12:11:38.193,0.98195,0.9823,0.90,0.30
2007.12.14 12:11:39.142,0.98195,0.9823,0.90,0.30
2007.12.14 12:11:40.010,0.98195,0.9823,0.90,0.30
2007.12.14 12:11:41.093,0.98195,0.98225,0.80,0.30
2007.12.14 12:11:41.390,0.98195,0.98225,0.80,0.30
2007.12.14 12:11:41.689,0.98195,0.9823,0.90,3.00
2007.12.14 12:11:41.987,0.98195,0.9823,0.90,3.00
2007.12.14 12:11:42.285,0.98195,0.98225,0.80,0.30
2007.12.14 12:11:42.540,0.98195,0.98225,0.80,0.30
2007.12.14 12:11:43.210,0.98195,0.98225,0.80,0.30
2007.12.14 12:11:44.147,0.98195,0.98225,0.80,3.00
2007.12.14 12:11:45.026,0.98195,0.98225,0.80,3.00
2007.12.14 12:11:46.633,0.98195,0.98225,0.80,0.30
2007.12.14 12:11:49.201,0.9819,0.98225,1.00,0.30
2007.12.14 12:11:49.581,0.9819,0.9822,1.00,0.30
2007.12.14 12:11:49.859,0.98195,0.9822,0.80,0.30
2007.12.14 12:11:50.137,0.98185,0.9822,1.80,0.30
2007.12.14 12:11:50.415,0.98185,0.9822,1.80,0.30
2007.12.14 12:11:50.943,0.98185,0.98215,1.60,0.30
2007.12.14 12:11:51.205,0.9818,0.98215,1.20,0.30
2007.12.14 12:11:51.470,0.98185,0.9822,0.40,0.30
2007.12.14 12:11:51.684,0.98185,0.9822,0.40,0.30
2007.12.14 12:11:51.898,0.98185,0.9822,0.40,0.30
2007.12.14 12:11:52.183,0.98185,0.9822,0.40,3.00
2007.12.14 12:11:52.408,0.9819,0.9822,0.20,3.00
2007.12.14 12:11:52.928,0.98185,0.9822,0.40,0.30
2007.12.14 12:11:53.245,0.98185,0.9822,0.40,0.30
2007.12.14 12:11:55.035,0.98185,0.9822,0.40,0.30
2007.12.14 12:11:55.403,0.98195,0.98225,0.20,2.80
2007.12.14 12:11:55.515,0.9819,0.98225,0.40,2.80
2007.12.14 12:11:55.628,0.98195,0.98225,0.20,2.80
2007.12.14 12:11:55.897,0.98195,0.9823,0.90,3.00
2007.12.14 12:11:56.166,0.9819,0.9823,1.10,0.30
2007.12.14 12:11:57.178,0.9819,0.9823,1.10,0.30
2007.12.14 12:11:57.443,0.9819,0.9823,1.10,0.30
2007.12.14 12:11:57.977,0.98195,0.9823,0.90,0.30
2007.12.14 12:12:00.042,0.98195,0.9823,0.90,0.30
2007.12.14 12:12:00.275,0.98195,0.9823,0.90,0.30
2007.12.14 12:12:01.852,0.98195,0.9823,0.90,0.30
2007.12.14 12:12:02.910,0.9819,0.9823,1.10,0.30
2007.12.14 12:12:03.941,0.9819,0.9823,1.10,0.30
2007.12.14 12:12:05.040,0.9819,0.9823,1.10,0.30
2007.12.14 12:12:06.405,0.98195,0.9822,0.80,0.30
2007.12.14 12:12:06.669,0.98185,0.9822,4.20,0.30
2007.12.14 12:12:07.131,0.9819,0.9822,0.90,0.30
2007.12.14 12:12:08.172,0.98185,0.98225,4.20,4.30
2007.12.14 12:12:08.356,0.98185,0.98225,8.30,0.30
2007.12.14 12:12:08.505,0.98185,0.98225,12.30,0.30
2007.12.14 12:12:09.105,0.98185,0.98225,12.30,0.30
2007.12.14 12:12:09.414,0.98195,0.9823,0.40,0.30
2007.12.14 12:12:09.581,0.98195,0.9823,0.40,0.30
2007.12.14 12:12:09.749,0.98195,0.9823,0.40,0.30
2007.12.14 12:12:09.917,0.98195,0.9823,0.40,0.30
2007.12.14 12:12:10.155,0.98195,0.9823,0.20,0.30
2007.12.14 12:12:10.338,0.9819,0.9823,4.30,0.30
2007.12.14 12:12:10.520,0.9819,0.9823,1.10,0.30
2007.12.14 12:12:10.920,0.9819,0.9823,1.10,0.30
2007.12.14 12:12:13.845,0.98195,0.9823,0.90,0.30
2007.12.14 12:12:14.871,0.98195,0.9823,0.90,0.30
2007.12.14 12:12:15.068,0.9819,0.9823,1.10,0.30
2007.12.14 12:12:15.237,0.9819,0.9823,1.10,0.30
2007.12.14 12:12:15.714,0.9819,0.9823,1.10,0.30
2007.12.14 12:12:16.156,0.9819,0.98225,1.00,0.30
2007.12.14 12:12:17.651,0.98195,0.98225,0.80,0.30
2007.12.14 12:12:17.899,0.98185,0.98215,1.10,0.30
2007.12.14 12:12:18.147,0.9818,0.9822,0.40,0.30
2007.12.14 12:12:18.395,0.98185,0.9822,0.90,0.30
2007.12.14 12:12:18.634,0.98195,0.9822,0.80,0.30
2007.12.14 12:12:18.882,0.98195,0.9822,0.80,0.30
2007.12.14 12:12:19.137,0.98195,0.9822,0.80,0.30
2007.12.14 12:12:19.263,0.98185,0.9822,12.20,0.30
2007.12.14 12:12:19.375,0.9819,0.98225,1.00,0.30
2007.12.14 12:12:19.639,0.98185,0.98225,8.40,0.30
2007.12.14 12:12:19.902,0.98185,0.98215,0.20,0.30
2007.12.14 12:12:20.167,0.98185,0.9822,0.20,0.30
2007.12.14 12:12:20.428,0.9818,0.9822,0.40,0.30
2007.12.14 12:12:21.393,0.9818,0.9822,4.30,0.30
2007.12.14 12:12:21.700,0.98185,0.9822,0.20,0.30
2007.12.14 12:12:22.441,0.98175,0.98215,4.30,0.30
2007.12.14 12:12:22.730,0.98175,0.98215,4.30,0.30
2007.12.14 12:12:23.017,0.98175,0.98215,0.40,0.30
2007.12.14 12:12:23.306,0.9818,0.98215,0.20,0.30
2007.12.14 12:12:23.701,0.98175,0.98215,0.40,0.30
2007.12.14 12:12:25.075,0.9818,0.9822,0.40,3.00
2007.12.14 12:12:25.242,0.9818,0.9822,0.40,0.30
2007.12.14 12:12:25.410,0.9818,0.9822,0.40,0.30
2007.12.14 12:12:25.728,0.98185,0.9822,0.90,0.30
2007.12.14 12:12:26.046,0.9818,0.9822,1.10,0.30
2007.12.14 12:12:26.365,0.98185,0.9822,0.90,0.30
2007.12.14 12:12:26.647,0.98185,0.98225,1.10,9.50
2007.12.14 12:12:26.810,0.9819,0.98225,0.20,7.10
2007.12.14 12:12:26.973,0.98185,0.98225,4.20,4.30
2007.12.14 12:12:27.169,0.9819,0.9822,0.90,0.30
2007.12.14 12:12:27.849,0.9819,0.9822,0.90,0.30
2007.12.14 12:12:28.097,0.98195,0.98225,0.40,4.00
2007.12.14 12:12:28.345,0.982,0.9823,0.20,2.80
2007.12.14 12:12:28.593,0.98195,0.9823,0.40,2.80
2007.12.14 12:12:28.756,0.98195,0.98235,0.40,0.30
2007.12.14 12:12:30.089,0.98195,0.98235,0.40,0.30
2007.12.14 12:12:35.097,0.98195,0.98235,0.40,0.30
2007.12.14 12:12:39.140,0.982,0.98235,0.20,0.30
2007.12.14 12:12:40.136,0.98195,0.98235,0.40,0.30
2007.12.14 12:12:42.694,0.982,0.9824,0.40,3.00
2007.12.14 12:12:42.883,0.982,0.9824,0.40,3.00
2007.12.14 12:12:43.121,0.982,0.9824,0.40,3.00
2007.12.14 12:12:43.358,0.98205,0.9824,0.20,3.00
2007.12.14 12:12:43.596,0.982,0.9824,0.40,3.00
2007.12.14 12:12:43.834,0.9821,0.9824,0.20,3.00
2007.12.14 12:12:44.072,0.98195,0.98235,10.80,0.30
2007.12.14 12:12:44.315,0.982,0.98235,0.20,0.30
2007.12.14 12:12:44.573,0.98195,0.9823,4.60,0.30
2007.12.14 12:12:44.828,0.982,0.9823,1.00,0.30
2007.12.14 12:12:45.060,0.98195,0.9823,12.20,0.30
2007.12.14 12:12:45.343,0.98195,0.9823,8.10,0.30
2007.12.14 12:12:45.626,0.982,0.9823,0.80,0.30
2007.12.14 12:12:46.554,0.982,0.98235,0.90,4.30
2007.12.14 12:12:46.773,0.982,0.98235,0.90,0.30
2007.12.14 12:12:46.987,0.982,0.98235,0.20,0.30
2007.12.14 12:12:47.274,0.9821,0.98245,0.20,3.00
2007.12.14 12:12:47.563,0.9821,0.98245,0.20,0.30
2007.12.14 12:12:47.851,0.9821,0.98245,0.20,0.30
2007.12.14 12:12:48.187,0.9821,0.9824,0.20,0.30
2007.12.14 12:12:48.412,0.9821,0.9824,0.20,0.30
2007.12.14 12:12:48.635,0.9821,0.98245,0.20,0.30
2007.12.14 12:12:48.858,0.9821,0.98245,0.20,0.30
2007.12.14 12:12:49.081,0.9821,0.98245,0.20,0.30
2007.12.14 12:12:49.314,0.9821,0.98245,0.20,0.30
2007.12.14 12:12:49.595,0.9821,0.98245,0.20,0.30
2007.12.14 12:12:50.128,0.9821,0.98245,0.20,0.30
2007.12.14 12:12:51.170,0.9821,0.98245,0.20,0.30
2007.12.14 12:12:51.330,0.9821,0.98255,0.20,3.10
2007.12.14 12:12:52.582,0.98205,0.98255,4.10,3.10
2007.12.14 12:12:52.931,0.98205,0.9825,0.20,3.10
2007.12.14 12:12:53.132,0.98205,0.9824,0.20,0.30
2007.12.14 12:12:53.845,0.98205,0.9825,0.20,3.10
2007.12.14 12:12:55.139,0.98205,0.9825,0.20,3.10
2007.12.14 12:12:55.641,0.98205,0.9824,0.20,0.30
2007.12.14 12:12:55.915,0.9821,0.98265,0.20,9.40
2007.12.14 12:12:56.189,0.9821,0.98245,0.20,3.10
2007.12.14 12:12:56.604,0.9821,0.9825,0.20,3.10
2007.12.14 12:12:56.886,0.9821,0.9824,0.20,0.30
2007.12.14 12:12:57.169,0.98205,0.9824,0.20,0.30
2007.12.14 12:12:57.452,0.98205,0.98255,0.20,9.40
2007.12.14 12:12:58.166,0.98205,0.9825,0.20,3.10
2007.12.14 12:13:00.142,0.98205,0.9824,0.20,0.30
2007.12.14 12:13:02.124,0.98205,0.9824,0.20,0.30
2007.12.14 12:13:03.141,0.982,0.98245,0.20,3.10
2007.12.14 12:13:03.329,0.982,0.98245,4.10,2.70
2007.12.14 12:13:03.531,0.982,0.98245,0.20,5.50
2007.12.14 12:13:03.779,0.982,0.98245,0.20,9.50
2007.12.14 12:13:04.187,0.98205,0.98245,4.10,6.70
2007.12.14 12:13:04.390,0.98205,0.98255,4.10,9.50
2007.12.14 12:13:04.577,0.98205,0.98255,4.10,9.50
2007.12.14 12:13:04.766,0.98205,0.9825,0.20,3.10
2007.12.14 12:13:05.136,0.98205,0.9825,0.20,3.10
2007.12.14 12:13:06.143,0.9821,0.9824,0.20,0.30
2007.12.14 12:13:07.191,0.98205,0.9824,0.20,0.30
2007.12.14 12:13:07.445,0.98205,0.9825,0.20,3.10
2007.12.14 12:13:09.057,0.982,0.98235,4.10,0.30
2007.12.14 12:13:09.214,0.98195,0.98245,10.60,5.50
2007.12.14 12:13:09.372,0.98195,0.98245,11.40,5.50
2007.12.14 12:13:09.540,0.982,0.9824,0.80,3.10
2007.12.14 12:13:09.738,0.982,0.9824,0.80,3.10
2007.12.14 12:13:09.947,0.982,0.9824,0.80,3.10
2007.12.14 12:13:10.167,0.982,0.9824,0.80,3.10
2007.12.14 12:13:10.375,0.982,0.9823,0.80,0.30
2007.12.14 12:13:11.032,0.982,0.98235,0.80,4.30
2007.12.14 12:13:12.448,0.982,0.9823,0.80,0.30
2007.12.14 12:13:12.977,0.982,0.98235,0.80,4.30
2007.12.14 12:13:13.392,0.982,0.98235,0.80,4.30
2007.12.14 12:13:13.610,0.982,0.98225,0.80,0.30
2007.12.14 12:13:13.918,0.982,0.98235,0.80,6.70
2007.12.14 12:13:14.192,0.98195,0.98235,0.80,6.70
2007.12.14 12:13:15.157,0.98195,0.98235,0.80,6.70
2007.12.14 12:13:15.389,0.98195,0.98235,0.80,9.50
2007.12.14 12:13:15.622,0.98195,0.98235,0.80,9.50
2007.12.14 12:13:15.911,0.98195,0.98225,0.80,0.30
2007.12.14 12:13:20.156,0.98195,0.98225,0.80,0.30
2007.12.14 12:13:23.628,0.98195,0.98225,4.80,0.30
2007.12.14 12:13:23.764,0.982,0.98235,0.20,4.30
2007.12.14 12:13:23.886,0.982,0.98235,0.20,0.30
2007.12.14 12:13:24.010,0.982,0.98235,0.20,3.00
2007.12.14 12:13:24.460,0.982,0.98235,0.20,3.00
2007.12.14 12:13:24.678,0.982,0.98235,0.20,0.30
2007.12.14 12:13:25.136,0.982,0.98235,0.20,0.30
2007.12.14 12:13:25.401,0.982,0.98235,0.20,0.30
2007.12.14 12:13:26.058,0.98205,0.9824,0.20,0.30
2007.12.14 12:13:26.407,0.98205,0.9824,0.20,0.30
2007.12.14 12:13:26.629,0.98205,0.9824,0.20,0.30
2007.12.14 12:13:26.929,0.98205,0.9824,0.20,0.30
2007.12.14 12:13:30.166,0.98205,0.9824,0.20,0.30
2007.12.14 12:13:30.880,0.98205,0.9824,0.20,0.30
2007.12.14 12:13:31.393,0.98205,0.9824,0.20,3.00
2007.12.14 12:13:32.123,0.98205,0.9824,0.20,0.30
2007.12.14 12:13:33.130,0.982,0.98235,0.20,0.30
2007.12.14 12:13:33.398,0.982,0.98235,0.20,0.30
2007.12.14 12:13:34.053,0.98195,0.9823,6.60,0.30
2007.12.14 12:13:34.267,0.98195,0.9823,4.20,0.30
2007.12.14 12:13:34.480,0.98195,0.9823,0.20,0.30
2007.12.14 12:13:34.692,0.98195,0.9823,0.20,0.30
2007.12.14 12:13:35.039,0.98195,0.9823,0.20,0.30
2007.12.14 12:13:35.615,0.9819,0.98225,0.20,0.30
2007.12.14 12:13:35.897,0.9819,0.98225,0.20,2.60
2007.12.14 12:13:36.181,0.9819,0.98225,0.90,2.60
2007.12.14 12:13:36.476,0.9819,0.98225,0.90,6.70
2007.12.14 12:13:37.596,0.9819,0.9822,0.80,0.30
2007.12.14 12:13:37.909,0.98185,0.9822,1.70,0.30
2007.12.14 12:13:38.107,0.98185,0.9822,0.90,0.30
2007.12.14 12:13:38.882,0.98185,0.9822,0.90,0.30
2007.12.14 12:13:40.168,0.98185,0.9822,0.90,0.30
2007.12.14 12:13:40.606,0.9819,0.9822,0.20,0.30
2007.12.14 12:13:40.803,0.9819,0.9822,0.20,0.30
2007.12.14 12:13:41.041,0.9819,0.9822,0.90,0.30
2007.12.14 12:13:43.184,0.9819,0.98225,0.90,4.30
2007.12.14 12:13:44.203,0.9819,0.98225,0.90,4.30
2007.12.14 12:13:44.403,0.9819,0.9822,0.90,0.30
2007.12.14 12:13:45.171,0.9819,0.9822,0.90,0.30
2007.12.14 12:13:48.088,0.9819,0.98225,0.90,4.30
2007.12.14 12:13:49.080,0.9819,0.9822,0.90,0.30
2007.12.14 12:13:50.170,0.9819,0.9822,0.90,0.30
2007.12.14 12:13:54.446,0.98195,0.98225,0.90,0.30
2007.12.14 12:13:54.596,0.98195,0.98225,0.90,0.30
2007.12.14 12:13:56.620,0.98195,0.98225,0.90,0.30
2007.12.14 12:13:56.952,0.9821,0.98235,0.90,4.00
2007.12.14 12:13:57.285,0.9821,0.98235,0.90,4.00
2007.12.14 12:13:57.618,0.98215,0.98245,0.80,2.60
2007.12.14 12:13:58.227,0.98215,0.98245,0.80,2.60
2007.12.14 12:13:58.500,0.98215,0.98245,0.80,2.60
2007.12.14 12:13:58.861,0.98215,0.98245,0.80,2.60
2007.12.14 12:14:00.189,0.98215,0.98245,0.80,2.60
2007.12.14 12:14:03.631,0.98215,0.9824,0.80,0.30
2007.12.14 12:14:03.889,0.9821,0.9824,0.80,0.30
2007.12.14 12:14:04.151,0.9821,0.98235,0.80,0.30
2007.12.14 12:14:04.389,0.9821,0.98235,0.80,2.60
2007.12.14 12:14:04.627,0.98205,0.98235,0.90,2.60
2007.12.14 12:14:05.202,0.98205,0.98235,0.90,2.60
2007.12.14 12:14:09.632,0.98205,0.98235,0.90,2.60
2007.12.14 12:14:10.156,0.98205,0.98235,0.90,2.60
2007.12.14 12:14:10.434,0.98205,0.98235,0.90,2.60
2007.12.14 12:14:10.723,0.98205,0.98235,0.90,0.30
2007.12.14 12:14:11.001,0.98205,0.98235,0.20,0.30
2007.12.14 12:14:11.290,0.98205,0.98235,0.20,0.30
2007.12.14 12:14:11.623,0.98205,0.98235,0.20,0.30
2007.12.14 12:14:12.137,0.98205,0.98235,0.20,0.30
2007.12.14 12:14:12.679,0.98205,0.98235,0.20,2.60
2007.12.14 12:14:12.858,0.982,0.9823,0.20,0.30
2007.12.14 12:14:13.037,0.982,0.9823,0.20,0.30
2007.12.14 12:14:13.216,0.98205,0.98235,0.20,0.30
2007.12.14 12:14:13.549,0.9821,0.9824,0.20,0.30
2007.12.14 12:14:13.872,0.98205,0.98235,0.20,0.30
2007.12.14 12:14:14.205,0.9821,0.9824,0.20,3.00
2007.12.14 12:14:14.460,0.9821,0.9824,0.20,3.00
2007.12.14 12:14:14.705,0.98195,0.9823,4.10,0.30
2007.12.14 12:14:14.948,0.982,0.9823,0.80,0.30
2007.12.14 12:14:15.193,0.9822,0.98235,0.20,2.40
2007.12.14 12:14:15.471,0.9822,0.98245,0.90,2.80
2007.12.14 12:14:15.899,0.9822,0.98255,0.90,6.70
2007.12.14 12:14:16.176,0.9822,0.9824,0.90,2.80
2007.12.14 12:14:16.419,0.9822,0.98255,0.90,6.70
2007.12.14 12:14:16.828,0.9822,0.98255,0.90,6.70
2007.12.14 12:14:17.880,0.9822,0.98255,0.90,6.70
2007.12.14 12:14:18.248,0.9822,0.98255,0.90,4.30
2007.12.14 12:14:18.410,0.9822,0.98255,0.90,4.30
2007.12.14 12:14:18.696,0.98225,0.98255,0.20,4.00
2007.12.14 12:14:18.879,0.98225,0.9826,0.20,0.30
2007.12.14 12:14:19.055,0.98225,0.9826,0.20,0.30
2007.12.14 12:14:19.205,0.9823,0.9826,0.20,0.30
2007.12.14 12:14:19.457,0.9823,0.9826,0.20,0.30
2007.12.14 12:14:19.791,0.98225,0.9826,0.20,0.30
2007.12.14 12:14:20.124,0.9822,0.98255,4.10,0.30
2007.12.14 12:14:20.456,0.9823,0.9826,0.20,0.30
2007.12.14 12:14:20.689,0.9823,0.98265,0.90,6.70
2007.12.14 12:14:20.922,0.9823,0.98265,0.90,2.60
2007.12.14 12:14:21.156,0.9823,0.98265,0.90,2.60
2007.12.14 12:14:21.389,0.98235,0.98265,0.80,2.60
2007.12.14 12:14:21.697,0.98235,0.98265,0.80,2.60
2007.12.14 12:14:22.352,0.98235,0.98265,0.80,2.60
2007.12.14 12:14:23.048,0.98235,0.98265,0.90,2.60
2007.12.14 12:14:23.380,0.98235,0.98265,0.90,2.60
2007.12.14 12:14:23.560,0.98235,0.98265,1.70,2.60
2007.12.14 12:14:23.715,0.9824,0.98265,0.80,2.60
2007.12.14 12:14:23.883,0.9824,0.9826,0.80,0.30
2007.12.14 12:14:24.051,0.9824,0.9826,0.80,0.30
2007.12.14 12:14:24.219,0.9824,0.98265,0.80,2.40
2007.12.14 12:14:24.387,0.9824,0.9827,0.80,0.30
2007.12.14 12:14:24.732,0.98235,0.9827,0.20,0.30
2007.12.14 12:14:25.066,0.98235,0.9827,0.20,0.30
2007.12.14 12:14:25.889,0.98235,0.9827,0.20,0.30
2007.12.14 12:14:26.838,0.98235,0.9827,0.20,0.30
2007.12.14 12:14:28.392,0.98235,0.9827,0.20,0.30
2007.12.14 12:14:29.241,0.9823,0.98265,4.10,0.30
2007.12.14 12:14:29.374,0.9823,0.98265,4.10,0.30
2007.12.14 12:14:29.587,0.9823,0.98265,4.10,0.30
2007.12.14 12:14:29.800,0.9823,0.98265,4.10,0.30
2007.12.14 12:14:30.164,0.9823,0.98265,0.20,0.30
2007.12.14 12:14:30.795,0.9823,0.9826,0.20,0.30
2007.12.14 12:14:31.108,0.9823,0.9826,0.20,0.30
2007.12.14 12:14:33.196,0.9823,0.9826,0.20,0.30
2007.12.14 12:14:35.224,0.9823,0.9826,0.20,0.30
2007.12.14 12:14:35.666,0.9823,0.98265,0.20,0.30
2007.12.14 12:14:35.944,0.9823,0.98265,0.20,0.30
2007.12.14 12:14:36.233,0.98225,0.98275,4.00,2.80
2007.12.14 12:14:36.510,0.9823,0.9828,4.00,3.00
2007.12.14 12:14:36.921,0.9823,0.9828,4.00,3.00
2007.12.14 12:14:37.400,0.98225,0.98275,4.00,2.80
2007.12.14 12:14:38.133,0.9822,0.9827,4.00,2.80
2007.12.14 12:14:38.326,0.9822,0.9827,4.00,2.80
2007.12.14 12:14:38.519,0.98225,0.98275,4.00,3.00
2007.12.14 12:14:38.850,0.9822,0.9827,4.00,2.80
2007.12.14 12:14:40.224,0.9822,0.9827,4.00,2.80
2007.12.14 12:14:42.732,0.9822,0.9825,4.00,0.30
2007.12.14 12:14:42.910,0.98215,0.9825,4.10,0.30
2007.12.14 12:14:43.121,0.98215,0.9825,4.10,0.30
2007.12.14 12:14:43.312,0.98215,0.9825,4.10,0.30
2007.12.14 12:14:45.228,0.98215,0.9825,4.10,0.30
2007.12.14 12:14:50.240,0.98215,0.9825,4.10,0.30
2007.12.14 12:14:50.364,0.98215,0.9825,0.20,0.30
2007.12.14 12:14:51.676,0.98215,0.9825,4.10,0.30
2007.12.14 12:14:51.929,0.98215,0.9825,0.20,0.30
2007.12.14 12:14:52.678,0.9821,0.98245,4.10,0.30
2007.12.14 12:14:52.931,0.9821,0.98245,0.20,0.30
2007.12.14 12:14:53.192,0.9821,0.9824,0.20,0.30
2007.12.14 12:14:53.406,0.9821,0.9824,0.20,0.30
2007.12.14 12:14:53.650,0.9821,0.9824,0.20,0.30
2007.12.14 12:14:53.875,0.98205,0.98235,4.10,0.30
2007.12.14 12:14:54.075,0.98205,0.98235,4.10,0.30
2007.12.14 12:14:54.287,0.98205,0.98235,4.10,0.30
2007.12.14 12:14:54.604,0.98205,0.98235,4.10,0.30
2007.12.14 12:14:54.922,0.982,0.9823,4.10,0.30
2007.12.14 12:14:55.240,0.982,0.98235,0.20,0.30
2007.12.14 12:14:55.457,0.982,0.98235,0.20,0.30
2007.12.14 12:14:56.096,0.982,0.9823,0.20,0.30
2007.12.14 12:14:56.313,0.982,0.98235,0.20,0.30
2007.12.14 12:14:56.627,0.982,0.98235,0.20,0.30
2007.12.14 12:14:56.940,0.9821,0.9824,0.80,0.30
2007.12.14 12:14:57.254,0.9821,0.98235,0.80,0.30
2007.12.14 12:14:57.461,0.9821,0.98235,0.80,0.30
2007.12.14 12:14:57.669,0.982,0.98235,4.10,0.30
2007.12.14 12:14:57.750,0.982,0.98235,1.20,0.30
2007.12.14 12:14:57.907,0.98195,0.98235,4.30,0.30
2007.12.14 12:14:58.406,0.982,0.98235,0.20,0.30
2007.12.14 12:14:58.903,0.982,0.98235,0.20,0.30
2007.12.14 12:14:59.220,0.9821,0.9824,0.20,0.30
2007.12.14 12:14:59.479,0.9821,0.9824,0.20,0.30
2007.12.14 12:14:59.707,0.9821,0.9824,0.20,0.30
2007.12.14 12:15:00.329,0.9821,0.9824,0.20,0.30
2007.12.14 12:15:00.578,0.9821,0.9824,0.20,0.30
2007.12.14 12:15:00.892,0.98205,0.9824,4.30,0.30
2007.12.14 12:15:02.112,0.98205,0.98245,4.30,0.30
2007.12.14 12:15:02.338,0.9821,0.98245,0.20,0.30
2007.12.14 12:15:02.651,0.98205,0.98245,4.30,0.30
2007.12.14 12:15:03.622,0.98205,0.98245,4.30,0.30
2007.12.14 12:15:03.841,0.98215,0.9825,0.20,0.30
2007.12.14 12:15:04.058,0.9821,0.9825,0.40,0.30
2007.12.14 12:15:04.277,0.9821,0.9825,0.40,0.30
2007.12.14 12:15:04.638,0.9821,0.9825,4.30,0.30
2007.12.14 12:15:05.045,0.9821,0.9825,4.30,0.30
2007.12.14 12:15:05.338,0.9821,0.9825,4.30,0.30
2007.12.14 12:15:08.039,0.98225,0.98265,0.40,9.50
2007.12.14 12:15:08.209,0.98225,0.98265,0.40,7.10
2007.12.14 12:15:08.415,0.98225,0.98265,4.30,0.30
2007.12.14 12:15:08.933,0.98225,0.98265,4.30,0.30
2007.12.14 12:15:09.165,0.9822,0.9826,4.30,0.30
2007.12.14 12:15:09.379,0.9822,0.9826,4.30,0.30
2007.12.14 12:15:09.591,0.9822,0.9826,4.30,0.30
2007.12.14 12:15:09.810,0.9822,0.9826,4.30,0.30
2007.12.14 12:15:10.029,0.9822,0.9826,5.10,0.30
2007.12.14 12:15:10.249,0.9823,0.98255,0.80,0.30
2007.12.14 12:15:10.467,0.9822,0.98255,4.20,0.30
2007.12.14 12:15:10.685,0.98225,0.9826,0.20,0.30
2007.12.14 12:15:11.008,0.9822,0.9826,4.30,0.30
2007.12.14 12:15:11.619,0.9822,0.9826,4.30,0.30
2007.12.14 12:15:11.781,0.9824,0.9827,0.20,0.30
2007.12.14 12:15:11.945,0.9824,0.9827,0.20,0.30
2007.12.14 12:15:12.107,0.98235,0.9827,4.30,0.30
2007.12.14 12:15:12.271,0.9823,0.9827,4.30,0.30
2007.12.14 12:15:12.434,0.98235,0.9827,0.20,0.30
2007.12.14 12:15:12.610,0.98225,0.98265,5.00,0.30
2007.12.14 12:15:12.942,0.9823,0.98265,0.20,0.30
2007.12.14 12:15:13.275,0.9823,0.98265,0.20,0.30
2007.12.14 12:15:13.673,0.9823,0.9827,0.40,0.30
2007.12.14 12:15:14.137,0.9824,0.9827,0.20,0.30
2007.12.14 12:15:14.325,0.98235,0.9827,0.40,0.30
2007.12.14 12:15:14.512,0.98235,0.9827,0.40,0.30
2007.12.14 12:15:14.805,0.98235,0.9827,0.40,0.30
2007.12.14 12:15:15.128,0.98235,0.9827,4.30,0.30
2007.12.14 12:15:15.606,0.9823,0.9827,4.30,0.30
2007.12.14 12:15:15.930,0.9823,0.9827,4.30,0.30
2007.12.14 12:15:16.188,0.9823,0.9827,4.30,0.30
2007.12.14 12:15:16.654,0.9824,0.9827,0.20,0.30
2007.12.14 12:15:16.911,0.98235,0.9827,0.40,0.30
2007.12.14 12:15:17.285,0.9824,0.9827,0.20,0.30
2007.12.14 12:15:17.462,0.98235,0.9827,4.30,0.30
2007.12.14 12:15:17.690,0.98235,0.9827,1.30,0.30
2007.12.14 12:15:17.878,0.98235,0.9826,0.60,0.30
2007.12.14 12:15:18.180,0.9823,0.9826,1.00,0.30
2007.12.14 12:15:18.486,0.9823,0.9826,1.00,0.30
2007.12.14 12:15:18.788,0.9823,0.98265,1.10,2.40
2007.12.14 12:15:19.045,0.9823,0.9827,1.10,0.30
2007.12.14 12:15:19.288,0.98235,0.9827,0.40,0.30
2007.12.14 12:15:19.530,0.98235,0.9827,4.30,0.30
2007.12.14 12:15:19.774,0.9823,0.9827,4.30,0.30
2007.12.14 12:15:20.027,0.98235,0.9827,0.20,0.30
2007.12.14 12:15:20.255,0.98235,0.9827,0.40,0.30
2007.12.14 12:15:20.484,0.98235,0.9827,4.30,0.30
2007.12.14 12:15:20.810,0.98235,0.9827,4.30,0.30
2007.12.14 12:15:21.069,0.9824,0.9827,0.20,0.30
2007.12.14 12:15:21.326,0.9824,0.9827,0.20,0.30
2007.12.14 12:15:21.584,0.98235,0.98265,4.30,2.40
2007.12.14 12:15:22.575,0.9824,0.98265,0.20,2.40
2007.12.14 12:15:22.753,0.9823,0.98265,5.10,2.40
2007.12.14 12:15:22.932,0.98235,0.98265,1.70,2.40
2007.12.14 12:15:24.362,0.98235,0.98265,1.70,2.40
2007.12.14 12:15:24.558,0.98235,0.98265,5.70,2.40
2007.12.14 12:15:24.727,0.98235,0.98265,5.80,2.40
2007.12.14 12:15:24.896,0.98245,0.98265,0.80,2.40
2007.12.14 12:15:25.074,0.98245,0.98265,0.80,2.40
2007.12.14 12:15:25.333,0.9824,0.98265,1.00,2.40
2007.12.14 12:15:27.661,0.98245,0.9827,0.80,0.30
2007.12.14 12:15:27.866,0.98245,0.9827,0.80,0.30
2007.12.14 12:15:29.906,0.98245,0.9827,0.80,0.30
2007.12.14 12:15:30.355,0.98245,0.9827,0.80,0.30
2007.12.14 12:15:30.699,0.98245,0.9827,0.80,0.30
2007.12.14 12:15:30.845,0.98245,0.9827,0.80,0.30
2007.12.14 12:15:31.002,0.98245,0.9827,0.80,0.30
2007.12.14 12:15:31.717,0.98245,0.9827,0.80,0.30
2007.12.14 12:15:32.103,0.98245,0.9827,0.80,0.30
2007.12.14 12:15:32.365,0.98245,0.9827,0.80,0.30
2007.12.14 12:15:32.529,0.9824,0.9827,0.80,0.30
2007.12.14 12:15:32.693,0.9824,0.9827,0.90,0.30
2007.12.14 12:15:32.856,0.9824,0.98265,0.80,0.30
2007.12.14 12:15:33.020,0.9824,0.98265,0.80,0.30
2007.12.14 12:15:33.184,0.98245,0.98265,0.80,0.30
2007.12.14 12:15:33.364,0.98245,0.98265,0.80,2.60
2007.12.14 12:15:33.697,0.98245,0.98265,0.80,2.60
2007.12.14 12:15:34.030,0.98235,0.98265,0.80,2.60
2007.12.14 12:15:34.364,0.98235,0.9826,0.80,0.30
2007.12.14 12:15:34.572,0.9823,0.9826,0.20,0.30
2007.12.14 12:15:34.781,0.9823,0.98265,4.10,2.60
2007.12.14 12:15:34.989,0.98235,0.98265,0.80,0.30
2007.12.14 12:15:35.196,0.98235,0.98265,0.80,0.30
2007.12.14 12:15:36.048,0.98235,0.9826,0.80,0.30
2007.12.14 12:15:36.360,0.98235,0.9826,0.80,0.30
2007.12.14 12:15:37.093,0.98235,0.98265,0.80,0.30
2007.12.14 12:15:37.620,0.98235,0.98265,0.80,0.30
2007.12.14 12:15:38.860,0.98235,0.98265,0.80,0.30
2007.12.14 12:15:40.349,0.98235,0.98265,0.80,0.30
2007.12.14 12:15:40.630,0.98235,0.98265,0.80,0.30
2007.12.14 12:15:45.373,0.98235,0.98265,0.80,0.30
2007.12.14 12:15:46.104,0.98235,0.9826,0.80,0.30
2007.12.14 12:15:46.280,0.98235,0.9826,0.80,0.30
2007.12.14 12:15:46.458,0.9823,0.9826,0.20,0.30
2007.12.14 12:15:48.888,0.9823,0.9826,0.20,0.30
2007.12.14 12:15:49.426,0.9823,0.9826,0.20,0.30
2007.12.14 12:15:49.834,0.9823,0.9826,0.20,0.30
2007.12.14 12:15:50.363,0.9823,0.9826,0.20,0.30
2007.12.14 12:15:51.602,0.9823,0.9826,0.20,0.30
2007.12.14 12:15:51.895,0.98225,0.98255,4.00,0.30
2007.12.14 12:15:52.103,0.98225,0.98255,4.00,0.30
2007.12.14 12:15:52.312,0.98225,0.98255,4.80,0.30
2007.12.14 12:15:52.533,0.98225,0.98255,4.80,0.30
2007.12.14 12:15:52.864,0.98225,0.98255,0.80,0.30
2007.12.14 12:15:53.393,0.98225,0.98255,0.80,0.30
2007.12.14 12:15:53.696,0.98225,0.98255,0.80,0.30
2007.12.14 12:15:53.918,0.98225,0.98255,0.80,0.30
2007.12.14 12:15:55.360,0.98225,0.98255,0.80,0.30
2007.12.14 12:15:56.097,0.98225,0.98255,0.80,0.30
2007.12.14 12:15:57.838,0.98225,0.98255,0.80,0.30
2007.12.14 12:15:58.892,0.98225,0.98255,0.80,0.30
2007.12.14 12:15:59.135,0.98225,0.98255,0.80,0.30
2007.12.14 12:15:59.382,0.98225,0.9825,0.80,0.30
2007.12.14 12:15:59.625,0.9822,0.9825,0.80,0.30
2007.12.14 12:15:59.869,0.9822,0.9825,0.80,0.30
2007.12.14 12:16:00.102,0.9822,0.98255,0.90,0.30
2007.12.14 12:16:00.336,0.98225,0.98255,0.80,0.30
2007.12.14 12:16:00.569,0.98225,0.9825,0.80,0.30
2007.12.14 12:16:00.802,0.98225,0.9825,0.80,0.30
2007.12.14 12:16:01.035,0.98225,0.9825,0.80,0.30
2007.12.14 12:16:01.358,0.9822,0.9825,0.80,0.30
2007.12.14 12:16:01.683,0.9822,0.9824,0.80,0.30
2007.12.14 12:16:02.006,0.9821,0.9824,0.80,0.30
2007.12.14 12:16:02.215,0.9821,0.9824,4.80,0.30
2007.12.14 12:16:02.664,0.9821,0.9824,4.80,0.30
2007.12.14 12:16:02.893,0.9821,0.9824,0.80,0.30
2007.12.14 12:16:03.821,0.9821,0.9824,0.80,3.00
2007.12.14 12:16:04.038,0.9821,0.9823,0.80,0.30
2007.12.14 12:16:04.250,0.9821,0.9823,0.80,0.30
2007.12.14 12:16:04.464,0.98205,0.9823,0.80,0.30
2007.12.14 12:16:04.676,0.982,0.9823,0.80,0.30
2007.12.14 12:16:04.889,0.982,0.9823,0.80,0.30
2007.12.14 12:16:05.199,0.982,0.9823,0.80,0.30
2007.12.14 12:16:05.700,0.982,0.98225,0.80,0.30
2007.12.14 12:16:06.008,0.98195,0.98225,0.80,0.30
2007.12.14 12:16:06.278,0.98195,0.98225,0.80,0.30
2007.12.14 12:16:06.523,0.98195,0.98225,0.80,3.00
2007.12.14 12:16:06.780,0.98195,0.9822,0.80,0.30
2007.12.14 12:16:07.039,0.9819,0.9822,0.80,0.30
2007.12.14 12:16:07.277,0.9819,0.98215,0.80,0.30
2007.12.14 12:16:07.522,0.9819,0.98215,0.80,0.30
2007.12.14 12:16:07.760,0.98185,0.9821,4.80,0.30
2007.12.14 12:16:07.998,0.98185,0.9821,4.80,0.30
2007.12.14 12:16:08.273,0.98185,0.9821,4.80,0.30
2007.12.14 12:16:08.551,0.9818,0.9821,4.80,0.30
2007.12.14 12:16:08.840,0.9818,0.9821,0.80,0.30
2007.12.14 12:16:09.211,0.9818,0.98205,0.80,0.30
2007.12.14 12:16:09.454,0.9818,0.98205,0.80,0.30
2007.12.14 12:16:09.697,0.9818,0.98205,0.80,0.30
2007.12.14 12:16:09.939,0.9818,0.98205,0.80,0.30
2007.12.14 12:16:10.391,0.9818,0.98205,0.80,0.30
2007.12.14 12:16:10.913,0.9818,0.98215,0.80,7.10
2007.12.14 12:16:10.927,0.9818,0.98215,0.80,9.50
2007.12.14 12:16:11.181,0.9818,0.98205,0.80,0.30
2007.12.14 12:16:11.459,0.9818,0.98195,0.80,0.30
2007.12.14 12:16:11.726,0.9816,0.98205,4.10,6.70
2007.12.14 12:16:11.994,0.9816,0.98195,4.00,2.70
2007.12.14 12:16:12.262,0.9816,0.9819,4.00,0.30
2007.12.14 12:16:12.535,0.9816,0.98195,0.80,2.70
2007.12.14 12:16:12.824,0.9816,0.98195,0.80,6.70
2007.12.14 12:16:13.084,0.9816,0.98195,0.80,9.50
2007.12.14 12:16:14.157,0.9816,0.98195,0.80,9.40
2007.12.14 12:16:14.321,0.9816,0.9819,0.80,3.10
2007.12.14 12:16:14.645,0.9816,0.98185,0.80,0.30
2007.12.14 12:16:14.821,0.9816,0.9819,0.80,3.10
2007.12.14 12:16:14.984,0.98155,0.9819,3.20,3.10
2007.12.14 12:16:15.146,0.98155,0.98195,3.20,7.10
2007.12.14 12:16:15.480,0.9816,0.98195,0.80,9.50
2007.12.14 12:16:15.813,0.9816,0.98185,0.80,4.30
2007.12.14 12:16:16.145,0.9815,0.9818,0.50,0.30
2007.12.14 12:16:16.382,0.9815,0.98185,0.50,4.30
2007.12.14 12:16:16.905,0.9815,0.9819,0.70,7.10
2007.12.14 12:16:17.142,0.98155,0.9819,0.50,5.40
2007.12.14 12:16:17.416,0.98155,0.9819,0.50,5.40
2007.12.14 12:16:18.142,0.98155,0.98185,0.50,0.80
2007.12.14 12:16:20.396,0.98155,0.98185,0.50,0.50
2007.12.14 12:16:20.646,0.98155,0.9819,0.50,5.40
2007.12.14 12:16:20.870,0.98155,0.98185,0.50,0.50
2007.12.14 12:16:21.071,0.98155,0.9819,0.50,5.40
2007.12.14 12:16:21.293,0.98155,0.9819,0.70,5.40
2007.12.14 12:16:21.621,0.98155,0.98185,1.30,0.60
2007.12.14 12:16:21.950,0.98155,0.98195,1.10,11.80
2007.12.14 12:16:22.279,0.98155,0.98185,0.50,0.60
2007.12.14 12:16:22.498,0.98155,0.98185,0.50,0.70
2007.12.14 12:16:22.715,0.98155,0.98185,0.50,0.90
2007.12.14 12:16:23.124,0.98155,0.9819,0.70,5.40
2007.12.14 12:16:23.371,0.9816,0.9819,0.50,2.70
2007.12.14 12:16:23.639,0.9816,0.98185,0.50,0.90
2007.12.14 12:16:23.931,0.9816,0.9819,0.50,2.70
2007.12.14 12:16:24.210,0.98155,0.9819,0.70,2.70
2007.12.14 12:16:25.391,0.98155,0.98185,0.70,0.90
2007.12.14 12:16:27.664,0.98155,0.9819,0.70,0.30
2007.12.14 12:16:27.855,0.98155,0.98195,0.70,9.50
2007.12.14 12:16:28.033,0.98155,0.98185,0.50,2.70
2007.12.14 12:16:28.211,0.98145,0.9817,4.00,0.30
2007.12.14 12:16:28.535,0.98145,0.98185,4.10,6.70
2007.12.14 12:16:28.826,0.98145,0.9818,0.20,0.30
2007.12.14 12:16:29.129,0.9815,0.98185,0.20,0.60
2007.12.14 12:16:29.432,0.9815,0.98185,0.20,0.50
2007.12.14 12:16:29.656,0.98145,0.9818,0.20,0.30
2007.12.14 12:16:29.878,0.98145,0.98185,0.20,6.70
2007.12.14 12:16:30.157,0.98145,0.9818,0.20,0.30
2007.12.14 12:16:30.393,0.98145,0.98185,0.20,6.70
2007.12.14 12:16:30.616,0.9814,0.98175,4.10,0.30
2007.12.14 12:16:30.937,0.9814,0.98185,4.70,6.70
2007.12.14 12:16:31.278,0.9814,0.98175,0.70,0.30
2007.12.14 12:16:31.906,0.9814,0.98175,0.70,0.30
2007.12.14 12:16:32.374,0.98145,0.98185,0.20,9.50
2007.12.14 12:16:32.642,0.98145,0.9818,0.20,0.30
2007.12.14 12:16:32.840,0.98145,0.9818,0.20,0.30
2007.12.14 12:16:33.039,0.9814,0.9817,4.00,0.30
2007.12.14 12:16:33.237,0.98135,0.98175,6.60,3.10
2007.12.14 12:16:33.435,0.98135,0.98175,6.60,3.10
2007.12.14 12:16:33.633,0.98135,0.9817,2.50,0.30
2007.12.14 12:16:33.836,0.9813,0.98175,0.70,9.50
2007.12.14 12:16:34.039,0.9813,0.98165,0.20,0.30
2007.12.14 12:16:34.242,0.9813,0.98165,0.20,0.30
2007.12.14 12:16:34.446,0.9814,0.98175,0.20,0.60
2007.12.14 12:16:34.649,0.9814,0.98185,0.20,9.50
2007.12.14 12:16:34.967,0.9814,0.9818,0.20,3.10
2007.12.14 12:16:35.275,0.9814,0.9818,0.20,3.10
2007.12.14 12:16:35.583,0.9814,0.98185,0.20,9.50
2007.12.14 12:16:35.891,0.9814,0.98175,0.20,0.30
2007.12.14 12:16:36.124,0.98135,0.98175,4.00,2.70
2007.12.14 12:16:36.410,0.9813,0.98175,0.20,5.50
2007.12.14 12:16:36.644,0.9813,0.98165,0.20,0.30
2007.12.14 12:16:36.877,0.98135,0.98165,0.20,0.30
2007.12.14 12:16:37.186,0.98135,0.9817,0.20,3.10
2007.12.14 12:16:37.652,0.98135,0.98165,0.20,0.30
2007.12.14 12:16:37.963,0.9815,0.98185,0.20,11.80
2007.12.14 12:16:38.201,0.9815,0.98175,0.20,2.80
2007.12.14 12:16:38.441,0.9815,0.98185,0.20,9.50
2007.12.14 12:16:38.678,0.98145,0.9818,0.20,0.30
2007.12.14 12:16:38.974,0.98145,0.9818,0.20,0.30
2007.12.14 12:16:39.347,0.98145,0.98185,0.20,9.50
2007.12.14 12:16:40.407,0.98145,0.98185,0.20,9.50
2007.12.14 12:16:40.629,0.98135,0.98165,4.10,0.90
2007.12.14 12:16:40.892,0.98135,0.98175,4.10,9.00
2007.12.14 12:16:41.150,0.98135,0.9817,0.20,5.40
2007.12.14 12:16:43.144,0.98135,0.98165,0.20,0.60
2007.12.14 12:16:44.129,0.98135,0.98165,0.20,0.60
2007.12.14 12:16:44.462,0.98135,0.98165,0.20,0.70
2007.12.14 12:16:44.795,0.98135,0.98175,0.20,9.50
2007.12.14 12:16:45.128,0.98135,0.98175,0.20,6.70
2007.12.14 12:16:45.401,0.98135,0.98175,0.20,6.70
2007.12.14 12:16:45.588,0.9813,0.9816,4.00,0.30
2007.12.14 12:16:45.776,0.9813,0.9816,4.00,0.30
2007.12.14 12:16:45.965,0.9813,0.9816,4.00,0.30
2007.12.14 12:16:46.282,0.98125,0.98165,4.10,6.70
2007.12.14 12:16:46.604,0.98125,0.98165,4.10,6.70
2007.12.14 12:16:49.471,0.98145,0.98165,0.20,0.90
2007.12.14 12:16:49.729,0.98145,0.98165,0.20,0.60
2007.12.14 12:16:49.987,0.98145,0.98165,4.10,0.80
2007.12.14 12:16:50.200,0.98145,0.98185,4.10,6.70
2007.12.14 12:16:50.415,0.98145,0.98185,4.10,6.70
2007.12.14 12:16:51.514,0.98145,0.9818,4.10,6.70
2007.12.14 12:16:51.792,0.9815,0.98175,4.00,6.70
2007.12.14 12:16:52.071,0.9815,0.98175,4.00,6.70
2007.12.14 12:16:52.318,0.9814,0.98175,4.00,6.70
2007.12.14 12:16:52.567,0.9814,0.98175,4.00,6.70
2007.12.14 12:16:52.898,0.98135,0.98165,4.10,0.30
2007.12.14 12:16:53.328,0.9814,0.98165,4.00,0.30
2007.12.14 12:16:55.326,0.98135,0.98175,4.10,6.70
2007.12.14 12:16:55.634,0.9814,0.98175,4.00,6.70
2007.12.14 12:16:56.427,0.9814,0.9817,4.10,0.30
2007.12.14 12:16:56.631,0.9814,0.98175,4.10,6.70
2007.12.14 12:16:56.833,0.9814,0.9817,4.10,0.30
2007.12.14 12:16:57.011,0.98135,0.98175,4.30,6.70
2007.12.14 12:16:57.036,0.9814,0.98165,0.50,0.30
2007.12.14 12:16:57.252,0.9814,0.98165,0.90,0.30
2007.12.14 12:16:57.459,0.9814,0.98165,0.60,0.30
2007.12.14 12:16:57.667,0.9813,0.98175,4.30,6.70
2007.12.14 12:16:58.079,0.98135,0.98175,4.30,6.70
2007.12.14 12:16:58.288,0.98135,0.98175,4.30,6.70
2007.12.14 12:16:58.540,0.98135,0.98175,4.30,6.70
2007.12.14 12:16:58.793,0.9813,0.98175,4.20,6.70
2007.12.14 12:16:59.047,0.9813,0.98175,4.20,6.70
2007.12.14 12:16:59.300,0.98125,0.98165,8.20,2.70
2007.12.14 12:16:59.552,0.98125,0.98165,4.20,6.70
2007.12.14 12:16:59.805,0.9812,0.98165,4.30,6.70
2007.12.14 12:17:00.058,0.9812,0.98165,4.30,6.70
2007.12.14 12:17:00.313,0.98125,0.9816,0.60,0.30
2007.12.14 12:17:00.531,0.98125,0.98155,0.70,0.30
2007.12.14 12:17:00.749,0.9812,0.98165,4.20,9.00
2007.12.14 12:17:00.966,0.9812,0.9816,4.30,2.70
2007.12.14 12:17:01.199,0.9812,0.98155,0.20,0.60
2007.12.14 12:17:01.530,0.9812,0.98155,0.20,0.90
2007.12.14 12:17:01.864,0.98125,0.98155,0.20,0.80
2007.12.14 12:17:02.196,0.98125,0.98155,0.20,0.50
2007.12.14 12:17:02.401,0.98125,0.98155,0.20,0.90
2007.12.14 12:17:02.599,0.9813,0.98155,0.20,0.60
2007.12.14 12:17:02.796,0.9813,0.9816,0.20,0.60
2007.12.14 12:17:02.994,0.98125,0.98165,0.40,9.50
2007.12.14 12:17:03.193,0.98125,0.98165,0.40,9.50
2007.12.14 12:17:03.471,0.9813,0.98165,0.20,0.70
2007.12.14 12:17:03.749,0.9812,0.9816,4.30,2.70
2007.12.14 12:17:04.026,0.9812,0.9816,0.40,2.70
2007.12.14 12:17:04.304,0.9812,0.9816,0.40,6.70
2007.12.14 12:17:04.523,0.98125,0.98155,0.20,0.90
2007.12.14 12:17:04.920,0.98125,0.9816,0.40,9.20
2007.12.14 12:17:05.138,0.9813,0.98165,0.20,0.50
2007.12.14 12:17:05.357,0.9813,0.98165,0.20,0.70
2007.12.14 12:17:05.538,0.98125,0.98165,0.40,11.90
2007.12.14 12:17:05.711,0.9812,0.9816,0.40,2.70
2007.12.14 12:17:05.884,0.9812,0.9816,0.40,5.40
2007.12.14 12:17:06.057,0.9812,0.98165,2.70,7.00
2007.12.14 12:17:06.231,0.9813,0.98165,0.40,5.20
2007.12.14 12:17:06.403,0.9813,0.98165,0.40,5.20
2007.12.14 12:17:06.692,0.98125,0.98175,4.30,11.90
2007.12.14 12:17:06.981,0.9813,0.98165,0.20,0.80
2007.12.14 12:17:07.268,0.9813,0.98165,0.20,9.50
2007.12.14 12:17:07.621,0.9812,0.98155,0.20,0.30
2007.12.14 12:17:07.829,0.98115,0.98155,8.40,2.60
2007.12.14 12:17:08.036,0.98115,0.98155,4.40,2.60
2007.12.14 12:17:08.244,0.98115,0.98155,0.40,6.70
2007.12.14 12:17:08.452,0.9812,0.98155,0.20,6.70
2007.12.14 12:17:08.654,0.98115,0.98155,0.40,9.50
2007.12.14 12:17:08.855,0.9812,0.98155,0.20,9.50
2007.12.14 12:17:09.371,0.98115,0.98155,0.40,9.50
2007.12.14 12:17:10.027,0.9812,0.98155,0.40,9.20
2007.12.14 12:17:10.181,0.9812,0.98155,0.40,6.80
2007.12.14 12:17:10.327,0.98125,0.98155,0.20,2.80
2007.12.14 12:17:10.475,0.9812,0.9816,0.40,3.00
2007.12.14 12:17:14.070,0.9813,0.9816,0.20,2.80
2007.12.14 12:17:14.406,0.98125,0.98165,0.40,9.50
2007.12.14 12:17:15.134,0.98125,0.98165,0.40,9.50
2007.12.14 12:17:15.523,0.98125,0.98165,0.40,9.50
2007.12.14 12:17:16.655,0.98135,0.98165,0.20,9.20
2007.12.14 12:17:16.880,0.98135,0.98165,0.20,6.40
2007.12.14 12:17:17.818,0.98135,0.98165,0.20,6.40
2007.12.14 12:17:18.330,0.98135,0.98165,0.20,6.40
2007.12.14 12:17:19.970,0.98135,0.98165,0.40,6.40
2007.12.14 12:17:20.093,0.98135,0.98165,0.40,4.00
2007.12.14 12:17:20.217,0.98135,0.98165,0.40,4.00
2007.12.14 12:17:20.524,0.9814,0.98165,0.20,4.00
2007.12.14 12:17:20.646,0.9814,0.98165,0.20,4.00
2007.12.14 12:17:20.768,0.9814,0.98175,0.20,9.50
2007.12.14 12:17:21.607,0.9814,0.98175,0.20,9.50
2007.12.14 12:17:22.680,0.98135,0.98165,0.40,2.40
2007.12.14 12:17:24.939,0.98145,0.98165,0.20,2.40
2007.12.14 12:17:25.119,0.98145,0.98165,0.20,2.40
2007.12.14 12:17:25.267,0.98145,0.98175,0.20,2.80
2007.12.14 12:17:25.416,0.98145,0.9818,0.20,0.30
2007.12.14 12:17:25.571,0.98135,0.9816,8.00,0.30
2007.12.14 12:17:25.719,0.98135,0.9816,4.00,0.30
2007.12.14 12:17:25.867,0.9813,0.9816,0.20,0.30
2007.12.14 12:17:26.114,0.9812,0.98155,0.20,0.30
2007.12.14 12:17:26.362,0.9812,0.98155,0.20,4.30
2007.12.14 12:17:26.610,0.9812,0.98155,0.20,4.30
2007.12.14 12:17:26.858,0.98125,0.98155,0.20,4.00
2007.12.14 12:17:27.106,0.9812,0.98155,0.20,4.30
2007.12.14 12:17:27.259,0.9812,0.98155,0.20,4.30
2007.12.14 12:17:27.411,0.9812,0.98155,0.20,4.30
2007.12.14 12:17:27.666,0.9812,0.98155,0.20,4.30
2007.12.14 12:17:27.844,0.9812,0.98155,0.20,4.30
2007.12.14 12:17:27.997,0.9812,0.98155,0.20,4.30
2007.12.14 12:17:28.820,0.9812,0.98155,0.20,7.10
2007.12.14 12:17:29.339,0.9812,0.98155,0.20,4.30
2007.12.14 12:17:30.520,0.9812,0.98155,0.20,4.30
2007.12.14 12:17:31.853,0.9812,0.98155,0.20,4.30
2007.12.14 12:17:33.403,0.9812,0.98155,0.20,4.30
2007.12.14 12:17:34.244,0.9812,0.98155,0.20,6.70
2007.12.14 12:17:34.407,0.9812,0.98155,0.20,6.70
2007.12.14 12:17:35.375,0.9812,0.98155,0.20,6.70
2007.12.14 12:17:40.524,0.9812,0.98155,0.20,6.70
2007.12.14 12:17:41.127,0.9812,0.98155,0.20,6.70
2007.12.14 12:17:43.115,0.9812,0.98155,0.20,0.50
2007.12.14 12:17:45.085,0.98125,0.98155,0.20,6.40
2007.12.14 12:17:45.253,0.98125,0.98155,0.20,6.40
2007.12.14 12:17:45.433,0.98125,0.98155,0.20,2.40
2007.12.14 12:17:45.602,0.98125,0.98155,0.20,2.40
2007.12.14 12:17:45.910,0.98125,0.98155,0.20,2.40
2007.12.14 12:17:47.139,0.98115,0.9813,8.60,0.30
2007.12.14 12:17:47.287,0.98115,0.9813,4.50,0.30
2007.12.14 12:17:47.435,0.98095,0.9813,2.50,0.30
2007.12.14 12:17:47.582,0.98095,0.9813,2.50,0.30
2007.12.14 12:17:47.761,0.98095,0.9813,0.20,0.30
2007.12.14 12:17:47.939,0.98095,0.9813,0.20,0.30
2007.12.14 12:17:48.118,0.9811,0.98135,0.20,9.20
