2011.11.15 13:00:02.864,0.77996,0.78009,1.50,1.50
2011.11.15 13:00:03.469,0.77998,0.78013,1.50,1.58
2011.11.15 13:00:04.101,0.77998,0.78014,1.50,2.63
2011.11.15 13:00:06.462,0.78002,0.78016,1.50,4.50
2011.11.15 13:00:08.208,0.78002,0.78017,2.25,4.88
2011.11.15 13:00:08.695,0.78006,0.78018,1.50,1.50
2011.11.15 13:00:08.826,0.78008,0.78022,1.50,1.88
2011.11.15 13:00:13.009,0.78008,0.7802,1.50,1.50
2011.11.15 13:00:13.132,0.78004,0.78018,3.38,1.50
2011.11.15 13:00:13.648,0.78006,0.7802,1.50,1.50
2011.11.15 13:00:17.882,0.78004,0.78018,2.63,1.50
2011.11.15 13:00:18.502,0.78006,0.78022,1.50,4.73
2011.11.15 13:00:19.503,0.78006,0.78022,1.50,4.13
2011.11.15 13:00:19.636,0.78008,0.78022,1.50,1.88
2011.11.15 13:00:20.007,0.78014,0.78024,1.13,1.50
2011.11.15 13:00:20.435,0.78015,0.78024,2.10,1.50
2011.11.15 13:00:20.573,0.78017,0.78033,2.63,1.50
2011.11.15 13:00:21.108,0.78019,0.78033,1.50,1.50
2011.11.15 13:00:21.930,0.78016,0.78031,2.25,1.88
2011.11.15 13:00:22.168,0.78015,0.7803,1.50,1.13
2011.11.15 13:00:22.412,0.78012,0.78026,4.13,1.50
2011.11.15 13:00:27.100,0.78015,0.78029,1.50,1.50
2011.11.15 13:00:28.341,0.78018,0.78032,1.50,5.25
2011.11.15 13:00:28.462,0.78018,0.78032,1.88,3.75
2011.11.15 13:00:28.583,0.78021,0.78032,1.50,2.25
2011.11.15 13:00:28.711,0.78021,0.78035,1.50,1.50
2011.11.15 13:00:32.297,0.78019,0.78032,2.25,1.50
2011.11.15 13:00:32.424,0.78016,0.7803,1.50,1.13
2011.11.15 13:00:32.555,0.78014,0.78026,1.50,1.50
2011.11.15 13:00:32.682,0.78012,0.78026,3.00,1.50
2011.11.15 13:00:33.270,0.78012,0.78026,1.50,1.50
2011.11.15 13:00:38.350,0.78013,0.78026,1.50,1.50
2011.11.15 13:00:38.671,0.78014,0.7803,1.50,2.63
2011.11.15 13:00:39.032,0.78014,0.78028,1.50,1.88
2011.11.15 13:00:40.165,0.78014,0.7803,1.50,2.25
2011.11.15 13:00:40.755,0.78014,0.78028,1.50,1.13
2011.11.15 13:00:41.101,0.78012,0.78028,1.50,2.63
2011.11.15 13:00:42.240,0.78012,0.78028,1.88,1.50
2011.11.15 13:00:42.477,0.78015,0.78029,1.50,2.25
2011.11.15 13:00:44.664,0.78017,0.78032,2.25,3.60
2011.11.15 13:00:47.746,0.78017,0.7803,2.25,1.13
2011.11.15 13:00:48.276,0.78016,0.7803,1.50,2.63
2011.11.15 13:00:48.643,0.78012,0.78027,2.25,2.25
2011.11.15 13:00:49.339,0.78014,0.7803,1.50,3.00
2011.11.15 13:00:53.789,0.78018,0.7803,1.50,1.50
2011.11.15 13:00:53.915,0.78018,0.78032,1.50,4.50
2011.11.15 13:00:55.390,0.78021,0.78034,1.50,2.63
2011.11.15 13:00:56.472,0.78021,0.78035,1.88,1.50
2011.11.15 13:00:56.835,0.7803,0.7804,1.50,3.00
2011.11.15 13:00:57.208,0.78037,0.78047,1.50,1.50
2011.11.15 13:00:57.732,0.78037,0.78051,2.25,2.10
2011.11.15 13:00:57.854,0.78035,0.78049,3.00,1.50
2011.11.15 13:00:57.980,0.78035,0.78049,3.00,1.88
2011.11.15 13:00:58.584,0.78038,0.78049,1.50,1.50
2011.11.15 13:00:58.717,0.78038,0.78052,3.00,3.38
2011.11.15 13:00:59.318,0.78041,0.78052,1.50,1.88
2011.11.15 13:00:59.957,0.78041,0.78054,1.50,1.88
2011.11.15 13:01:00.501,0.78041,0.78054,2.25,1.88
2011.11.15 13:01:01.162,0.78041,0.78054,1.50,1.88
2011.11.15 13:01:01.879,0.78041,0.78055,1.50,3.38
2011.11.15 13:01:02.002,0.78043,0.78058,1.50,2.25
2011.11.15 13:01:02.118,0.78043,0.78059,1.50,4.73
2011.11.15 13:01:02.697,0.78043,0.78059,2.25,2.25
2011.11.15 13:01:03.741,0.78047,0.7806,1.50,2.63
2011.11.15 13:01:04.318,0.78047,0.7806,2.25,1.88
2011.11.15 13:01:05.348,0.78047,0.78061,1.50,1.50
2011.11.15 13:01:07.049,0.78047,0.78061,2.25,1.50
2011.11.15 13:01:07.524,0.78051,0.78065,2.25,2.25
2011.11.15 13:01:08.121,0.78049,0.78063,2.25,1.50
2011.11.15 13:01:08.238,0.78049,0.78063,1.50,1.50
2011.11.15 13:01:09.728,0.7805,0.78066,2.25,3.00
2011.11.15 13:01:11.990,0.7805,0.78066,2.25,3.00
2011.11.15 13:01:12.341,0.78053,0.78067,1.50,4.35
2011.11.15 13:01:13.093,0.78052,0.78066,1.50,2.25
2011.11.15 13:01:18.639,0.78052,0.78066,1.50,2.63
2011.11.15 13:01:20.272,0.78052,0.78066,4.50,1.50
2011.11.15 13:01:20.630,0.78054,0.78068,1.50,2.63
2011.11.15 13:01:20.989,0.78056,0.7807,1.50,1.13
2011.11.15 13:01:21.567,0.78056,0.78071,2.25,1.13
2011.11.15 13:01:23.018,0.78056,0.78071,2.25,1.13
2011.11.15 13:01:26.237,0.78055,0.78069,3.00,1.50
2011.11.15 13:01:26.825,0.78052,0.78066,4.13,1.50
2011.11.15 13:01:26.949,0.78053,0.78069,2.25,1.50
2011.11.15 13:01:27.286,0.78054,0.78069,1.50,1.50
2011.11.15 13:01:27.630,0.78057,0.78071,1.50,2.25
2011.11.15 13:01:30.249,0.78054,0.7807,2.25,1.50
2011.11.15 13:01:31.164,0.78056,0.78072,1.50,3.00
2011.11.15 13:01:34.401,0.78056,0.78072,1.50,3.00
2011.11.15 13:01:34.765,0.78054,0.78068,1.50,3.60
2011.11.15 13:01:35.013,0.78051,0.78065,2.25,1.50
2011.11.15 13:01:35.600,0.78053,0.78066,1.50,1.13
2011.11.15 13:01:36.911,0.7805,0.78065,1.50,1.50
2011.11.15 13:01:37.487,0.78049,0.78065,3.00,1.50
2011.11.15 13:01:39.143,0.78053,0.78066,1.50,3.75
2011.11.15 13:01:39.640,0.78053,0.78067,2.25,1.50
2011.11.15 13:01:40.004,0.78056,0.7807,1.50,1.88
2011.11.15 13:01:40.688,0.78056,0.7807,1.50,2.25
2011.11.15 13:01:40.921,0.78052,0.78067,2.25,1.13
2011.11.15 13:01:41.260,0.78052,0.78068,3.00,1.50
2011.11.15 13:01:41.380,0.78055,0.7807,1.50,2.25
2011.11.15 13:01:42.118,0.78055,0.78071,1.50,1.88
2011.11.15 13:01:42.484,0.78055,0.7807,1.50,3.00
2011.11.15 13:01:42.732,0.78057,0.78071,1.50,1.50
2011.11.15 13:01:42.854,0.78059,0.78071,1.50,1.13
2011.11.15 13:01:43.418,0.78059,0.78071,1.50,2.10
2011.11.15 13:01:43.544,0.78054,0.78067,1.50,1.13
2011.11.15 13:01:43.901,0.78054,0.7807,2.25,1.50
2011.11.15 13:01:44.519,0.78055,0.7807,2.25,2.25
2011.11.15 13:01:44.855,0.78058,0.78071,1.50,1.13
2011.11.15 13:01:47.728,0.78058,0.78072,1.50,1.88
2011.11.15 13:01:48.700,0.78058,0.78072,1.50,5.48
2011.11.15 13:01:48.939,0.78058,0.78071,1.50,3.38
2011.11.15 13:01:49.300,0.78054,0.7807,4.50,1.50
2011.11.15 13:01:49.425,0.78056,0.78072,1.50,2.48
2011.11.15 13:01:50.020,0.78056,0.78072,1.50,4.73
2011.11.15 13:01:50.144,0.78054,0.7807,3.00,2.25
2011.11.15 13:01:51.444,0.78056,0.78072,1.50,2.48
2011.11.15 13:01:55.193,0.78056,0.78072,1.50,1.50
2011.11.15 13:01:55.562,0.78059,0.78075,1.50,2.25
2011.11.15 13:01:55.929,0.78063,0.78077,1.50,2.63
2011.11.15 13:01:56.649,0.7806,0.78076,2.25,1.50
2011.11.15 13:01:57.000,0.7806,0.78074,1.50,1.13
2011.11.15 13:01:57.350,0.78062,0.78075,1.50,1.35
2011.11.15 13:01:57.713,0.78065,0.78079,1.50,1.50
2011.11.15 13:01:58.970,0.78065,0.78079,1.88,1.50
2011.11.15 13:01:59.779,0.78065,0.78079,1.50,1.50
2011.11.15 13:02:00.372,0.78065,0.78079,1.50,1.88
2011.11.15 13:02:01.376,0.7806,0.78073,1.50,1.50
2011.11.15 13:02:02.329,0.78059,0.78073,2.25,1.50
2011.11.15 13:02:02.670,0.78062,0.78076,1.50,1.50
2011.11.15 13:02:05.570,0.78064,0.7808,1.50,3.00
2011.11.15 13:02:06.148,0.78064,0.7808,1.50,1.50
2011.11.15 13:02:09.772,0.78065,0.7808,2.63,1.50
2011.11.15 13:02:09.894,0.78067,0.78083,1.50,3.00
2011.11.15 13:02:10.458,0.78066,0.7808,1.13,1.50
2011.11.15 13:02:11.637,0.78064,0.7808,1.88,1.50
2011.11.15 13:02:17.489,0.78064,0.7808,2.25,1.50
2011.11.15 13:02:20.409,0.78066,0.7808,1.88,1.50
2011.11.15 13:02:20.751,0.7807,0.78084,1.50,1.88
2011.11.15 13:02:21.885,0.78067,0.78081,2.25,1.50
2011.11.15 13:02:22.373,0.78066,0.78079,1.50,1.50
2011.11.15 13:02:22.968,0.78066,0.7808,2.25,1.50
2011.11.15 13:02:24.767,0.78069,0.78083,1.50,1.50
2011.11.15 13:02:27.339,0.78066,0.78082,2.63,1.50
2011.11.15 13:02:28.301,0.78068,0.78084,1.50,1.88
2011.11.15 13:02:30.419,0.78072,0.78085,1.50,1.50
2011.11.15 13:02:30.998,0.78072,0.78086,1.50,1.50
2011.11.15 13:02:32.301,0.78069,0.78085,4.13,1.50
2011.11.15 13:02:33.977,0.78072,0.78086,1.50,1.50
2011.11.15 13:02:35.106,0.78072,0.78086,1.50,2.25
2011.11.15 13:02:35.229,0.78068,0.78084,3.00,1.88
2011.11.15 13:02:35.348,0.78068,0.78082,1.50,1.50
2011.11.15 13:02:35.707,0.78066,0.78082,3.00,1.50
2011.11.15 13:02:36.317,0.78066,0.78082,2.25,2.25
2011.11.15 13:02:36.739,0.78067,0.78082,1.13,2.25
2011.11.15 13:02:37.297,0.7807,0.78084,1.50,3.00
2011.11.15 13:02:38.761,0.7807,0.78084,1.50,3.38
2011.11.15 13:02:39.344,0.78072,0.78084,1.50,2.25
2011.11.15 13:02:39.710,0.78077,0.78089,1.50,2.63
2011.11.15 13:02:40.196,0.78077,0.78089,1.50,1.88
2011.11.15 13:02:40.524,0.78077,0.78093,1.50,3.38
2011.11.15 13:02:40.664,0.78081,0.78094,1.35,1.88
2011.11.15 13:02:40.910,0.78081,0.78096,1.35,1.50
2011.11.15 13:02:41.270,0.78085,0.78097,1.50,2.25
2011.11.15 13:02:41.851,0.78084,0.78098,1.50,1.88
2011.11.15 13:02:42.711,0.78082,0.78095,2.25,2.25
2011.11.15 13:02:43.068,0.78078,0.78092,1.50,2.25
2011.11.15 13:02:43.968,0.78078,0.78092,1.50,1.50
2011.11.15 13:02:44.430,0.7808,0.78094,2.25,1.88
2011.11.15 13:02:45.531,0.78078,0.78091,2.25,1.88
2011.11.15 13:02:46.128,0.78077,0.78091,1.50,1.88
2011.11.15 13:02:48.713,0.78077,0.78089,1.50,2.25
2011.11.15 13:02:49.193,0.78077,0.7809,1.50,3.00
2011.11.15 13:02:49.328,0.78074,0.78088,1.50,1.50
2011.11.15 13:02:49.452,0.7807,0.78085,1.50,1.50
2011.11.15 13:02:49.967,0.78069,0.78085,1.88,1.50
2011.11.15 13:02:50.431,0.78068,0.78082,1.13,1.50
2011.11.15 13:02:50.905,0.78068,0.78076,1.13,1.50
2011.11.15 13:02:51.039,0.78065,0.78076,2.25,1.50
2011.11.15 13:02:51.286,0.78062,0.78076,4.13,1.50
2011.11.15 13:02:52.049,0.7806,0.78072,1.13,1.50
2011.11.15 13:02:52.180,0.7806,0.78074,3.00,1.50
2011.11.15 13:02:52.300,0.7806,0.78076,3.00,1.50
2011.11.15 13:02:52.423,0.78061,0.78076,1.13,1.50
2011.11.15 13:02:52.891,0.78062,0.78078,2.25,1.50
2011.11.15 13:02:57.579,0.78062,0.78078,4.35,1.50
2011.11.15 13:02:59.565,0.78065,0.78078,1.50,1.50
2011.11.15 13:02:59.693,0.78069,0.78084,2.25,1.13
2011.11.15 13:03:00.291,0.78072,0.78088,1.50,1.50
2011.11.15 13:03:02.594,0.7807,0.78084,2.25,1.50
2011.11.15 13:03:02.841,0.78071,0.78087,3.38,2.25
2011.11.15 13:03:02.960,0.78071,0.78087,3.00,3.75
2011.11.15 13:03:03.203,0.78069,0.78085,2.25,3.00
2011.11.15 13:03:04.049,0.78069,0.78085,1.50,4.50
2011.11.15 13:03:04.171,0.78069,0.78085,1.50,6.38
2011.11.15 13:03:04.531,0.78063,0.78078,1.88,1.50
2011.11.15 13:03:05.172,0.78062,0.78078,3.00,1.50
2011.11.15 13:03:07.767,0.78066,0.7808,1.50,1.50
2011.11.15 13:03:17.597,0.78063,0.78079,1.50,1.50
2011.11.15 13:03:18.028,0.78065,0.78081,1.50,2.63
2011.11.15 13:03:24.910,0.78069,0.78081,1.50,1.50
2011.11.15 13:03:25.401,0.78069,0.78083,3.00,1.50
2011.11.15 13:03:25.764,0.78072,0.78086,1.50,2.25
2011.11.15 13:03:27.780,0.78073,0.78086,1.50,1.50
2011.11.15 13:03:28.008,0.78075,0.78089,1.50,3.00
2011.11.15 13:03:28.128,0.78072,0.78088,1.88,1.50
2011.11.15 13:03:29.150,0.78069,0.78085,4.13,1.50
2011.11.15 13:03:29.270,0.78069,0.78085,3.38,1.50
2011.11.15 13:03:30.192,0.7807,0.78085,1.88,1.50
2011.11.15 13:03:30.550,0.78074,0.7809,1.50,2.25
2011.11.15 13:03:31.522,0.78072,0.78088,1.50,1.50
2011.11.15 13:03:35.370,0.78074,0.7809,1.50,1.50
2011.11.15 13:03:35.737,0.78078,0.78092,1.50,1.50
2011.11.15 13:03:37.013,0.7808,0.78095,1.50,2.25
2011.11.15 13:03:37.143,0.7808,0.78096,2.25,2.25
2011.11.15 13:03:37.507,0.78083,0.78098,2.25,1.13
2011.11.15 13:03:37.634,0.78083,0.78099,2.25,4.13
2011.11.15 13:03:38.232,0.78083,0.78099,2.25,4.13
2011.11.15 13:03:40.793,0.78083,0.78099,3.00,4.13
2011.11.15 13:03:41.318,0.78083,0.78099,2.25,4.13
2011.11.15 13:03:43.002,0.78082,0.78096,2.25,1.50
2011.11.15 13:03:43.348,0.7808,0.78094,1.50,1.50
2011.11.15 13:03:43.710,0.7808,0.78096,1.50,2.25
2011.11.15 13:03:44.431,0.7808,0.78096,2.25,1.50
2011.11.15 13:03:44.968,0.78083,0.78098,1.50,1.35
2011.11.15 13:03:48.257,0.78083,0.78099,1.50,2.25
2011.11.15 13:03:48.860,0.78084,0.78098,1.50,2.25
2011.11.15 13:03:53.148,0.78082,0.78096,2.25,1.50
2011.11.15 13:03:58.066,0.78085,0.78098,1.50,1.50
2011.11.15 13:03:58.647,0.78085,0.78099,1.50,1.50
2011.11.15 13:03:59.009,0.78081,0.78097,2.85,2.25
2011.11.15 13:03:59.572,0.78081,0.78097,2.10,2.25
2011.11.15 13:04:00.171,0.78081,0.78095,1.50,1.50
2011.11.15 13:04:00.532,0.78079,0.78093,2.25,1.50
2011.11.15 13:04:00.759,0.78081,0.78095,1.50,2.25
2011.11.15 13:04:05.357,0.78083,0.78096,1.50,1.50
2011.11.15 13:04:05.483,0.78083,0.78097,1.50,1.50
2011.11.15 13:04:05.878,0.78083,0.78099,2.25,2.25
2011.11.15 13:04:06.007,0.78086,0.78102,1.50,4.50
2011.11.15 13:04:06.133,0.7809,0.78102,1.50,3.00
2011.11.15 13:04:06.360,0.78088,0.78102,1.50,4.50
2011.11.15 13:04:06.605,0.78088,0.78099,1.50,1.50
2011.11.15 13:04:06.970,0.7809,0.78104,1.50,4.13
2011.11.15 13:04:08.214,0.78093,0.78106,1.50,1.88
2011.11.15 13:04:10.393,0.78095,0.78108,1.50,3.38
2011.11.15 13:04:10.634,0.78095,0.78111,1.50,3.38
2011.11.15 13:04:10.768,0.78095,0.78111,3.00,1.50
2011.11.15 13:04:11.537,0.78098,0.78114,1.50,1.50
2011.11.15 13:04:12.011,0.78101,0.78115,1.50,2.63
2011.11.15 13:04:12.587,0.78101,0.78115,1.50,2.63
2011.11.15 13:04:14.145,0.78098,0.78114,1.50,1.88
2011.11.15 13:04:17.793,0.78101,0.78115,3.75,2.25
2011.11.15 13:04:17.913,0.78097,0.78113,2.25,1.50
2011.11.15 13:04:18.154,0.78095,0.7811,2.25,2.25
2011.11.15 13:04:18.519,0.78099,0.78112,1.50,2.25
2011.11.15 13:04:18.869,0.78095,0.78111,2.25,3.00
2011.11.15 13:04:19.438,0.78095,0.78111,1.50,3.00
2011.11.15 13:04:19.560,0.78095,0.78111,1.50,3.00
2011.11.15 13:04:19.789,0.78095,0.78111,1.50,4.50
2011.11.15 13:04:20.232,0.78093,0.78109,1.50,3.00
2011.11.15 13:04:20.356,0.78096,0.78108,1.50,1.50
2011.11.15 13:04:20.483,0.78093,0.78107,1.50,3.00
2011.11.15 13:04:22.363,0.78096,0.78108,1.50,1.50
2011.11.15 13:04:22.718,0.78101,0.78114,1.50,2.25
2011.11.15 13:04:23.326,0.78102,0.78115,1.50,1.50
2011.11.15 13:04:23.572,0.781,0.78114,1.50,2.25
2011.11.15 13:04:26.530,0.781,0.78114,1.50,3.60
2011.11.15 13:04:27.098,0.781,0.78113,1.50,1.50
2011.11.15 13:04:28.058,0.78096,0.78112,1.50,3.00
2011.11.15 13:04:30.218,0.78099,0.78113,1.50,1.50
2011.11.15 13:04:32.368,0.78099,0.78115,1.50,3.00
2011.11.15 13:04:32.927,0.78099,0.78115,2.25,3.00
2011.11.15 13:04:33.502,0.78103,0.78115,1.50,1.50
2011.11.15 13:04:33.741,0.78103,0.78117,1.50,1.50
2011.11.15 13:04:34.753,0.78103,0.78117,1.50,2.25
2011.11.15 13:04:35.003,0.781,0.78114,1.50,1.50
2011.11.15 13:04:40.076,0.781,0.78113,1.50,1.50
2011.11.15 13:04:40.203,0.78097,0.78111,1.50,1.88
2011.11.15 13:04:41.599,0.78097,0.78111,1.50,2.63
2011.11.15 13:04:42.058,0.78097,0.78109,1.50,2.25
2011.11.15 13:04:42.526,0.78095,0.7811,1.50,1.13
2011.11.15 13:04:44.633,0.78099,0.78112,1.50,1.50
2011.11.15 13:04:44.765,0.78099,0.78113,2.63,3.75
2011.11.15 13:04:45.015,0.78102,0.78116,1.50,4.50
2011.11.15 13:04:45.265,0.78104,0.78116,1.50,1.50
2011.11.15 13:04:45.783,0.78107,0.78117,1.50,1.88
2011.11.15 13:04:46.023,0.78107,0.7812,1.88,1.50
2011.11.15 13:04:46.141,0.7811,0.7812,1.50,1.50
2011.11.15 13:04:46.492,0.7811,0.78124,1.50,3.00
2011.11.15 13:04:50.530,0.78107,0.78123,2.25,2.25
2011.11.15 13:04:52.949,0.78107,0.78123,1.50,2.25
2011.11.15 13:04:53.527,0.78107,0.78123,1.50,2.25
2011.11.15 13:04:54.012,0.78114,0.78123,3.60,2.25
2011.11.15 13:04:54.252,0.78114,0.78124,3.00,1.50
2011.11.15 13:04:54.897,0.78117,0.78133,2.25,2.25
2011.11.15 13:04:55.032,0.78114,0.78128,1.50,1.50
2011.11.15 13:04:55.732,0.78116,0.7813,1.50,1.50
2011.11.15 13:04:59.851,0.78114,0.78128,1.50,1.50
2011.11.15 13:05:03.221,0.78116,0.7813,1.50,1.50
2011.11.15 13:05:10.557,0.78114,0.78128,3.00,1.50
2011.11.15 13:05:19.549,0.78111,0.78125,3.75,1.50
2011.11.15 13:05:20.119,0.78112,0.78128,2.25,1.50
2011.11.15 13:05:35.470,0.78114,0.78128,1.50,1.50
2011.11.15 13:05:35.941,0.78115,0.78131,2.63,3.00
2011.11.15 13:05:36.642,0.78115,0.78128,1.13,1.50
2011.11.15 13:05:36.764,0.78114,0.78128,1.50,1.50
2011.11.15 13:05:37.359,0.78114,0.78128,1.50,2.25
2011.11.15 13:05:38.630,0.78109,0.78124,1.13,1.50
2011.11.15 13:05:39.238,0.78106,0.78121,1.50,1.50
2011.11.15 13:05:39.599,0.78104,0.78117,3.00,1.50
2011.11.15 13:05:40.187,0.78104,0.78117,1.50,1.50
2011.11.15 13:05:42.413,0.78104,0.78117,1.88,1.50
2011.11.15 13:05:42.531,0.78106,0.7812,1.50,2.25
2011.11.15 13:05:42.653,0.78106,0.7812,2.25,1.50
2011.11.15 13:05:43.248,0.78106,0.7812,2.25,1.50
2011.11.15 13:05:43.382,0.78104,0.78117,1.73,1.50
2011.11.15 13:05:44.083,0.78101,0.78115,1.50,1.50
2011.11.15 13:05:44.200,0.78099,0.78114,2.25,1.50
2011.11.15 13:05:44.319,0.78098,0.78112,1.50,1.50
2011.11.15 13:05:44.442,0.78097,0.78112,1.13,1.50
2011.11.15 13:05:45.142,0.78097,0.78112,1.13,1.50
2011.11.15 13:05:45.266,0.78099,0.78112,2.10,1.50
2011.11.15 13:05:45.397,0.78101,0.78114,1.88,1.50
2011.11.15 13:05:45.519,0.78101,0.78114,3.00,1.50
2011.11.15 13:05:46.036,0.78103,0.78119,2.63,1.50
2011.11.15 13:05:51.367,0.78103,0.78117,1.13,1.50
2011.11.15 13:05:58.123,0.78103,0.78117,1.50,1.50
2011.11.15 13:05:58.372,0.78099,0.78113,2.25,1.50
2011.11.15 13:05:59.442,0.78099,0.78113,1.50,1.50
2011.11.15 13:05:59.560,0.78099,0.78113,1.50,2.25
2011.11.15 13:05:59.921,0.78093,0.78109,2.63,1.50
2011.11.15 13:06:00.317,0.78095,0.78111,1.50,3.38
2011.11.15 13:06:00.685,0.78094,0.78108,1.50,1.88
2011.11.15 13:06:01.050,0.7809,0.78106,2.25,1.50
2011.11.15 13:06:01.772,0.7809,0.78106,1.50,2.25
2011.11.15 13:06:02.393,0.7809,0.78106,1.50,2.25
2011.11.15 13:06:04.273,0.7809,0.78106,1.50,1.88
2011.11.15 13:06:05.949,0.78091,0.78106,1.13,1.50
2011.11.15 13:06:06.069,0.78092,0.78108,1.50,1.50
2011.11.15 13:06:10.464,0.78092,0.78108,1.50,2.25
2011.11.15 13:06:10.953,0.78092,0.78103,1.50,1.50
2011.11.15 13:06:11.083,0.7809,0.78103,1.50,1.50
2011.11.15 13:06:11.211,0.78084,0.781,2.25,1.50
2011.11.15 13:06:12.282,0.78087,0.78101,1.50,2.25
2011.11.15 13:06:12.629,0.78089,0.78104,1.50,1.50
2011.11.15 13:06:22.631,0.78088,0.78102,2.25,1.88
2011.11.15 13:06:30.153,0.78089,0.78104,1.50,2.25
2011.11.15 13:06:33.908,0.78088,0.78102,1.50,1.88
2011.11.15 13:06:34.269,0.78085,0.78099,2.25,1.50
2011.11.15 13:06:35.320,0.78087,0.78103,1.50,2.63
2011.11.15 13:06:35.856,0.78087,0.78102,1.50,1.13
2011.11.15 13:06:36.442,0.78087,0.78102,1.50,1.13
2011.11.15 13:06:39.340,0.78087,0.78102,1.50,1.13
2011.11.15 13:06:40.787,0.78087,0.78102,1.50,1.13
2011.11.15 13:06:41.156,0.78087,0.78102,1.50,1.13
2011.11.15 13:06:42.889,0.78084,0.781,3.38,1.50
2011.11.15 13:06:43.253,0.78084,0.781,2.25,1.88
2011.11.15 13:06:43.500,0.78082,0.78096,3.00,1.50
2011.11.15 13:06:43.622,0.78082,0.78096,1.50,1.50
2011.11.15 13:06:46.104,0.78078,0.78094,3.00,1.50
2011.11.15 13:06:46.714,0.78078,0.78094,2.63,2.25
2011.11.15 13:06:47.346,0.78081,0.78095,1.50,2.25
2011.11.15 13:06:47.713,0.78079,0.78093,1.50,1.50
2011.11.15 13:06:51.536,0.7808,0.78096,1.50,4.88
2011.11.15 13:06:54.957,0.7808,0.78096,1.50,2.63
2011.11.15 13:06:56.399,0.7808,0.78096,1.50,2.63
2011.11.15 13:06:56.640,0.78084,0.78096,1.50,1.13
2011.11.15 13:06:57.232,0.78084,0.78098,1.50,2.25
2011.11.15 13:06:57.837,0.78086,0.78102,1.50,2.63
2011.11.15 13:06:58.616,0.78086,0.78102,1.50,1.50
2011.11.15 13:06:59.963,0.78086,0.78099,1.50,1.50
2011.11.15 13:07:00.337,0.78082,0.78096,1.50,2.63
2011.11.15 13:07:00.466,0.78078,0.78094,2.25,1.50
2011.11.15 13:07:01.255,0.78078,0.78094,2.25,1.50
2011.11.15 13:07:02.432,0.78081,0.78095,1.50,2.25
2011.11.15 13:07:03.027,0.78081,0.78095,1.50,1.88
2011.11.15 13:07:04.563,0.78078,0.78094,2.25,1.88
2011.11.15 13:07:05.622,0.78081,0.78095,1.50,1.88
2011.11.15 13:07:06.082,0.78079,0.78093,1.50,1.50
2011.11.15 13:07:07.661,0.78084,0.78098,1.50,1.50
2011.11.15 13:07:08.933,0.78084,0.78098,1.50,2.25
2011.11.15 13:07:09.414,0.78081,0.78097,1.50,1.50
2011.11.15 13:07:11.506,0.78081,0.78097,1.50,2.25
2011.11.15 13:07:12.099,0.78081,0.78097,2.25,1.50
2011.11.15 13:07:17.960,0.78079,0.78094,1.13,1.50
2011.11.15 13:07:18.644,0.78086,0.78095,1.50,1.50
2011.11.15 13:07:18.890,0.78085,0.78097,1.50,1.50
2011.11.15 13:07:19.010,0.78085,0.78099,1.50,1.50
2011.11.15 13:07:19.644,0.78087,0.78101,1.50,2.25
2011.11.15 13:07:20.012,0.78083,0.78097,3.75,1.50
2011.11.15 13:07:20.245,0.78084,0.78099,2.25,3.00
2011.11.15 13:07:20.831,0.78083,0.78099,3.00,1.88
2011.11.15 13:07:21.598,0.78084,0.78099,3.00,1.50
2011.11.15 13:07:22.421,0.78084,0.78098,3.38,1.50
2011.11.15 13:07:22.539,0.78084,0.78096,3.38,1.50
2011.11.15 13:07:24.519,0.78083,0.78096,1.50,1.50
2011.11.15 13:07:25.541,0.78084,0.78098,1.50,1.50
2011.11.15 13:07:26.128,0.78084,0.78098,2.63,1.50
2011.11.15 13:07:26.688,0.78084,0.78098,3.38,1.50
2011.11.15 13:07:28.561,0.78087,0.78101,1.50,1.50
2011.11.15 13:07:34.131,0.78087,0.78101,3.38,1.50
2011.11.15 13:07:34.719,0.78087,0.78101,2.25,1.50
2011.11.15 13:07:35.320,0.78087,0.78101,2.63,1.50
2011.11.15 13:07:35.870,0.7809,0.78104,1.50,1.13
2011.11.15 13:07:36.112,0.7809,0.78105,1.50,2.25
2011.11.15 13:07:36.470,0.78089,0.78105,2.25,3.00
2011.11.15 13:07:36.836,0.78085,0.78099,2.63,1.50
2011.11.15 13:07:37.329,0.78085,0.78096,1.13,1.50
2011.11.15 13:07:37.881,0.78082,0.78096,1.88,1.50
2011.11.15 13:07:38.008,0.78084,0.78096,2.25,1.88
2011.11.15 13:07:38.260,0.7808,0.78094,2.25,1.50
2011.11.15 13:07:38.850,0.7808,0.78094,1.50,1.50
2011.11.15 13:07:39.971,0.78082,0.78096,1.50,2.63
2011.11.15 13:07:40.332,0.78083,0.78099,1.50,1.88
2011.11.15 13:07:40.455,0.78083,0.78099,3.38,1.50
2011.11.15 13:07:42.881,0.78084,0.78099,1.50,2.25
2011.11.15 13:07:43.247,0.7808,0.78091,1.88,1.50
2011.11.15 13:07:43.375,0.7808,0.78093,1.88,1.50
2011.11.15 13:07:43.627,0.7808,0.78096,3.75,2.63
2011.11.15 13:07:44.502,0.7808,0.78095,3.38,1.50
2011.11.15 13:07:44.861,0.78079,0.78094,1.50,1.50
2011.11.15 13:07:45.441,0.78079,0.78094,1.50,1.50
2011.11.15 13:07:46.223,0.78078,0.78094,2.25,2.25
2011.11.15 13:07:46.459,0.78076,0.7809,3.75,1.50
2011.11.15 13:07:47.014,0.78072,0.78083,3.00,3.00
2011.11.15 13:07:47.143,0.78069,0.78083,1.50,3.00
2011.11.15 13:07:47.394,0.78068,0.7808,4.98,1.50
2011.11.15 13:07:47.641,0.78073,0.78087,1.50,2.25
2011.11.15 13:07:47.763,0.78073,0.78086,1.50,1.35
2011.11.15 13:07:47.894,0.78068,0.78082,2.25,1.50
2011.11.15 13:07:48.806,0.78069,0.78082,2.63,1.50
2011.11.15 13:07:49.170,0.78074,0.78087,1.50,2.25
2011.11.15 13:07:49.292,0.7807,0.78086,1.88,1.50
2011.11.15 13:07:49.854,0.7807,0.78086,2.63,1.50
2011.11.15 13:07:49.993,0.7807,0.78081,1.50,1.13
2011.11.15 13:07:50.354,0.78066,0.78079,1.50,1.50
2011.11.15 13:07:50.909,0.78065,0.78079,3.00,1.50
2011.11.15 13:07:51.512,0.78065,0.78079,3.00,1.50
2011.11.15 13:07:51.636,0.78068,0.78082,1.50,1.50
2011.11.15 13:07:52.440,0.7807,0.78084,1.50,2.63
2011.11.15 13:07:56.023,0.78073,0.78087,1.50,3.00
2011.11.15 13:07:56.141,0.78073,0.78088,1.50,1.13
2011.11.15 13:07:56.707,0.78073,0.78089,1.50,2.63
2011.11.15 13:07:56.964,0.78072,0.78082,2.25,1.50
2011.11.15 13:07:57.338,0.78068,0.78082,1.50,1.50
2011.11.15 13:07:58.178,0.78068,0.78082,1.50,3.38
2011.11.15 13:07:59.945,0.78068,0.78082,1.50,2.63
2011.11.15 13:08:00.424,0.7807,0.78085,1.50,1.13
2011.11.15 13:08:01.840,0.78071,0.78086,2.25,2.25
2011.11.15 13:08:01.961,0.78073,0.78089,1.50,2.25
2011.11.15 13:08:02.654,0.78073,0.78089,1.50,3.00
2011.11.15 13:08:03.785,0.78073,0.78087,1.50,2.63
2011.11.15 13:08:04.270,0.78074,0.78083,3.98,1.50
2011.11.15 13:08:04.392,0.78078,0.78092,1.88,1.50
2011.11.15 13:08:04.995,0.78079,0.78092,2.25,1.50
2011.11.15 13:08:05.985,0.78083,0.78097,1.50,1.50
2011.11.15 13:08:06.112,0.78083,0.78097,1.50,1.50
2011.11.15 13:08:06.232,0.78083,0.78099,1.50,1.88
2011.11.15 13:08:07.601,0.78083,0.78098,1.50,1.88
2011.11.15 13:08:08.792,0.78083,0.78099,1.50,1.50
2011.11.15 13:08:09.023,0.78083,0.78098,1.50,1.13
2011.11.15 13:08:09.250,0.78081,0.78097,1.50,2.25
2011.11.15 13:08:09.819,0.78081,0.78097,2.63,1.50
2011.11.15 13:08:10.533,0.78078,0.78094,4.88,1.50
2011.11.15 13:08:10.654,0.78078,0.78094,5.25,1.50
2011.11.15 13:08:10.782,0.78082,0.78096,1.88,2.25
2011.11.15 13:08:10.903,0.78084,0.78098,1.50,2.25
2011.11.15 13:08:11.272,0.78084,0.78098,1.50,1.50
2011.11.15 13:08:12.322,0.78084,0.78098,3.00,1.50
2011.11.15 13:08:12.561,0.78086,0.78102,1.88,2.25
2011.11.15 13:08:14.399,0.78085,0.78099,4.88,1.50
2011.11.15 13:08:15.570,0.78085,0.78098,1.50,1.13
2011.11.15 13:08:16.158,0.78084,0.78098,2.25,1.50
2011.11.15 13:08:16.509,0.78087,0.78101,1.88,3.00
2011.11.15 13:08:18.386,0.78089,0.78104,1.50,1.50
2011.11.15 13:08:29.023,0.78087,0.78103,2.25,1.50
2011.11.15 13:08:29.146,0.7809,0.78104,1.50,1.50
2011.11.15 13:08:35.808,0.7809,0.78102,2.63,1.50
2011.11.15 13:08:36.379,0.7809,0.78102,2.63,1.50
2011.11.15 13:08:36.948,0.7809,0.78102,2.25,1.50
2011.11.15 13:08:37.708,0.78088,0.78102,3.00,1.50
2011.11.15 13:08:37.845,0.78089,0.78105,3.00,1.50
2011.11.15 13:08:39.469,0.78089,0.78104,2.25,1.50
2011.11.15 13:08:39.832,0.7809,0.78103,2.63,1.50
2011.11.15 13:08:40.181,0.78089,0.78103,3.75,1.50
2011.11.15 13:08:40.979,0.7809,0.78103,2.25,1.50
2011.11.15 13:08:41.105,0.7809,0.78106,3.75,1.88
2011.11.15 13:08:41.235,0.78092,0.78107,1.50,2.25
2011.11.15 13:08:41.368,0.78091,0.78105,1.50,1.50
2011.11.15 13:08:41.733,0.78099,0.78113,1.50,2.63
2011.11.15 13:08:41.852,0.78099,0.78113,1.50,1.88
2011.11.15 13:08:42.324,0.78101,0.78114,1.50,1.13
2011.11.15 13:08:42.452,0.78098,0.78114,1.50,2.63
2011.11.15 13:08:42.809,0.78097,0.78111,1.13,1.50
2011.11.15 13:08:45.816,0.78097,0.78109,3.00,1.50
2011.11.15 13:08:45.940,0.78094,0.78109,4.13,1.50
2011.11.15 13:08:57.519,0.78094,0.78105,3.75,1.50
2011.11.15 13:08:58.212,0.78092,0.78105,1.50,1.50
2011.11.15 13:08:59.698,0.78091,0.78104,1.50,1.50
2011.11.15 13:09:00.531,0.78091,0.78103,1.50,1.50
2011.11.15 13:09:00.781,0.78089,0.78099,1.50,1.50
2011.11.15 13:09:00.909,0.78088,0.78099,1.50,1.50
2011.11.15 13:09:01.031,0.78089,0.78099,2.25,1.50
2011.11.15 13:09:01.153,0.78089,0.78101,2.25,1.50
2011.11.15 13:09:02.095,0.78089,0.78101,1.50,1.50
2011.11.15 13:09:02.707,0.78087,0.78101,1.50,1.50
2011.11.15 13:09:05.891,0.78091,0.78105,2.25,2.25
2011.11.15 13:09:06.369,0.78088,0.78102,3.00,1.50
2011.11.15 13:09:06.830,0.78088,0.78102,3.00,1.50
2011.11.15 13:09:09.080,0.78093,0.78102,2.25,1.50
2011.11.15 13:09:09.204,0.78093,0.78104,2.25,1.50
2011.11.15 13:09:12.439,0.78094,0.78104,2.25,1.50
2011.11.15 13:09:12.913,0.78091,0.78104,1.50,1.50
2011.11.15 13:09:13.030,0.78088,0.78103,2.63,1.50
2011.11.15 13:09:13.393,0.78087,0.781,1.50,1.50
2011.11.15 13:09:13.993,0.78087,0.78101,1.50,1.50
2011.11.15 13:09:14.430,0.78085,0.781,2.85,1.50
2011.11.15 13:09:14.556,0.78085,0.781,2.85,1.50
2011.11.15 13:09:15.708,0.78085,0.781,1.35,1.50
2011.11.15 13:09:18.119,0.78085,0.781,2.25,1.50
2011.11.15 13:09:18.739,0.78084,0.781,3.75,1.50
2011.11.15 13:09:29.850,0.78085,0.781,1.50,1.50
2011.11.15 13:09:29.969,0.78084,0.781,4.50,1.50
2011.11.15 13:09:30.690,0.78085,0.781,1.50,1.50
2011.11.15 13:09:31.153,0.78089,0.78103,1.50,2.25
2011.11.15 13:09:31.781,0.78095,0.78105,3.00,1.13
2011.11.15 13:09:31.913,0.78098,0.78112,2.25,2.25
2011.11.15 13:09:32.151,0.78098,0.78112,2.25,1.50
2011.11.15 13:09:33.110,0.78095,0.78109,3.75,1.50
2011.11.15 13:09:35.441,0.78095,0.78109,5.63,1.50
2011.11.15 13:09:35.684,0.78097,0.78112,1.50,1.50
2011.11.15 13:09:35.815,0.78096,0.78109,2.25,1.50
2011.11.15 13:09:36.182,0.78095,0.78104,1.50,1.50
2011.11.15 13:09:36.420,0.78095,0.78107,1.50,1.50
2011.11.15 13:09:36.541,0.78091,0.78106,3.38,1.50
2011.11.15 13:09:36.672,0.78091,0.78104,3.38,1.50
2011.11.15 13:09:38.241,0.78091,0.78104,3.38,1.50
2011.11.15 13:09:40.244,0.78092,0.78104,1.13,1.50
2011.11.15 13:09:40.581,0.78092,0.78108,2.63,1.50
2011.11.15 13:09:40.842,0.78091,0.78105,2.25,1.50
2011.11.15 13:09:42.110,0.7809,0.78102,3.00,1.50
2011.11.15 13:09:42.470,0.7809,0.781,2.25,1.50
2011.11.15 13:09:42.831,0.78087,0.781,1.88,1.50
2011.11.15 13:09:43.430,0.78085,0.781,1.88,1.50
2011.11.15 13:09:46.140,0.78086,0.78102,1.88,1.50
2011.11.15 13:09:46.482,0.78088,0.78102,1.13,1.50
2011.11.15 13:09:46.843,0.7809,0.78104,1.50,1.50
2011.11.15 13:09:47.434,0.78093,0.78109,1.50,4.50
2011.11.15 13:09:48.410,0.7809,0.78104,5.48,1.50
2011.11.15 13:09:48.999,0.7809,0.78104,4.88,1.50
2011.11.15 13:09:49.587,0.7809,0.78104,4.88,1.50
2011.11.15 13:09:53.039,0.78093,0.78107,1.50,1.50
2011.11.15 13:09:55.726,0.78091,0.78106,1.50,1.50
2011.11.15 13:09:56.205,0.78093,0.78106,2.10,1.50
2011.11.15 13:09:56.336,0.78097,0.78111,4.13,1.50
2011.11.15 13:09:56.467,0.781,0.78114,1.50,1.50
2011.11.15 13:09:56.953,0.78102,0.78114,1.88,1.50
2011.11.15 13:09:57.077,0.78104,0.78118,1.50,2.25
2011.11.15 13:09:59.886,0.78104,0.78111,1.50,1.35
2011.11.15 13:10:00.015,0.78101,0.78109,4.50,1.13
2011.11.15 13:10:00.148,0.78099,0.78109,3.00,3.00
2011.11.15 13:10:00.281,0.78097,0.78107,1.50,2.25
2011.11.15 13:10:00.403,0.78099,0.78109,2.25,2.25
2011.11.15 13:10:00.525,0.78099,0.78113,3.75,2.25
2011.11.15 13:10:01.122,0.781,0.78113,1.50,1.13
2011.11.15 13:10:01.486,0.781,0.78113,1.50,5.10
2011.11.15 13:10:02.009,0.78093,0.78108,2.25,1.50
2011.11.15 13:10:02.482,0.7809,0.78106,3.00,1.50
2011.11.15 13:10:02.841,0.7809,0.78106,1.50,3.00
2011.11.15 13:10:03.204,0.78084,0.78099,4.50,1.50
2011.11.15 13:10:03.332,0.78087,0.78101,1.50,2.25
2011.11.15 13:10:04.186,0.78087,0.78101,1.50,1.50
2011.11.15 13:10:05.020,0.78089,0.78104,1.50,2.63
2011.11.15 13:10:05.612,0.78089,0.78105,1.50,2.63
2011.11.15 13:10:06.661,0.78089,0.78105,1.50,2.63
2011.11.15 13:10:09.191,0.78089,0.78104,1.50,1.50
2011.11.15 13:10:09.616,0.78088,0.78102,1.50,1.50
2011.11.15 13:10:20.504,0.78088,0.78101,1.50,1.50
2011.11.15 13:10:20.631,0.78086,0.78099,1.50,1.88
2011.11.15 13:10:21.190,0.78086,0.78096,1.50,4.73
2011.11.15 13:10:21.320,0.78076,0.7809,3.75,1.50
2011.11.15 13:10:22.045,0.78076,0.7809,2.25,1.50
2011.11.15 13:10:23.903,0.78076,0.7809,2.25,1.50
2011.11.15 13:10:24.493,0.78076,0.7809,1.50,1.50
2011.11.15 13:10:25.972,0.78076,0.7809,2.25,1.50
2011.11.15 13:10:26.335,0.78078,0.7809,1.50,1.50
2011.11.15 13:10:26.781,0.78078,0.78092,2.25,1.50
2011.11.15 13:10:30.317,0.78078,0.78092,1.50,1.50
2011.11.15 13:10:34.873,0.78076,0.78091,1.13,1.50
2011.11.15 13:10:41.678,0.78076,0.7809,3.00,2.10
2011.11.15 13:10:41.929,0.78075,0.78087,1.88,1.50
2011.11.15 13:10:42.055,0.78075,0.78087,1.88,2.25
2011.11.15 13:10:42.655,0.78075,0.78087,1.50,2.63
2011.11.15 13:10:42.901,0.78069,0.78085,1.50,1.50
2011.11.15 13:10:43.270,0.78067,0.78083,3.38,1.50
2011.11.15 13:10:45.907,0.78067,0.7808,1.13,1.50
2011.11.15 13:10:46.380,0.78064,0.78079,2.63,1.50
2011.11.15 13:10:46.629,0.78064,0.78076,1.13,1.50
2011.11.15 13:10:46.999,0.78062,0.78076,2.25,4.35
2011.11.15 13:10:47.127,0.78062,0.78073,1.50,1.13
2011.11.15 13:10:47.609,0.78059,0.78073,3.75,1.50
2011.11.15 13:10:50.037,0.78056,0.78071,2.25,1.50
2011.11.15 13:10:50.968,0.78059,0.78073,1.50,3.00
2011.11.15 13:10:52.855,0.78059,0.78073,1.50,2.25
2011.11.15 13:10:53.215,0.78059,0.78068,1.50,2.25
2011.11.15 13:10:53.575,0.78059,0.78073,1.50,3.00
2011.11.15 13:10:54.155,0.78058,0.78074,1.50,2.25
2011.11.15 13:10:55.518,0.78058,0.78074,3.00,2.25
2011.11.15 13:10:57.343,0.78062,0.78076,1.50,3.00
2011.11.15 13:10:57.705,0.78054,0.7807,3.23,3.00
2011.11.15 13:10:57.825,0.78058,0.78071,3.75,2.25
2011.11.15 13:10:57.946,0.78058,0.78072,4.50,2.25
2011.11.15 13:10:58.294,0.78058,0.78072,3.00,1.50
2011.11.15 13:10:58.533,0.78062,0.78076,1.50,2.25
2011.11.15 13:11:01.174,0.78064,0.78077,1.50,3.00
2011.11.15 13:11:01.762,0.78063,0.78077,1.50,1.50
2011.11.15 13:11:03.243,0.78061,0.78075,1.50,1.50
2011.11.15 13:11:05.228,0.78061,0.78073,1.50,1.50
2011.11.15 13:11:05.595,0.78055,0.78065,2.25,1.50
2011.11.15 13:11:06.242,0.78058,0.78065,1.50,1.50
2011.11.15 13:11:06.350,0.78057,0.78073,2.25,3.75
2011.11.15 13:11:06.475,0.78059,0.78073,1.88,1.50
2011.11.15 13:11:06.840,0.78064,0.78074,1.50,1.50
2011.11.15 13:11:07.088,0.78064,0.78078,1.50,2.25
2011.11.15 13:11:07.217,0.78062,0.78078,1.50,2.25
2011.11.15 13:11:13.698,0.78066,0.78079,1.50,2.25
2011.11.15 13:11:18.166,0.78064,0.78078,1.50,2.25
2011.11.15 13:11:19.640,0.78061,0.78075,1.50,1.88
2011.11.15 13:11:19.886,0.78057,0.78073,1.50,1.50
2011.11.15 13:11:20.012,0.78061,0.78073,1.13,1.50
2011.11.15 13:11:20.140,0.78062,0.78076,3.00,3.75
2011.11.15 13:11:20.746,0.78062,0.78076,1.50,1.88
2011.11.15 13:11:21.345,0.78065,0.78078,1.50,1.35
2011.11.15 13:11:25.245,0.78065,0.78075,1.50,1.13
2011.11.15 13:11:25.607,0.78058,0.78074,1.50,3.00
2011.11.15 13:11:25.965,0.78058,0.78072,1.50,1.13
2011.11.15 13:11:27.355,0.78058,0.78071,1.50,1.50
2011.11.15 13:11:27.595,0.78052,0.78068,2.25,1.50
2011.11.15 13:11:28.173,0.78052,0.78068,1.50,2.25
2011.11.15 13:11:32.756,0.78052,0.78062,1.50,2.25
2011.11.15 13:11:32.995,0.78052,0.78065,1.50,3.60
2011.11.15 13:11:33.355,0.78054,0.78067,1.50,1.13
2011.11.15 13:11:35.041,0.78054,0.78064,1.50,1.13
2011.11.15 13:11:35.165,0.78052,0.78064,1.50,1.13
2011.11.15 13:11:39.287,0.78052,0.78066,1.50,3.00
2011.11.15 13:11:39.406,0.78052,0.78066,1.50,2.25
2011.11.15 13:11:39.983,0.78053,0.78068,1.50,2.63
2011.11.15 13:11:40.663,0.78051,0.78067,1.50,1.88
2011.11.15 13:11:42.227,0.78052,0.78067,1.50,1.88
2011.11.15 13:11:42.658,0.7806,0.78069,1.50,1.50
2011.11.15 13:11:42.779,0.7806,0.78073,1.50,1.88
2011.11.15 13:11:43.145,0.78057,0.78073,1.50,3.75
2011.11.15 13:11:44.684,0.78057,0.78071,1.50,1.50
2011.11.15 13:11:45.024,0.78057,0.78073,1.50,4.50
2011.11.15 13:11:50.099,0.78056,0.78069,2.25,1.88
2011.11.15 13:11:50.473,0.7806,0.78073,1.50,1.88
2011.11.15 13:11:51.187,0.7806,0.78074,1.50,3.00
2011.11.15 13:11:52.289,0.78058,0.78072,1.50,1.88
2011.11.15 13:11:57.815,0.7806,0.78073,1.50,1.13
2011.11.15 13:11:58.058,0.78057,0.78073,1.50,2.63
2011.11.15 13:11:58.425,0.7806,0.78073,1.50,1.13
2011.11.15 13:11:58.787,0.78058,0.78073,1.50,2.63
2011.11.15 13:11:59.388,0.78057,0.78073,1.50,2.63
2011.11.15 13:11:59.932,0.7806,0.78073,1.50,1.13
2011.11.15 13:12:02.244,0.78058,0.78072,1.50,1.88
2011.11.15 13:12:02.798,0.78059,0.78074,1.50,1.50
2011.11.15 13:12:05.738,0.78059,0.78073,1.50,1.13
2011.11.15 13:12:06.317,0.7806,0.78073,1.50,1.88
2011.11.15 13:12:06.937,0.78059,0.78072,1.50,1.13
2011.11.15 13:12:07.058,0.78057,0.78072,1.50,1.13
2011.11.15 13:12:12.166,0.78059,0.78072,1.50,1.13
2011.11.15 13:12:12.526,0.78063,0.78077,1.50,2.25
2011.11.15 13:12:15.333,0.78061,0.78075,1.50,1.50
2011.11.15 13:12:16.305,0.78059,0.78072,1.50,1.50
2011.11.15 13:12:16.884,0.78058,0.78072,1.50,1.50
2011.11.15 13:12:17.243,0.78059,0.78075,2.25,1.50
2011.11.15 13:12:18.404,0.78059,0.78075,1.88,1.50
2011.11.15 13:12:21.506,0.78063,0.78077,1.50,1.50
2011.11.15 13:12:28.445,0.78061,0.78075,2.25,1.50
2011.11.15 13:12:30.866,0.78063,0.78079,1.50,3.00
2011.11.15 13:12:40.446,0.78059,0.78075,3.00,2.25
2011.11.15 13:12:40.685,0.78059,0.78073,1.50,1.13
2011.11.15 13:12:40.926,0.78057,0.78071,1.88,1.50
2011.11.15 13:12:41.045,0.78059,0.78075,1.50,1.88
2011.11.15 13:12:41.525,0.78058,0.78073,1.50,1.50
2011.11.15 13:12:42.156,0.78054,0.7807,3.75,1.50
2011.11.15 13:12:43.435,0.78054,0.7807,1.50,1.88
2011.11.15 13:12:43.910,0.78052,0.78067,1.50,1.50
2011.11.15 13:12:44.531,0.78058,0.78072,1.88,2.25
2011.11.15 13:12:45.141,0.78059,0.78075,1.50,2.25
2011.11.15 13:12:45.747,0.78062,0.78076,1.50,1.50
2011.11.15 13:12:45.989,0.78066,0.78079,1.50,2.63
2011.11.15 13:12:46.583,0.78063,0.78079,7.88,1.50
2011.11.15 13:12:47.174,0.78066,0.7808,1.50,1.50
2011.11.15 13:12:47.702,0.78063,0.78077,2.25,1.50
2011.11.15 13:12:48.065,0.78058,0.78072,3.38,1.50
2011.11.15 13:12:48.303,0.78058,0.78072,1.88,1.50
2011.11.15 13:12:48.789,0.7806,0.78073,1.50,1.13
2011.11.15 13:12:48.925,0.78056,0.7807,1.88,1.50
2011.11.15 13:12:49.049,0.78056,0.78072,3.75,2.25
2011.11.15 13:12:49.634,0.78056,0.78072,1.50,3.00
2011.11.15 13:12:49.874,0.78054,0.7807,3.38,1.50
2011.11.15 13:12:50.946,0.78057,0.78071,1.50,2.25
2011.11.15 13:12:53.029,0.78055,0.78069,1.50,1.88
2011.11.15 13:12:53.160,0.78057,0.7807,1.50,1.13
2011.11.15 13:12:53.756,0.78057,0.78071,1.50,1.50
2011.11.15 13:12:58.656,0.78059,0.78073,1.50,1.50
2011.11.15 13:12:58.885,0.78059,0.78075,1.50,3.00
2011.11.15 13:12:59.004,0.78063,0.78075,1.50,1.50
2011.11.15 13:12:59.494,0.78063,0.78077,1.50,3.00
2011.11.15 13:13:00.221,0.78066,0.7808,1.88,4.13
2011.11.15 13:13:00.815,0.78066,0.7808,1.88,2.25
2011.11.15 13:13:03.133,0.78069,0.78083,1.50,4.50
2011.11.15 13:13:05.805,0.78071,0.78083,1.50,1.50
2011.11.15 13:13:11.975,0.78069,0.78084,1.50,1.50
2011.11.15 13:13:13.249,0.78069,0.78081,1.50,1.13
2011.11.15 13:13:13.378,0.78067,0.78079,1.50,1.50
2011.11.15 13:13:14.029,0.78067,0.78078,1.50,1.88
2011.11.15 13:13:15.274,0.78067,0.78079,1.50,1.88
2011.11.15 13:13:16.633,0.78067,0.78079,1.50,3.98
2011.11.15 13:13:16.985,0.78064,0.78078,1.50,1.50
2011.11.15 13:13:17.229,0.78064,0.78078,2.25,1.50
2011.11.15 13:13:17.836,0.78067,0.7808,1.50,1.50
2011.11.15 13:13:17.956,0.78068,0.78084,1.50,3.38
2011.11.15 13:13:19.557,0.78072,0.78084,1.50,1.50
2011.11.15 13:13:19.796,0.78072,0.78086,1.50,3.60
2011.11.15 13:13:20.401,0.78072,0.78086,1.50,3.00
2011.11.15 13:13:21.419,0.7807,0.78085,2.25,1.50
2011.11.15 13:13:21.664,0.78069,0.78085,1.88,1.50
2011.11.15 13:13:23.106,0.78069,0.78085,1.88,1.50
2011.11.15 13:13:24.385,0.78069,0.78085,2.25,1.50
2011.11.15 13:13:27.156,0.78071,0.78087,3.60,3.00
2011.11.15 13:13:27.603,0.78075,0.78089,1.50,2.25
2011.11.15 13:13:27.969,0.78077,0.7809,1.50,1.13
2011.11.15 13:13:28.217,0.78073,0.78087,1.88,1.50
2011.11.15 13:13:28.574,0.78075,0.78089,1.50,2.25
2011.11.15 13:13:28.803,0.78072,0.78088,1.50,3.00
2011.11.15 13:13:28.924,0.78072,0.78088,2.25,3.00
2011.11.15 13:13:29.664,0.78073,0.78087,1.88,1.50
2011.11.15 13:13:30.232,0.78073,0.78087,1.88,1.50
2011.11.15 13:13:30.729,0.78075,0.78089,1.50,2.25
2011.11.15 13:13:31.437,0.78072,0.78088,1.50,2.25
2011.11.15 13:13:31.678,0.7807,0.78084,1.50,1.50
2011.11.15 13:13:32.043,0.78067,0.78081,3.00,1.50
2011.11.15 13:13:33.855,0.78068,0.78083,1.50,1.50
2011.11.15 13:13:37.806,0.78066,0.78082,1.50,2.25
2011.11.15 13:13:39.247,0.78061,0.78076,1.50,1.50
2011.11.15 13:13:39.377,0.78064,0.7808,2.25,3.75
2011.11.15 13:13:39.499,0.78064,0.78079,1.50,2.25
2011.11.15 13:13:39.630,0.78062,0.78077,1.50,1.88
2011.11.15 13:13:40.235,0.78061,0.78077,1.50,1.88
2011.11.15 13:13:40.824,0.78061,0.78077,1.50,1.50
2011.11.15 13:13:43.496,0.78065,0.78079,1.50,2.25
2011.11.15 13:13:47.205,0.78065,0.78079,1.50,3.00
2011.11.15 13:13:47.330,0.78061,0.78077,2.25,1.50
2011.11.15 13:13:47.456,0.78064,0.78077,1.13,1.50
2011.11.15 13:13:47.576,0.78064,0.78079,2.63,1.50
2011.11.15 13:13:47.818,0.78064,0.78079,1.50,1.50
2011.11.15 13:13:48.559,0.78061,0.78075,1.50,1.50
2011.11.15 13:13:48.694,0.78057,0.78071,2.25,1.50
2011.11.15 13:13:49.291,0.78058,0.78071,1.50,1.50
2011.11.15 13:13:49.657,0.78059,0.78075,2.25,2.25
2011.11.15 13:13:50.236,0.78059,0.78075,1.50,1.50
2011.11.15 13:13:51.528,0.78058,0.78072,2.25,1.50
2011.11.15 13:13:51.897,0.78061,0.78075,1.50,1.50
2011.11.15 13:13:52.138,0.78057,0.78073,3.00,1.50
2011.11.15 13:13:54.958,0.7806,0.78074,1.88,1.50
2011.11.15 13:13:55.088,0.78061,0.78076,1.13,1.50
2011.11.15 13:13:55.442,0.78062,0.78078,1.50,1.50
2011.11.15 13:13:56.025,0.78062,0.78078,2.25,1.50
2011.11.15 13:13:57.747,0.78062,0.78078,1.50,1.50
2011.11.15 13:13:58.415,0.78061,0.78076,3.38,1.50
2011.11.15 13:13:59.916,0.78061,0.78076,2.63,1.88
2011.11.15 13:14:00.574,0.7806,0.78076,2.25,1.50
2011.11.15 13:14:07.589,0.78062,0.78078,2.25,2.63
2011.11.15 13:14:07.958,0.78061,0.78074,1.50,1.88
2011.11.15 13:14:08.578,0.7806,0.78074,1.50,1.88
2011.11.15 13:14:09.186,0.7806,0.78072,1.50,2.25
2011.11.15 13:14:09.311,0.78057,0.78069,1.50,2.25
2011.11.15 13:14:09.441,0.78052,0.78067,1.50,1.88
2011.11.15 13:14:09.569,0.78055,0.78067,1.13,1.50
2011.11.15 13:14:09.706,0.78054,0.78068,4.50,1.88
2011.11.15 13:14:10.524,0.78057,0.78064,1.50,1.35
2011.11.15 13:14:10.663,0.78043,0.78057,3.00,1.50
2011.11.15 13:14:11.035,0.78044,0.7806,2.63,2.25
2011.11.15 13:14:11.823,0.78043,0.78057,2.25,1.50
2011.11.15 13:14:12.403,0.7804,0.78056,2.25,1.88
2011.11.15 13:14:14.442,0.7804,0.78056,2.25,1.88
2011.11.15 13:14:16.554,0.7804,0.78056,2.25,1.50
2011.11.15 13:14:17.522,0.78044,0.78058,1.50,2.63
2011.11.15 13:14:19.718,0.78044,0.78058,1.50,3.00
2011.11.15 13:14:20.369,0.78041,0.78055,1.50,1.50
2011.11.15 13:14:20.876,0.78043,0.78058,1.50,1.50
2011.11.15 13:14:22.319,0.78043,0.78058,1.50,1.50
2011.11.15 13:14:22.689,0.78043,0.78049,1.50,1.50
2011.11.15 13:14:23.220,0.78031,0.78045,1.50,2.63
2011.11.15 13:14:23.817,0.7803,0.78044,1.50,1.88
2011.11.15 13:14:24.538,0.78027,0.78043,4.50,1.50
2011.11.15 13:14:25.147,0.7803,0.78044,1.50,3.00
2011.11.15 13:14:25.267,0.78026,0.78038,3.75,1.50
2011.11.15 13:14:25.390,0.78028,0.7804,1.50,2.25
2011.11.15 13:14:25.515,0.78026,0.78038,1.50,1.88
2011.11.15 13:14:25.635,0.78023,0.78038,1.50,1.88
2011.11.15 13:14:26.474,0.78023,0.78038,1.50,1.50
2011.11.15 13:14:26.716,0.78026,0.7804,1.50,3.38
2011.11.15 13:14:28.024,0.78021,0.78036,2.25,1.50
2011.11.15 13:14:28.373,0.7802,0.78036,2.25,1.50
2011.11.15 13:14:28.521,0.7802,0.78033,1.50,1.73
2011.11.15 13:14:29.114,0.78016,0.7803,1.50,1.50
2011.11.15 13:14:29.244,0.78018,0.78032,1.50,3.00
2011.11.15 13:14:29.608,0.78018,0.78032,1.50,1.50
2011.11.15 13:14:29.734,0.7802,0.78032,1.50,1.50
2011.11.15 13:14:30.995,0.7802,0.78032,1.50,1.50
2011.11.15 13:14:31.119,0.78021,0.78034,1.50,1.50
2011.11.15 13:14:32.395,0.78024,0.78035,1.50,1.35
2011.11.15 13:14:33.207,0.78024,0.78037,1.50,2.25
2011.11.15 13:14:33.812,0.78025,0.78038,1.50,1.50
2011.11.15 13:14:34.277,0.78027,0.78041,1.50,3.23
2011.11.15 13:14:34.656,0.78025,0.78039,1.50,1.50
2011.11.15 13:14:35.018,0.78025,0.78039,1.50,3.23
2011.11.15 13:14:36.387,0.78022,0.78036,3.00,2.25
2011.11.15 13:14:38.429,0.78024,0.78038,1.50,3.00
2011.11.15 13:14:39.498,0.78024,0.78038,1.50,1.50
2011.11.15 13:14:39.979,0.78027,0.7804,1.50,1.50
2011.11.15 13:14:41.343,0.78025,0.78039,1.50,2.63
2011.11.15 13:14:41.816,0.78023,0.78039,1.50,2.63
2011.11.15 13:14:41.934,0.78023,0.78037,1.50,2.25
2011.11.15 13:14:42.175,0.78019,0.78033,3.00,1.50
2011.11.15 13:14:42.296,0.78022,0.78033,3.00,1.50
2011.11.15 13:14:42.658,0.78021,0.78033,1.50,1.50
2011.11.15 13:14:42.778,0.78023,0.78036,1.50,1.50
2011.11.15 13:14:42.898,0.78025,0.78038,1.50,1.50
2011.11.15 13:14:48.888,0.78025,0.78036,1.50,3.00
2011.11.15 13:14:49.013,0.78014,0.78029,3.00,1.13
2011.11.15 13:14:49.256,0.78014,0.78029,2.25,1.13
2011.11.15 13:14:49.838,0.78013,0.78027,3.75,1.50
2011.11.15 13:14:50.679,0.78014,0.78029,1.50,1.50
2011.11.15 13:14:52.549,0.78014,0.78029,2.25,1.50
2011.11.15 13:14:53.379,0.78017,0.78029,3.00,1.50
2011.11.15 13:14:53.509,0.78017,0.78032,2.63,1.50
2011.11.15 13:14:53.916,0.78021,0.78032,1.50,1.88
2011.11.15 13:14:54.040,0.78021,0.78034,1.50,2.25
2011.11.15 13:14:54.397,0.78019,0.78033,1.50,3.00
2011.11.15 13:14:54.515,0.78019,0.78033,1.50,4.50
2011.11.15 13:14:54.876,0.78019,0.78028,1.50,2.25
2011.11.15 13:14:54.999,0.78019,0.7803,1.50,1.35
2011.11.15 13:14:55.609,0.78017,0.78029,1.50,1.88
2011.11.15 13:14:55.740,0.78013,0.78029,4.13,1.50
2011.11.15 13:14:56.407,0.78013,0.78024,3.00,1.50
2011.11.15 13:14:56.652,0.78011,0.78025,3.00,2.63
2011.11.15 13:14:57.243,0.78011,0.78025,1.50,1.88
2011.11.15 13:14:57.481,0.78013,0.78025,1.50,1.13
2011.11.15 13:14:57.845,0.78013,0.78024,1.50,2.25
2011.11.15 13:14:58.366,0.7801,0.78023,2.25,2.25
2011.11.15 13:14:58.497,0.7801,0.7802,2.25,1.50
2011.11.15 13:14:58.859,0.78004,0.78014,3.00,1.50
2011.11.15 13:14:58.989,0.78006,0.78016,1.50,1.50
2011.11.15 13:14:59.243,0.78009,0.78023,1.50,3.00
2011.11.15 13:14:59.735,0.78007,0.78022,1.50,2.25
2011.11.15 13:15:00.237,0.78006,0.78017,1.50,1.88
2011.11.15 13:15:00.362,0.78,0.78015,1.50,2.25
2011.11.15 13:15:00.495,0.78,0.78011,1.50,2.85
2011.11.15 13:15:00.862,0.78,0.78015,2.10,3.00
2011.11.15 13:15:00.994,0.78002,0.78016,1.35,3.75
2011.11.15 13:15:01.238,0.78002,0.78011,3.23,2.25
2011.11.15 13:15:01.361,0.78002,0.78016,3.23,1.50
2011.11.15 13:15:01.803,0.78013,0.78023,1.50,1.88
2011.11.15 13:15:02.762,0.78018,0.78026,1.50,1.88
2011.11.15 13:15:03.019,0.78023,0.78032,1.50,5.48
2011.11.15 13:15:03.149,0.78025,0.78036,1.50,1.13
2011.11.15 13:15:03.566,0.78023,0.78037,3.75,3.00
2011.11.15 13:15:04.113,0.78022,0.78037,2.25,3.75
2011.11.15 13:15:04.597,0.78027,0.7804,1.50,1.50
2011.11.15 13:15:05.361,0.78033,0.78042,1.50,3.00
2011.11.15 13:15:05.497,0.78036,0.78049,1.50,3.38
2011.11.15 13:15:06.231,0.78035,0.78048,1.50,1.50
2011.11.15 13:15:06.359,0.78032,0.78046,1.88,1.50
2011.11.15 13:15:06.490,0.78036,0.7805,1.50,3.00
2011.11.15 13:15:06.974,0.78036,0.7805,3.75,2.25
2011.11.15 13:15:07.707,0.78037,0.78049,1.50,1.50
2011.11.15 13:15:07.826,0.78037,0.78049,1.50,1.50
2011.11.15 13:15:08.068,0.78037,0.78049,1.50,1.50
2011.11.15 13:15:08.188,0.78037,0.7805,1.50,1.50
2011.11.15 13:15:10.269,0.78033,0.78049,1.50,2.25
2011.11.15 13:15:10.881,0.78033,0.78048,1.50,2.48
2011.11.15 13:15:11.485,0.78033,0.78048,1.50,1.50
2011.11.15 13:15:12.093,0.78033,0.78048,2.25,1.50
2011.11.15 13:15:12.658,0.78033,0.78048,3.75,1.35
2011.11.15 13:15:12.782,0.78035,0.78047,2.25,2.25
2011.11.15 13:15:13.326,0.78036,0.78044,2.25,1.50
2011.11.15 13:15:13.463,0.78028,0.7804,1.50,1.50
2011.11.15 13:15:13.673,0.7803,0.7804,1.50,1.50
2011.11.15 13:15:14.353,0.78027,0.78038,2.25,1.50
2011.11.15 13:15:14.503,0.78019,0.78034,2.25,2.25
2011.11.15 13:15:14.748,0.78018,0.78034,2.25,1.50
2011.11.15 13:15:14.874,0.78018,0.78034,1.50,2.25
2011.11.15 13:15:14.999,0.78018,0.78032,1.50,1.13
2011.11.15 13:15:15.365,0.78018,0.78032,1.50,1.13
2011.11.15 13:15:15.487,0.78016,0.7803,3.75,1.50
2011.11.15 13:15:15.607,0.78016,0.7803,2.25,1.50
2011.11.15 13:15:15.729,0.78018,0.78032,2.25,2.63
2011.11.15 13:15:16.148,0.78018,0.78032,5.48,2.25
2011.11.15 13:15:16.274,0.78021,0.78035,2.25,1.50
2011.11.15 13:15:16.762,0.78029,0.78037,1.50,2.25
2011.11.15 13:15:17.134,0.78038,0.78048,1.50,1.03
2011.11.15 13:15:17.266,0.78038,0.78053,1.50,1.50
2011.11.15 13:15:17.388,0.78036,0.78052,2.25,2.25
2011.11.15 13:15:18.479,0.78036,0.78052,4.50,2.25
2011.11.15 13:15:18.846,0.7804,0.78052,1.50,1.50
2011.11.15 13:15:19.196,0.7804,0.78055,1.50,3.75
2011.11.15 13:15:19.775,0.78039,0.78055,1.50,3.75
2011.11.15 13:15:19.895,0.78036,0.78052,3.00,1.50
2011.11.15 13:15:20.497,0.78036,0.78052,2.25,1.50
2011.11.15 13:15:21.597,0.78039,0.78053,1.50,1.50
2011.11.15 13:15:21.961,0.78054,0.78062,1.50,2.25
2011.11.15 13:15:22.092,0.78054,0.78066,1.50,1.03
2011.11.15 13:15:22.223,0.78052,0.78066,1.50,1.50
2011.11.15 13:15:23.068,0.78052,0.78066,1.50,3.75
2011.11.15 13:15:23.311,0.7805,0.78063,1.50,1.50
2011.11.15 13:15:23.907,0.78049,0.78063,1.50,1.50
2011.11.15 13:15:24.505,0.78049,0.78061,1.50,1.13
2011.11.15 13:15:24.626,0.78047,0.7806,1.13,2.25
2011.11.15 13:15:24.868,0.78049,0.78062,1.13,2.25
2011.11.15 13:15:25.376,0.78054,0.78068,1.50,2.25
2011.11.15 13:15:25.501,0.78054,0.78068,1.50,2.25
2011.11.15 13:15:28.296,0.78054,0.78068,1.88,2.25
2011.11.15 13:15:28.534,0.78052,0.78066,3.75,1.50
2011.11.15 13:15:28.655,0.78052,0.78066,1.88,1.50
2011.11.15 13:15:29.261,0.78053,0.78068,1.88,2.25
2011.11.15 13:15:29.865,0.78053,0.78068,1.88,2.25
2011.11.15 13:15:34.337,0.78051,0.78067,1.50,1.50
2011.11.15 13:15:34.581,0.7805,0.78063,1.50,1.50
2011.11.15 13:15:35.166,0.78049,0.78063,1.50,1.50
2011.11.15 13:15:35.514,0.78049,0.78063,2.25,1.50
2011.11.15 13:15:35.757,0.78051,0.78065,1.88,3.00
2011.11.15 13:15:36.218,0.78051,0.78065,1.50,2.25
2011.11.15 13:15:36.711,0.78047,0.78061,1.50,2.25
2011.11.15 13:15:37.543,0.78046,0.78062,1.88,2.25
2011.11.15 13:15:38.825,0.78053,0.78062,1.13,1.50
2011.11.15 13:15:38.976,0.78053,0.78069,1.88,2.25
2011.11.15 13:15:39.340,0.78053,0.78069,1.88,1.50
2011.11.15 13:15:48.011,0.78053,0.78068,1.50,1.50
2011.11.15 13:15:48.379,0.78048,0.78062,1.50,3.00
2011.11.15 13:15:48.866,0.78045,0.7806,1.35,1.50
2011.11.15 13:15:49.397,0.78044,0.7806,3.75,1.50
2011.11.15 13:15:49.999,0.78047,0.78062,3.23,1.50
2011.11.15 13:15:50.368,0.7805,0.78066,1.50,3.00
2011.11.15 13:15:50.836,0.78052,0.78066,3.75,1.50
2011.11.15 13:15:51.429,0.78056,0.78067,1.50,1.50
2011.11.15 13:15:51.573,0.78052,0.78067,1.13,2.25
2011.11.15 13:15:52.168,0.78054,0.78068,1.50,1.50
2011.11.15 13:15:52.525,0.78056,0.7807,1.50,3.38
2011.11.15 13:15:53.758,0.78054,0.7807,1.50,2.25
2011.11.15 13:15:54.244,0.78057,0.78071,1.50,4.50
2011.11.15 13:15:54.488,0.78054,0.7807,1.50,1.50
2011.11.15 13:15:56.406,0.78054,0.7807,2.48,1.50
2011.11.15 13:15:56.995,0.78056,0.78072,1.50,2.25
2011.11.15 13:15:57.747,0.78056,0.78072,1.50,1.50
2011.11.15 13:15:57.883,0.78062,0.78076,1.50,3.38
2011.11.15 13:15:58.599,0.78061,0.78075,1.50,2.25
2011.11.15 13:16:00.445,0.78061,0.78075,1.50,3.00
2011.11.15 13:16:01.496,0.78061,0.78075,1.50,2.25
2011.11.15 13:16:01.976,0.78062,0.78075,5.25,1.50
2011.11.15 13:16:02.096,0.78062,0.78078,6.75,1.50
2011.11.15 13:16:02.218,0.78066,0.7808,1.50,2.25
2011.11.15 13:16:05.633,0.78077,0.78086,1.35,2.25
2011.11.15 13:16:05.763,0.78075,0.78084,1.88,1.50
2011.11.15 13:16:05.890,0.78079,0.78085,1.50,1.50
2011.11.15 13:16:06.019,0.78079,0.78095,2.25,1.78
2011.11.15 13:16:06.469,0.78079,0.78095,1.50,3.00
2011.11.15 13:16:07.283,0.78079,0.78095,1.50,3.00
2011.11.15 13:16:08.344,0.78079,0.78094,1.50,1.50
2011.11.15 13:16:08.586,0.78077,0.78091,1.50,2.25
2011.11.15 13:16:09.159,0.78074,0.78088,1.50,2.25
2011.11.15 13:16:14.350,0.78074,0.78088,1.50,3.00
2011.11.15 13:16:14.599,0.78076,0.78089,1.50,2.25
2011.11.15 13:16:14.847,0.78076,0.78091,3.00,2.25
2011.11.15 13:16:15.439,0.78079,0.78094,1.50,2.25
2011.11.15 13:16:17.685,0.78079,0.78093,1.50,1.50
2011.11.15 13:16:17.804,0.78077,0.78091,2.25,1.50
2011.11.15 13:16:20.211,0.78074,0.78088,2.25,1.50
2011.11.15 13:16:20.568,0.78074,0.78088,2.25,1.50
2011.11.15 13:16:21.657,0.78074,0.78088,2.25,3.00
2011.11.15 13:16:23.144,0.78074,0.78088,3.00,3.00
2011.11.15 13:16:23.548,0.78077,0.78091,1.88,2.25
2011.11.15 13:16:23.685,0.78074,0.78088,1.50,1.50
2011.11.15 13:16:24.161,0.78078,0.78088,2.85,1.50
2011.11.15 13:16:24.410,0.78085,0.78098,1.88,2.25
2011.11.15 13:16:24.541,0.78085,0.78094,1.50,1.50
2011.11.15 13:16:24.665,0.78082,0.78094,2.25,1.50
2011.11.15 13:16:25.257,0.7808,0.78094,3.00,2.25
2011.11.15 13:16:27.468,0.78083,0.78097,1.50,4.73
2011.11.15 13:16:28.125,0.78083,0.78096,1.50,1.88
2011.11.15 13:16:28.245,0.7808,0.78093,1.50,1.50
2011.11.15 13:16:28.495,0.7808,0.78094,4.50,2.25
2011.11.15 13:16:28.622,0.78083,0.78097,2.63,3.75
2011.11.15 13:16:28.754,0.78083,0.78097,3.00,1.50
2011.11.15 13:16:29.285,0.78083,0.78097,1.50,1.50
2011.11.15 13:16:31.477,0.78083,0.78097,3.00,1.50
2011.11.15 13:16:31.599,0.78083,0.78097,2.25,2.25
2011.11.15 13:16:31.728,0.78082,0.78096,1.50,2.25
2011.11.15 13:16:32.198,0.78082,0.78095,1.50,1.50
2011.11.15 13:16:32.322,0.78078,0.78093,1.50,2.25
2011.11.15 13:16:33.745,0.78078,0.78093,1.50,1.50
2011.11.15 13:16:33.984,0.78078,0.78093,1.50,1.50
2011.11.15 13:16:34.335,0.78075,0.78091,3.38,3.00
2011.11.15 13:16:34.904,0.78075,0.78091,1.88,3.75
2011.11.15 13:16:35.025,0.78074,0.78087,2.10,1.50
2011.11.15 13:16:36.346,0.78078,0.78087,2.25,1.50
2011.11.15 13:16:36.468,0.78076,0.78092,2.25,3.00
2011.11.15 13:16:36.806,0.78077,0.78092,1.73,1.50
2011.11.15 13:16:37.045,0.78076,0.78092,1.50,2.25
2011.11.15 13:16:39.600,0.78077,0.78092,1.35,2.25
2011.11.15 13:16:39.728,0.7808,0.78093,1.50,1.50
2011.11.15 13:16:39.966,0.78081,0.78095,2.25,3.00
2011.11.15 13:16:40.327,0.78083,0.78099,3.75,3.00
2011.11.15 13:16:40.897,0.78087,0.78101,1.88,2.25
2011.11.15 13:16:41.257,0.7809,0.78104,1.50,4.13
2011.11.15 13:16:42.585,0.7809,0.78104,1.50,3.38
2011.11.15 13:16:44.380,0.7809,0.78104,1.50,3.00
2011.11.15 13:16:44.961,0.7809,0.78104,1.50,1.50
2011.11.15 13:16:47.079,0.7809,0.78104,1.50,2.25
2011.11.15 13:16:48.501,0.7809,0.78104,1.50,1.50
2011.11.15 13:16:57.204,0.78088,0.78102,2.25,1.50
2011.11.15 13:16:57.665,0.78088,0.78102,2.25,2.25
2011.11.15 13:17:00.534,0.78088,0.78102,2.25,1.50
2011.11.15 13:17:01.645,0.78088,0.78102,2.25,2.25
2011.11.15 13:17:02.291,0.78088,0.78102,2.25,1.50
2011.11.15 13:17:02.636,0.78088,0.78102,3.00,1.50
2011.11.15 13:17:02.994,0.78091,0.78102,2.63,1.50
2011.11.15 13:17:03.119,0.78093,0.78107,2.25,2.25
2011.11.15 13:17:04.724,0.78093,0.78107,2.25,2.25
2011.11.15 13:17:05.355,0.78096,0.7811,1.88,3.00
2011.11.15 13:17:05.945,0.78096,0.7811,1.88,2.25
2011.11.15 13:17:06.771,0.78093,0.78105,2.25,1.13
2011.11.15 13:17:07.383,0.78092,0.78106,1.50,1.50
2011.11.15 13:17:09.419,0.78092,0.78104,1.50,2.25
2011.11.15 13:17:09.545,0.78088,0.78102,1.50,2.25
2011.11.15 13:17:11.827,0.78088,0.78102,1.50,2.25
2011.11.15 13:17:33.043,0.78089,0.78104,1.50,1.13
2011.11.15 13:17:33.384,0.78089,0.78104,1.50,1.13
2011.11.15 13:17:33.506,0.78087,0.78103,1.50,1.50
2011.11.15 13:17:34.174,0.78087,0.78103,1.50,2.25
2011.11.15 13:17:35.633,0.78087,0.78103,1.50,1.50
2011.11.15 13:17:37.176,0.78087,0.78103,1.50,2.25
2011.11.15 13:17:37.302,0.7809,0.78104,1.50,3.38
2011.11.15 13:17:40.354,0.7809,0.78104,1.50,3.38
2011.11.15 13:17:43.206,0.7809,0.78104,1.50,2.63
2011.11.15 13:17:43.567,0.7809,0.78101,1.50,1.88
2011.11.15 13:17:43.927,0.78087,0.78101,1.50,4.13
2011.11.15 13:17:48.214,0.78087,0.78101,1.50,2.63
2011.11.15 13:17:48.785,0.78087,0.78101,1.50,3.38
2011.11.15 13:17:50.937,0.78085,0.78099,1.50,1.50
2011.11.15 13:17:52.122,0.78087,0.78101,1.50,3.38
2011.11.15 13:17:52.352,0.78085,0.78099,1.50,1.50
2011.11.15 13:17:53.103,0.78087,0.78101,1.50,4.13
2011.11.15 13:17:58.391,0.78087,0.78101,1.50,2.25
2011.11.15 13:18:02.139,0.78087,0.78101,1.50,3.38
2011.11.15 13:18:03.196,0.78087,0.78101,1.50,2.25
2011.11.15 13:18:03.319,0.7809,0.78103,1.50,1.50
2011.11.15 13:18:03.677,0.78088,0.781,3.00,1.13
2011.11.15 13:18:04.499,0.78087,0.78099,1.50,1.50
2011.11.15 13:18:07.345,0.78085,0.78099,1.50,3.00
2011.11.15 13:18:07.466,0.78085,0.78099,1.50,3.00
2011.11.15 13:18:08.345,0.78081,0.78097,3.38,2.25
2011.11.15 13:18:09.940,0.78084,0.78098,1.50,2.25
2011.11.15 13:18:10.298,0.78085,0.78098,1.50,1.50
2011.11.15 13:18:10.417,0.78087,0.78101,2.25,3.00
2011.11.15 13:18:11.909,0.78087,0.78101,4.35,2.25
2011.11.15 13:18:12.412,0.78093,0.78107,1.50,3.75
2011.11.15 13:18:12.657,0.7809,0.78106,1.50,3.00
2011.11.15 13:18:13.712,0.78092,0.78106,1.50,1.50
2011.11.15 13:18:14.206,0.78092,0.78108,1.50,2.25
2011.11.15 13:18:14.446,0.78092,0.78108,2.25,2.25
2011.11.15 13:18:14.814,0.78095,0.78111,2.63,2.25
2011.11.15 13:18:15.504,0.78095,0.78111,2.63,1.50
2011.11.15 13:18:16.098,0.78095,0.78111,1.88,1.50
2011.11.15 13:18:16.584,0.78098,0.78113,1.50,2.25
2011.11.15 13:18:16.965,0.78108,0.78119,1.35,1.50
2011.11.15 13:18:17.096,0.78111,0.78127,3.00,1.78
2011.11.15 13:18:17.490,0.78111,0.78127,2.25,2.25
2011.11.15 13:18:19.310,0.78109,0.78123,2.25,1.50
2011.11.15 13:18:24.477,0.78111,0.78125,1.50,2.25
2011.11.15 13:18:24.715,0.78111,0.78127,1.50,3.00
2011.11.15 13:18:24.956,0.78112,0.78127,2.25,3.00
2011.11.15 13:18:25.775,0.78112,0.78126,1.50,1.50
2011.11.15 13:18:26.737,0.78112,0.78126,3.00,1.50
2011.11.15 13:18:26.863,0.78112,0.78126,1.50,1.50
2011.11.15 13:18:29.959,0.78112,0.78126,1.50,2.25
2011.11.15 13:18:30.217,0.78109,0.78123,1.50,1.88
2011.11.15 13:18:30.807,0.78109,0.78123,1.50,2.25
2011.11.15 13:18:31.602,0.78109,0.78123,1.50,4.50
2011.11.15 13:18:31.740,0.78106,0.78121,1.13,2.25
2011.11.15 13:18:31.869,0.78109,0.78121,2.10,2.25
2011.11.15 13:18:32.356,0.78109,0.78124,1.35,1.50
2011.11.15 13:18:34.240,0.78108,0.78124,2.48,1.50
2011.11.15 13:18:34.771,0.78108,0.78124,1.88,1.50
2011.11.15 13:18:36.076,0.78108,0.78122,1.50,2.25
2011.11.15 13:18:36.195,0.78105,0.78121,1.88,1.50
2011.11.15 13:18:38.328,0.78109,0.78122,1.50,1.50
2011.11.15 13:18:39.546,0.78109,0.78123,1.50,2.25
2011.11.15 13:18:40.288,0.78109,0.78123,1.50,2.25
2011.11.15 13:18:40.768,0.78109,0.78123,3.60,2.25
2011.11.15 13:18:41.014,0.78111,0.78127,2.48,2.25
2011.11.15 13:18:42.607,0.78115,0.78128,1.50,1.88
2011.11.15 13:18:42.947,0.78115,0.78129,1.88,2.63
2011.11.15 13:18:43.537,0.78115,0.78129,2.63,1.50
2011.11.15 13:18:44.124,0.78115,0.78128,1.50,1.13
2011.11.15 13:18:45.431,0.78115,0.78129,1.50,3.75
2011.11.15 13:18:46.256,0.78115,0.78129,3.00,1.50
2011.11.15 13:18:47.198,0.78117,0.78129,1.50,1.50
2011.11.15 13:18:47.440,0.78118,0.78132,2.25,1.50
2011.11.15 13:18:48.045,0.78118,0.78132,1.50,1.50
2011.11.15 13:18:49.310,0.78118,0.78132,1.88,2.25
2011.11.15 13:18:49.907,0.78115,0.7813,1.50,1.50
2011.11.15 13:18:50.027,0.78117,0.78132,2.25,1.50
2011.11.15 13:18:50.613,0.78117,0.78133,2.25,2.25
2011.11.15 13:18:50.739,0.78117,0.78133,2.25,2.25
2011.11.15 13:18:50.991,0.78117,0.78133,3.00,1.50
2011.11.15 13:18:51.616,0.78117,0.78133,2.25,1.50
2011.11.15 13:18:51.768,0.78117,0.7813,1.50,1.13
2011.11.15 13:18:52.010,0.78112,0.78126,2.25,1.50
2011.11.15 13:18:54.510,0.78112,0.78123,1.50,1.13
2011.11.15 13:18:54.754,0.78105,0.78121,3.38,1.50
2011.11.15 13:18:55.458,0.78109,0.78123,1.50,1.50
2011.11.15 13:18:56.269,0.78109,0.78123,2.25,1.50
2011.11.15 13:18:58.038,0.78108,0.7812,1.50,1.50
2011.11.15 13:18:58.168,0.78105,0.78117,2.25,1.50
2011.11.15 13:18:58.410,0.78103,0.78111,2.63,1.50
2011.11.15 13:18:58.959,0.78099,0.78108,1.88,1.50
2011.11.15 13:18:59.087,0.78098,0.78108,1.88,1.50
2011.11.15 13:18:59.351,0.78106,0.78111,1.50,1.50
2011.11.15 13:18:59.485,0.78103,0.78119,2.63,4.50
2011.11.15 13:19:00.924,0.78102,0.78116,2.25,1.50
2011.11.15 13:19:01.528,0.781,0.78113,1.50,1.50
2011.11.15 13:19:02.004,0.781,0.78116,3.00,1.50
2011.11.15 13:19:03.094,0.781,0.78116,2.63,1.50
2011.11.15 13:19:07.085,0.78099,0.78113,2.25,1.50
2011.11.15 13:19:07.661,0.78099,0.78113,2.63,1.50
2011.11.15 13:19:08.114,0.78101,0.78115,1.50,1.50
2011.11.15 13:19:08.819,0.78099,0.78113,2.25,1.50
2011.11.15 13:19:09.305,0.78096,0.7811,2.25,1.50
2011.11.15 13:19:09.430,0.78092,0.78106,1.50,1.50
2011.11.15 13:19:10.016,0.78092,0.78106,1.50,2.25
2011.11.15 13:19:10.137,0.78089,0.78104,1.50,2.25
2011.11.15 13:19:10.489,0.78089,0.78101,1.50,1.50
2011.11.15 13:19:10.626,0.78085,0.78101,1.50,1.88
2011.11.15 13:19:11.435,0.78084,0.78097,2.25,1.50
2011.11.15 13:19:14.013,0.78083,0.78097,2.25,2.25
2011.11.15 13:19:14.136,0.78083,0.78097,1.50,2.25
2011.11.15 13:19:14.736,0.78082,0.78095,1.50,1.50
2011.11.15 13:19:15.802,0.78085,0.78099,1.50,2.25
2011.11.15 13:19:16.166,0.78082,0.78098,2.25,3.00
2011.11.15 13:19:16.673,0.78082,0.78098,3.00,1.50
2011.11.15 13:19:19.508,0.78082,0.78098,2.25,2.25
2011.11.15 13:19:20.105,0.78082,0.78098,2.25,2.63
2011.11.15 13:19:26.767,0.78082,0.78098,2.25,2.25
2011.11.15 13:19:29.097,0.78082,0.78098,2.25,6.00
2011.11.15 13:19:29.218,0.78082,0.78098,2.25,8.25
2011.11.15 13:19:29.339,0.7808,0.78094,2.25,1.88
2011.11.15 13:19:30.478,0.7808,0.78094,1.50,2.25
2011.11.15 13:19:32.053,0.7808,0.78094,2.25,1.88
2011.11.15 13:19:32.179,0.78082,0.78095,1.50,1.13
2011.11.15 13:19:32.432,0.7808,0.78095,1.50,2.63
2011.11.15 13:19:33.044,0.78079,0.78095,1.50,2.63
2011.11.15 13:19:33.785,0.78079,0.78095,1.50,2.63
2011.11.15 13:19:34.850,0.78079,0.78095,2.63,1.50
2011.11.15 13:19:35.337,0.78079,0.78095,1.50,4.50
2011.11.15 13:19:35.959,0.78077,0.78091,2.10,1.50
2011.11.15 13:19:36.590,0.78078,0.78091,1.35,1.50
2011.11.15 13:19:37.909,0.7808,0.78094,1.13,1.50
2011.11.15 13:19:38.370,0.78082,0.78095,1.50,1.50
2011.11.15 13:19:40.888,0.78079,0.78095,2.63,2.25
2011.11.15 13:19:41.562,0.7808,0.78095,1.50,1.50
2011.11.15 13:19:44.209,0.78083,0.78097,3.98,1.50
2011.11.15 13:19:44.452,0.78089,0.78102,1.50,2.63
2011.11.15 13:19:45.008,0.78089,0.78103,1.50,1.88
2011.11.15 13:19:45.619,0.78089,0.78103,2.25,1.50
2011.11.15 13:19:46.458,0.7809,0.78103,2.25,1.50
2011.11.15 13:19:48.849,0.78089,0.78103,3.00,1.50
2011.11.15 13:19:48.977,0.78087,0.781,1.35,1.50
2011.11.15 13:19:49.564,0.78086,0.781,1.50,1.50
2011.11.15 13:19:49.798,0.78086,0.781,1.50,2.25
2011.11.15 13:19:50.037,0.78086,0.781,1.50,4.50
2011.11.15 13:19:52.908,0.78089,0.78102,1.50,3.23
2011.11.15 13:19:53.266,0.78089,0.78103,2.63,1.50
2011.11.15 13:19:54.063,0.78092,0.78106,1.50,1.50
2011.11.15 13:19:54.318,0.78091,0.78103,1.50,1.50
2011.11.15 13:19:57.054,0.78089,0.78103,1.50,1.50
2011.11.15 13:19:58.776,0.78091,0.78105,1.50,1.50
2011.11.15 13:19:59.018,0.78091,0.78107,2.25,4.50
2011.11.15 13:20:00.238,0.78091,0.78107,1.50,3.00
2011.11.15 13:20:00.836,0.78091,0.78105,1.50,2.63
2011.11.15 13:20:01.075,0.78088,0.78104,1.50,3.00
2011.11.15 13:20:01.439,0.78088,0.78104,2.25,1.50
2011.11.15 13:20:02.065,0.78088,0.78103,2.10,1.50
2011.11.15 13:20:02.487,0.78089,0.78103,3.75,1.50
2011.11.15 13:20:03.097,0.78089,0.78103,1.50,1.50
2011.11.15 13:20:03.448,0.78089,0.78103,1.50,5.10
2011.11.15 13:20:03.808,0.78089,0.78098,1.50,1.50
2011.11.15 13:20:04.054,0.78089,0.78102,1.50,3.38
2011.11.15 13:20:04.691,0.78089,0.78105,1.50,4.88
2011.11.15 13:20:04.938,0.78087,0.78103,1.50,2.25
2011.11.15 13:20:05.183,0.78089,0.78105,1.50,1.50
2011.11.15 13:20:05.535,0.78088,0.78102,1.50,1.50
2011.11.15 13:20:08.945,0.78088,0.78102,3.75,1.50
2011.11.15 13:20:09.192,0.78094,0.78106,1.50,2.25
2011.11.15 13:20:09.317,0.78094,0.78108,1.88,1.50
2011.11.15 13:20:12.786,0.78096,0.7811,1.88,3.75
2011.11.15 13:20:13.372,0.78094,0.78108,2.25,1.50
2011.11.15 13:20:14.897,0.78096,0.7811,1.50,1.50
2011.11.15 13:20:15.255,0.78098,0.78114,1.50,3.00
2011.11.15 13:20:15.377,0.78098,0.78113,1.50,1.50
2011.11.15 13:20:15.848,0.78098,0.78114,2.63,1.50
2011.11.15 13:20:16.937,0.78098,0.78114,2.25,1.50
2011.11.15 13:20:18.117,0.78099,0.78114,1.88,1.50
2011.11.15 13:20:18.687,0.78103,0.78116,1.50,1.50
2011.11.15 13:20:18.825,0.78103,0.78119,3.75,2.25
2011.11.15 13:20:18.954,0.78103,0.78119,1.50,2.25
2011.11.15 13:20:19.199,0.78101,0.78117,1.50,1.50
2011.11.15 13:20:19.568,0.78098,0.78114,1.50,2.25
2011.11.15 13:20:20.266,0.78098,0.78114,5.48,1.50
2011.11.15 13:20:20.880,0.781,0.78116,2.25,1.50
2011.11.15 13:20:21.270,0.78103,0.78119,1.50,2.25
2011.11.15 13:20:21.395,0.78101,0.78117,2.25,1.50
2011.11.15 13:20:21.515,0.78104,0.78118,1.50,3.75
2011.11.15 13:20:22.127,0.78107,0.78121,2.25,3.00
2011.11.15 13:20:22.704,0.78107,0.78121,2.25,2.25
2011.11.15 13:20:23.917,0.78107,0.78121,4.50,1.50
2011.11.15 13:20:24.042,0.78111,0.78125,1.50,2.63
2011.11.15 13:20:24.169,0.78112,0.78126,1.50,1.50
2011.11.15 13:20:24.297,0.78112,0.78124,1.50,1.13
2011.11.15 13:20:24.419,0.7811,0.78124,1.50,1.13
2011.11.15 13:20:24.669,0.7811,0.78126,1.50,1.50
2011.11.15 13:20:25.027,0.7811,0.78126,1.50,3.38
2011.11.15 13:20:26.125,0.7811,0.78124,1.50,1.50
2011.11.15 13:20:26.673,0.78105,0.7812,3.38,1.50
2011.11.15 13:20:26.924,0.78108,0.78124,2.63,1.50
2011.11.15 13:20:27.533,0.78111,0.78125,1.50,1.50
2011.11.15 13:20:27.791,0.78111,0.78127,1.50,2.25
2011.11.15 13:20:28.486,0.78112,0.78128,1.88,2.25
2011.11.15 13:20:29.093,0.78112,0.78128,2.48,1.50
2011.11.15 13:20:29.461,0.78119,0.78133,2.25,3.00
2011.11.15 13:20:29.588,0.78119,0.78133,2.25,1.50
2011.11.15 13:20:31.499,0.78124,0.78136,1.50,3.00
2011.11.15 13:20:31.625,0.78124,0.78138,1.50,2.25
2011.11.15 13:20:32.931,0.78124,0.78137,1.50,1.50
2011.11.15 13:20:33.177,0.78121,0.78135,1.50,1.50
2011.11.15 13:20:33.653,0.78123,0.78137,1.50,1.50
2011.11.15 13:20:34.021,0.78127,0.78141,1.88,2.25
2011.11.15 13:20:34.572,0.78131,0.78143,1.88,1.50
2011.11.15 13:20:34.732,0.7813,0.78144,3.00,1.50
2011.11.15 13:20:35.227,0.78132,0.78147,1.50,1.88
2011.11.15 13:20:35.828,0.78134,0.78148,1.50,1.50
2011.11.15 13:20:36.311,0.78135,0.78151,1.88,2.25
2011.11.15 13:20:36.918,0.78135,0.78151,1.88,1.50
2011.11.15 13:20:37.789,0.78135,0.78151,1.50,2.63
2011.11.15 13:20:38.505,0.78135,0.7815,1.50,1.50
2011.11.15 13:20:38.873,0.7813,0.78144,2.25,1.88
2011.11.15 13:20:39.458,0.78131,0.78144,1.50,1.88
2011.11.15 13:20:39.819,0.78147,0.78153,1.50,2.63
2011.11.15 13:20:40.200,0.78147,0.78154,2.25,2.25
2011.11.15 13:20:40.451,0.78148,0.7816,2.63,1.50
2011.11.15 13:20:40.887,0.78145,0.78157,1.50,1.50
2011.11.15 13:20:41.023,0.78147,0.78161,1.50,3.00
2011.11.15 13:20:41.388,0.78144,0.78159,4.88,1.50
2011.11.15 13:20:41.631,0.78144,0.78156,1.88,1.50
2011.11.15 13:20:41.878,0.7814,0.78156,3.38,1.50
2011.11.15 13:20:42.004,0.7814,0.78153,3.00,1.50
2011.11.15 13:20:42.635,0.7814,0.78154,2.25,2.25
2011.11.15 13:20:42.765,0.7814,0.78154,1.50,2.63
2011.11.15 13:20:43.370,0.78138,0.78152,1.50,2.25
2011.11.15 13:20:43.730,0.78141,0.78154,1.50,1.50
2011.11.15 13:20:43.861,0.78142,0.78158,1.50,2.63
2011.11.15 13:20:44.230,0.78142,0.78155,1.50,2.10
2011.11.15 13:20:44.365,0.7814,0.78152,1.50,1.35
2011.11.15 13:20:44.731,0.78137,0.7815,2.25,1.50
2011.11.15 13:20:45.101,0.78132,0.78146,1.50,1.50
2011.11.15 13:20:45.230,0.78131,0.78141,1.50,1.50
2011.11.15 13:20:45.357,0.78127,0.78141,1.50,1.50
2011.11.15 13:20:45.477,0.78127,0.78139,1.50,2.25
2011.11.15 13:20:45.831,0.78125,0.78139,1.50,3.75
2011.11.15 13:20:45.969,0.78125,0.78139,1.50,1.50
2011.11.15 13:20:46.358,0.78123,0.78137,1.50,1.50
2011.11.15 13:20:47.665,0.78123,0.78137,2.25,1.50
2011.11.15 13:20:47.786,0.78125,0.78139,1.50,3.75
2011.11.15 13:20:48.477,0.78127,0.78142,1.50,2.25
2011.11.15 13:20:48.600,0.78127,0.78143,1.50,2.63
2011.11.15 13:20:49.288,0.78126,0.7814,1.50,1.50
2011.11.15 13:20:50.436,0.78126,0.78138,1.50,2.25
2011.11.15 13:20:50.802,0.78126,0.78137,1.50,1.50
2011.11.15 13:20:50.931,0.78121,0.78134,1.50,1.50
2011.11.15 13:20:52.198,0.78122,0.78134,1.50,1.50
2011.11.15 13:20:52.318,0.78126,0.78142,1.50,3.75
2011.11.15 13:20:52.565,0.78123,0.78138,1.50,1.50
2011.11.15 13:20:52.918,0.78119,0.78133,1.50,1.50
2011.11.15 13:20:53.156,0.78118,0.78131,1.50,1.50
2011.11.15 13:20:53.752,0.78117,0.78131,2.63,1.50
2011.11.15 13:20:53.884,0.78119,0.78133,1.50,1.50
2011.11.15 13:20:54.489,0.78119,0.78133,2.63,1.50
2011.11.15 13:20:55.096,0.78119,0.78133,1.88,1.50
2011.11.15 13:20:55.907,0.78119,0.78133,2.63,1.50
2011.11.15 13:20:56.027,0.78128,0.78139,1.50,1.50
2011.11.15 13:20:56.577,0.7812,0.78134,2.25,1.50
2011.11.15 13:20:56.938,0.78121,0.78137,1.50,3.00
2011.11.15 13:20:58.449,0.78122,0.78137,1.13,2.25
2011.11.15 13:20:59.565,0.78124,0.78137,1.50,1.50
2011.11.15 13:20:59.686,0.78125,0.78141,2.25,1.50
2011.11.15 13:21:00.265,0.78127,0.78143,1.88,2.85
2011.11.15 13:21:00.385,0.78126,0.7814,1.88,1.50
2011.11.15 13:21:00.930,0.78126,0.7814,1.88,1.50
2011.11.15 13:21:02.194,0.78126,0.7814,1.88,3.00
2011.11.15 13:21:02.535,0.78124,0.78137,3.00,1.50
2011.11.15 13:21:03.112,0.78125,0.78139,1.88,2.25
2011.11.15 13:21:03.241,0.78124,0.78137,1.50,1.50
2011.11.15 13:21:03.726,0.78123,0.78137,2.63,1.50
2011.11.15 13:21:04.670,0.78125,0.78137,2.25,1.50
2011.11.15 13:21:04.919,0.78129,0.7814,1.88,2.25
2011.11.15 13:21:05.055,0.78131,0.78145,1.50,3.98
2011.11.15 13:21:05.420,0.78127,0.78143,1.50,2.25
2011.11.15 13:21:06.019,0.78128,0.78143,3.00,1.50
2011.11.15 13:21:06.479,0.7813,0.78146,3.75,1.50
2011.11.15 13:21:06.595,0.78134,0.78148,1.50,1.50
2011.11.15 13:21:06.841,0.78132,0.78145,1.88,1.50
2011.11.15 13:21:06.967,0.78129,0.78145,4.88,1.88
2011.11.15 13:21:07.209,0.7813,0.78145,1.50,1.50
2011.11.15 13:21:07.795,0.78131,0.78145,1.88,1.50
2011.11.15 13:21:07.915,0.78133,0.78149,1.50,3.00
2011.11.15 13:21:08.777,0.78132,0.78146,1.88,1.50
2011.11.15 13:21:09.376,0.78129,0.78144,1.13,1.50
2011.11.15 13:21:11.764,0.78128,0.78143,2.25,3.23
2011.11.15 13:21:12.131,0.78124,0.78136,1.13,1.50
2011.11.15 13:21:12.496,0.7813,0.78144,1.50,2.63
2011.11.15 13:21:12.855,0.78128,0.78141,1.50,1.50
2011.11.15 13:21:13.444,0.78127,0.78141,1.50,1.50
2011.11.15 13:21:13.807,0.78125,0.78139,2.63,1.50
2011.11.15 13:21:14.465,0.78125,0.78135,2.63,1.50
2011.11.15 13:21:14.955,0.78122,0.78135,1.50,1.50
2011.11.15 13:21:15.323,0.78125,0.78135,1.50,1.50
2011.11.15 13:21:15.575,0.78127,0.78141,2.25,1.50
2011.11.15 13:21:15.704,0.7813,0.78144,1.50,4.50
2011.11.15 13:21:16.380,0.7813,0.78144,1.50,1.50
2011.11.15 13:21:16.515,0.78133,0.78146,1.50,1.50
2011.11.15 13:21:17.604,0.7813,0.78144,1.50,1.50
2011.11.15 13:21:17.961,0.78128,0.78142,1.73,1.50
2011.11.15 13:21:20.234,0.78127,0.78141,1.50,1.13
2011.11.15 13:21:20.365,0.78125,0.78139,2.25,2.25
2011.11.15 13:21:20.492,0.78125,0.78136,1.50,1.50
2011.11.15 13:21:20.744,0.78119,0.78132,1.35,1.50
2011.11.15 13:21:21.290,0.78123,0.78137,1.50,2.25
2011.11.15 13:21:23.827,0.78119,0.78135,3.00,1.50
2011.11.15 13:21:24.306,0.78119,0.78135,1.50,2.25
2011.11.15 13:21:25.029,0.78119,0.78135,2.63,2.25
2011.11.15 13:21:25.618,0.78121,0.78135,1.50,1.50
2011.11.15 13:21:26.586,0.78121,0.78137,1.88,1.50
2011.11.15 13:21:27.783,0.78121,0.78137,2.25,1.50
2011.11.15 13:21:29.046,0.78121,0.78137,1.88,1.50
2011.11.15 13:21:30.619,0.78122,0.78137,1.13,1.50
2011.11.15 13:21:30.978,0.78128,0.7814,1.50,1.50
2011.11.15 13:21:31.224,0.78132,0.78148,1.88,3.00
2011.11.15 13:21:31.575,0.78132,0.78148,1.88,4.50
2011.11.15 13:21:31.708,0.78129,0.78145,1.50,1.88
2011.11.15 13:21:32.306,0.78129,0.78145,1.88,1.50
2011.11.15 13:21:34.046,0.78129,0.78145,1.88,1.50
2011.11.15 13:21:36.250,0.78129,0.78145,1.50,1.50
2011.11.15 13:21:36.881,0.78129,0.78145,1.50,3.00
2011.11.15 13:21:37.508,0.78129,0.78144,1.50,3.38
2011.11.15 13:21:38.049,0.78129,0.78143,1.50,1.13
2011.11.15 13:21:38.185,0.78129,0.78145,1.50,2.25
2011.11.15 13:21:38.441,0.78127,0.78141,1.50,1.50
2011.11.15 13:21:41.986,0.78127,0.78141,1.50,2.25
2011.11.15 13:21:42.113,0.78124,0.78139,2.25,2.25
2011.11.15 13:21:42.705,0.78124,0.78138,1.50,1.50
2011.11.15 13:21:44.614,0.7812,0.78136,4.50,1.50
2011.11.15 13:21:46.824,0.78124,0.78138,1.50,1.50
2011.11.15 13:21:50.962,0.78124,0.78138,1.50,4.50
2011.11.15 13:21:51.327,0.78124,0.78134,1.50,1.13
2011.11.15 13:21:51.452,0.7812,0.78132,1.50,1.50
2011.11.15 13:21:51.580,0.78118,0.78129,1.13,1.50
2011.11.15 13:21:51.708,0.78118,0.78134,2.63,2.25
2011.11.15 13:21:52.046,0.78122,0.78134,1.13,1.50
2011.11.15 13:21:52.164,0.78123,0.78136,1.50,1.50
2011.11.15 13:21:52.284,0.78122,0.78136,2.63,1.50
2011.11.15 13:21:52.648,0.78119,0.78135,1.50,1.50
2011.11.15 13:21:53.178,0.78119,0.78135,2.25,1.50
2011.11.15 13:21:53.780,0.78122,0.78136,1.50,1.50
2011.11.15 13:21:53.910,0.7812,0.78135,1.50,1.50
2011.11.15 13:21:54.527,0.78119,0.78135,2.25,1.50
2011.11.15 13:21:55.008,0.78119,0.78135,1.88,1.50
2011.11.15 13:21:55.964,0.78122,0.78136,1.88,3.00
2011.11.15 13:21:58.780,0.78122,0.78136,4.13,1.50
2011.11.15 13:21:58.910,0.78126,0.78138,1.50,1.50
2011.11.15 13:21:59.041,0.78135,0.7814,2.85,1.50
2011.11.15 13:21:59.410,0.78136,0.78142,1.13,3.00
2011.11.15 13:21:59.549,0.78139,0.78155,3.00,2.25
2011.11.15 13:21:59.919,0.78135,0.7815,1.50,1.50
2011.11.15 13:22:00.241,0.78135,0.78148,1.50,1.50
2011.11.15 13:22:00.376,0.78134,0.78148,2.25,1.50
2011.11.15 13:22:00.975,0.78131,0.78147,2.25,1.50
2011.11.15 13:22:01.220,0.7813,0.78142,3.38,1.50
2011.11.15 13:22:01.588,0.78128,0.78142,2.25,1.50
2011.11.15 13:22:01.708,0.78128,0.78142,3.00,1.50
2011.11.15 13:22:02.067,0.78132,0.78146,1.50,1.50
2011.11.15 13:22:02.767,0.7813,0.78144,1.50,1.50
2011.11.15 13:22:03.332,0.78128,0.78144,2.25,1.50
2011.11.15 13:22:03.457,0.78128,0.78144,3.75,1.50
2011.11.15 13:22:03.817,0.78132,0.78147,1.50,2.63
2011.11.15 13:22:04.298,0.78127,0.78141,3.75,1.50
2011.11.15 13:22:05.218,0.7813,0.78141,3.00,1.50
2011.11.15 13:22:05.337,0.78135,0.78146,1.88,3.75
2011.11.15 13:22:05.699,0.78132,0.78146,1.50,1.50
2011.11.15 13:22:05.817,0.78128,0.78144,3.38,1.50
2011.11.15 13:22:06.300,0.7813,0.78146,1.50,1.50
2011.11.15 13:22:07.530,0.78129,0.78143,1.50,1.50
2011.11.15 13:22:08.956,0.78129,0.78143,2.63,1.50
2011.11.15 13:22:09.078,0.78135,0.78149,1.13,3.00
2011.11.15 13:22:09.197,0.78133,0.78148,2.25,1.50
2011.11.15 13:22:09.504,0.78133,0.78148,1.50,2.85
2011.11.15 13:22:09.636,0.78129,0.78144,1.13,1.50
2011.11.15 13:22:11.463,0.7813,0.78146,2.25,3.75
2011.11.15 13:22:13.234,0.7813,0.78146,2.25,3.00
2011.11.15 13:22:13.697,0.78129,0.78143,2.63,1.50
2011.11.15 13:22:14.057,0.78126,0.78141,1.50,1.50
2011.11.15 13:22:14.179,0.78126,0.78141,1.50,1.50
2011.11.15 13:22:15.788,0.78131,0.78141,1.50,1.50
2011.11.15 13:22:16.027,0.78133,0.78141,1.50,1.50
2011.11.15 13:22:16.150,0.78128,0.78144,2.63,1.50
2011.11.15 13:22:18.416,0.78128,0.78144,1.50,1.50
2011.11.15 13:22:19.625,0.78131,0.78145,1.50,2.25
2011.11.15 13:22:20.915,0.78131,0.78145,3.00,1.50
2011.11.15 13:22:22.075,0.78132,0.78145,1.13,1.50
2011.11.15 13:22:22.683,0.78132,0.78145,1.35,1.50
2011.11.15 13:22:22.811,0.78132,0.78146,2.48,1.50
2011.11.15 13:22:23.417,0.78132,0.78146,2.85,1.50
2011.11.15 13:22:23.540,0.78133,0.78149,2.63,1.50
2011.11.15 13:22:23.669,0.78136,0.78151,1.50,1.50
2011.11.15 13:22:23.803,0.78134,0.78149,1.50,1.88
2011.11.15 13:22:23.939,0.78137,0.78145,1.13,1.50
2011.11.15 13:22:24.058,0.78137,0.78149,1.13,1.50
2011.11.15 13:22:24.296,0.78135,0.78149,2.63,1.50
2011.11.15 13:22:24.793,0.78138,0.78152,1.88,1.50
2011.11.15 13:22:25.397,0.78138,0.78152,1.88,1.50
2011.11.15 13:22:25.643,0.78139,0.78155,2.63,3.00
2011.11.15 13:22:25.889,0.78139,0.78155,4.50,2.25
2011.11.15 13:22:26.907,0.78139,0.78154,3.00,1.88
2011.11.15 13:22:27.160,0.78138,0.78152,1.50,1.50
2011.11.15 13:22:27.288,0.78134,0.78147,1.50,1.50
2011.11.15 13:22:27.530,0.78134,0.78148,1.50,1.50
2011.11.15 13:22:28.015,0.78131,0.78145,3.00,1.50
2011.11.15 13:22:29.478,0.78132,0.78145,1.50,1.50
2011.11.15 13:22:29.897,0.78133,0.78149,2.25,1.50
2011.11.15 13:22:30.018,0.78133,0.78149,1.50,1.50
2011.11.15 13:22:31.755,0.78132,0.78147,1.13,1.50
2011.11.15 13:22:33.298,0.78133,0.78147,1.50,1.50
2011.11.15 13:22:33.799,0.78132,0.78147,3.00,1.50
2011.11.15 13:22:35.916,0.78133,0.78149,2.25,3.00
2011.11.15 13:22:36.954,0.78134,0.78149,1.13,1.50
2011.11.15 13:22:37.433,0.78134,0.78145,1.13,1.50
2011.11.15 13:22:37.949,0.78126,0.78141,3.00,1.50
2011.11.15 13:22:38.359,0.78125,0.7814,3.00,1.50
2011.11.15 13:22:38.491,0.78125,0.78137,1.50,1.50
2011.11.15 13:22:38.860,0.78125,0.7814,1.50,2.25
2011.11.15 13:22:39.222,0.78124,0.78137,1.50,1.50
2011.11.15 13:22:39.347,0.78123,0.78137,2.63,1.50
2011.11.15 13:22:40.219,0.78122,0.78136,1.50,1.50
2011.11.15 13:22:40.463,0.78125,0.78139,1.50,3.00
2011.11.15 13:22:40.826,0.78122,0.78138,2.25,1.50
2011.11.15 13:22:41.977,0.78127,0.78142,3.00,1.50
2011.11.15 13:22:42.337,0.78127,0.78143,3.60,1.50
2011.11.15 13:22:42.456,0.7813,0.78146,1.88,3.00
2011.11.15 13:22:42.907,0.78129,0.78143,3.00,1.50
2011.11.15 13:22:43.514,0.7813,0.78146,2.25,2.25
2011.11.15 13:22:43.639,0.78131,0.78146,1.50,2.25
2011.11.15 13:22:43.879,0.78133,0.78149,1.88,2.25
2011.11.15 13:22:44.117,0.78133,0.78149,1.88,3.75
2011.11.15 13:22:44.704,0.78132,0.78146,1.88,1.50
2011.11.15 13:22:46.095,0.78132,0.78146,1.50,1.50
2011.11.15 13:22:46.455,0.78132,0.78144,1.50,1.50
2011.11.15 13:22:48.668,0.78132,0.78144,1.50,1.50
2011.11.15 13:22:49.026,0.78128,0.78141,2.25,1.50
2011.11.15 13:22:50.268,0.78125,0.78141,3.00,1.88
2011.11.15 13:22:50.389,0.78125,0.78137,1.50,1.50
2011.11.15 13:22:50.868,0.78123,0.78137,2.63,1.50
2011.11.15 13:22:51.219,0.78127,0.78141,2.25,4.88
2011.11.15 13:22:51.588,0.78127,0.7814,1.50,3.75
2011.11.15 13:22:51.706,0.78124,0.78138,2.25,1.50
2011.11.15 13:22:52.340,0.78122,0.78135,2.63,1.50
2011.11.15 13:22:52.472,0.78125,0.78138,1.50,2.25
2011.11.15 13:22:52.718,0.78124,0.78138,2.63,1.50
2011.11.15 13:22:53.188,0.78121,0.78135,3.00,1.50
2011.11.15 13:22:56.554,0.78122,0.78135,1.50,1.50
2011.11.15 13:22:56.916,0.78124,0.78135,1.13,1.50
2011.11.15 13:22:57.735,0.78126,0.78135,1.88,1.50
2011.11.15 13:22:58.206,0.78124,0.7814,3.23,1.50
2011.11.15 13:23:00.215,0.78124,0.7814,2.25,1.50
2011.11.15 13:23:00.767,0.78124,0.7814,2.25,2.25
2011.11.15 13:23:00.887,0.78123,0.78137,3.00,1.50
2011.11.15 13:23:01.464,0.78123,0.78137,1.88,1.50
2011.11.15 13:23:01.824,0.7812,0.78135,1.88,1.50
2011.11.15 13:23:02.715,0.78122,0.78135,1.13,1.50
2011.11.15 13:23:02.955,0.78125,0.78139,2.25,1.50
2011.11.15 13:23:03.536,0.78125,0.78139,2.25,1.50
2011.11.15 13:23:04.401,0.78124,0.78137,1.13,1.50
2011.11.15 13:23:04.769,0.78115,0.78131,3.00,1.50
2011.11.15 13:23:04.887,0.78115,0.78131,3.00,1.50
2011.11.15 13:23:05.009,0.78116,0.78131,2.25,1.50
2011.11.15 13:23:05.129,0.78119,0.78133,1.88,1.50
2011.11.15 13:23:05.861,0.78119,0.78133,2.25,1.50
2011.11.15 13:23:06.106,0.78122,0.78137,1.13,2.25
2011.11.15 13:23:06.680,0.78121,0.78136,1.50,1.50
2011.11.15 13:23:06.929,0.78119,0.78133,2.25,1.50
2011.11.15 13:23:07.303,0.78121,0.78136,1.13,1.50
2011.11.15 13:23:07.550,0.7812,0.78136,1.50,1.50
2011.11.15 13:23:07.682,0.78119,0.78132,1.13,1.50
2011.11.15 13:23:09.810,0.78118,0.78131,1.50,3.75
2011.11.15 13:23:09.937,0.78114,0.78128,1.50,1.50
2011.11.15 13:23:10.059,0.78116,0.7813,3.00,1.50
2011.11.15 13:23:10.415,0.78114,0.78128,2.63,1.50
2011.11.15 13:23:10.535,0.78114,0.78128,1.50,1.50
2011.11.15 13:23:10.894,0.78115,0.78128,1.13,1.50
2011.11.15 13:23:11.365,0.78118,0.78128,1.50,1.50
2011.11.15 13:23:11.728,0.78121,0.78131,3.00,1.88
2011.11.15 13:23:11.967,0.78118,0.78132,1.50,1.88
2011.11.15 13:23:12.565,0.78117,0.7813,1.88,1.50
2011.11.15 13:23:13.188,0.78117,0.78133,2.25,3.00
2011.11.15 13:23:14.135,0.78117,0.78133,3.75,1.50
2011.11.15 13:23:14.826,0.78117,0.78133,3.75,1.50
2011.11.15 13:23:15.057,0.78117,0.78133,3.75,1.50
2011.11.15 13:23:16.329,0.78118,0.78133,1.13,1.50
2011.11.15 13:23:16.903,0.78118,0.78133,1.13,1.50
2011.11.15 13:23:19.244,0.78117,0.78133,2.25,1.88
2011.11.15 13:23:19.933,0.78117,0.78133,2.63,1.50
2011.11.15 13:23:20.056,0.78118,0.78133,1.13,1.50
2011.11.15 13:23:21.543,0.78118,0.78133,1.13,1.50
2011.11.15 13:23:25.264,0.78117,0.78133,2.63,1.50
2011.11.15 13:23:25.861,0.78117,0.78133,2.25,1.50
2011.11.15 13:23:26.444,0.78118,0.78133,1.13,1.50
2011.11.15 13:23:26.967,0.78121,0.78135,1.50,2.25
2011.11.15 13:23:27.346,0.78121,0.78135,2.25,2.25
2011.11.15 13:23:27.936,0.78121,0.78135,2.63,1.50
2011.11.15 13:23:32.096,0.78123,0.78139,2.25,1.50
2011.11.15 13:23:37.155,0.78123,0.78139,1.50,2.25
2011.11.15 13:23:37.277,0.78121,0.78135,1.50,1.50
2011.11.15 13:23:43.107,0.78121,0.78135,1.50,5.25
2011.11.15 13:23:43.226,0.78117,0.78133,2.25,1.50
2011.11.15 13:23:44.621,0.7812,0.78136,1.50,3.75
2011.11.15 13:23:45.224,0.7812,0.78136,3.38,1.50
2011.11.15 13:23:46.655,0.7812,0.78136,1.50,2.25
2011.11.15 13:23:47.258,0.7812,0.78132,1.50,2.25
2011.11.15 13:23:47.377,0.78114,0.7813,1.50,2.25
2011.11.15 13:23:47.967,0.78114,0.7813,1.50,4.50
2011.11.15 13:23:48.310,0.78113,0.78126,1.13,1.50
2011.11.15 13:23:48.870,0.78115,0.78129,1.50,1.50
2011.11.15 13:24:03.926,0.78115,0.78129,1.50,2.25
2011.11.15 13:24:07.635,0.78115,0.78129,1.50,1.50
2011.11.15 13:24:08.706,0.78117,0.78132,2.25,2.25
2011.11.15 13:24:09.118,0.78117,0.78133,1.50,3.00
2011.11.15 13:24:09.479,0.78114,0.7813,2.25,1.50
2011.11.15 13:24:10.189,0.78118,0.78132,1.50,2.25
2011.11.15 13:24:10.546,0.7812,0.78133,1.50,1.13
2011.11.15 13:24:12.286,0.7812,0.78133,1.50,1.50
2011.11.15 13:24:12.625,0.78118,0.78132,1.50,2.25
2011.11.15 13:24:16.479,0.78114,0.7813,3.00,1.50
2011.11.15 13:24:17.047,0.78114,0.7813,2.25,2.25
2011.11.15 13:24:17.637,0.78114,0.7813,1.50,3.00
2011.11.15 13:24:17.758,0.78112,0.78126,2.25,1.50
2011.11.15 13:24:20.146,0.78112,0.78126,2.63,1.50
2011.11.15 13:24:20.387,0.78115,0.78129,1.50,2.25
2011.11.15 13:24:22.706,0.78115,0.78128,1.50,1.50
2011.11.15 13:24:23.418,0.78112,0.78127,1.50,1.50
2011.11.15 13:24:24.038,0.78111,0.78127,3.00,1.50
2011.11.15 13:24:25.548,0.78111,0.78127,4.13,1.50
2011.11.15 13:24:26.116,0.78111,0.78127,4.13,2.25
2011.11.15 13:24:26.698,0.78111,0.78127,4.13,2.25
2011.11.15 13:24:29.877,0.78114,0.78127,1.50,1.50
2011.11.15 13:24:30.565,0.78115,0.78131,1.50,1.50
2011.11.15 13:24:31.169,0.78116,0.78132,1.50,3.75
2011.11.15 13:24:32.478,0.78116,0.78131,1.50,1.13
2011.11.15 13:24:32.708,0.78115,0.78129,1.50,1.50
2011.11.15 13:24:33.058,0.78115,0.78131,3.00,1.50
2011.11.15 13:24:35.180,0.78118,0.78132,1.50,2.25
2011.11.15 13:24:35.787,0.78119,0.78133,1.50,1.13
2011.11.15 13:24:36.473,0.7812,0.78133,1.50,1.13
2011.11.15 13:24:36.959,0.78117,0.78131,1.50,1.50
2011.11.15 13:24:40.336,0.78119,0.78133,1.50,1.13
2011.11.15 13:24:40.701,0.78131,0.78141,1.50,1.50
2011.11.15 13:24:40.831,0.78131,0.78145,1.50,3.00
2011.11.15 13:24:41.416,0.78131,0.78145,1.50,2.25
2011.11.15 13:24:41.538,0.78131,0.78145,1.50,3.00
2011.11.15 13:24:41.658,0.78128,0.78144,3.75,1.88
2011.11.15 13:24:42.666,0.78129,0.78144,1.50,5.10
2011.11.15 13:24:43.257,0.78128,0.78144,1.50,5.85
2011.11.15 13:24:43.846,0.78128,0.78142,1.50,1.50
2011.11.15 13:24:47.784,0.78126,0.7814,3.00,1.50
2011.11.15 13:24:48.876,0.78128,0.78142,1.50,1.50
2011.11.15 13:24:49.245,0.78128,0.78139,1.50,1.50
2011.11.15 13:24:49.613,0.78126,0.78139,1.50,3.38
2011.11.15 13:24:49.738,0.78123,0.78137,1.50,1.50
2011.11.15 13:24:50.450,0.78123,0.78137,1.88,1.50
2011.11.15 13:24:50.581,0.78125,0.78141,1.50,4.13
2011.11.15 13:24:51.084,0.78125,0.7814,1.50,2.25
2011.11.15 13:24:51.654,0.78125,0.7814,1.50,1.88
2011.11.15 13:24:52.246,0.78125,0.78141,1.50,2.25
2011.11.15 13:24:53.071,0.78129,0.78141,1.50,1.50
2011.11.15 13:24:53.208,0.7813,0.78142,1.50,1.50
2011.11.15 13:24:53.753,0.7813,0.78145,1.50,1.35
2011.11.15 13:24:53.884,0.78128,0.78144,1.50,1.88
2011.11.15 13:24:54.503,0.78127,0.78143,1.50,1.88
2011.11.15 13:24:54.869,0.7813,0.78143,1.13,1.50
2011.11.15 13:24:54.999,0.78131,0.78145,1.88,1.50
2011.11.15 13:24:56.670,0.78133,0.78147,1.50,1.50
2011.11.15 13:24:56.796,0.78133,0.78149,1.50,1.50
2011.11.15 13:24:58.483,0.78133,0.78149,2.25,1.50
2011.11.15 13:24:58.728,0.78136,0.78151,1.50,2.48
2011.11.15 13:24:58.967,0.78134,0.7815,1.50,2.25
2011.11.15 13:25:00.720,0.78134,0.78147,1.50,2.10
2011.11.15 13:25:00.972,0.78129,0.78143,2.25,1.50
2011.11.15 13:25:01.400,0.78133,0.78149,1.88,1.50
2011.11.15 13:25:02.316,0.78135,0.78149,1.50,1.50
2011.11.15 13:25:02.435,0.78136,0.78152,1.88,2.25
2011.11.15 13:25:02.680,0.78139,0.78155,1.50,3.00
2011.11.15 13:25:03.049,0.78145,0.78158,1.50,1.50
2011.11.15 13:25:03.669,0.78147,0.78161,1.50,1.50
2011.11.15 13:25:03.794,0.78148,0.78164,1.50,2.63
2011.11.15 13:25:04.278,0.78149,0.78164,2.85,1.50
2011.11.15 13:25:04.638,0.78154,0.7817,1.50,2.25
2011.11.15 13:25:06.779,0.78155,0.7817,1.50,2.25
2011.11.15 13:25:07.257,0.78157,0.78172,1.50,3.00
2011.11.15 13:25:09.509,0.78157,0.78172,2.25,1.88
2011.11.15 13:25:09.637,0.78158,0.78173,1.50,1.50
2011.11.15 13:25:10.225,0.7816,0.78174,1.50,4.13
2011.11.15 13:25:11.273,0.78159,0.78172,1.50,3.00
2011.11.15 13:25:11.927,0.7816,0.78175,1.50,2.63
2011.11.15 13:25:12.524,0.7816,0.78175,1.50,1.88
2011.11.15 13:25:13.544,0.78159,0.78173,1.50,1.50
2011.11.15 13:25:14.005,0.78161,0.78175,1.50,3.38
2011.11.15 13:25:14.606,0.78161,0.78174,1.50,1.88
2011.11.15 13:25:15.176,0.78161,0.78175,1.50,1.50
2011.11.15 13:25:16.248,0.78162,0.78175,1.50,1.50
2011.11.15 13:25:16.606,0.78164,0.78175,2.25,1.50
2011.11.15 13:25:16.729,0.78167,0.78181,1.50,1.88
2011.11.15 13:25:21.836,0.7817,0.78182,1.50,1.88
2011.11.15 13:25:22.443,0.78173,0.78182,1.50,1.88
2011.11.15 13:25:22.571,0.78173,0.78185,1.50,1.88
2011.11.15 13:25:22.817,0.78175,0.78186,1.50,1.88
2011.11.15 13:25:23.326,0.78173,0.78189,1.88,1.50
2011.11.15 13:25:23.576,0.78176,0.78189,1.50,1.50
2011.11.15 13:25:23.947,0.78183,0.78191,1.50,1.50
2011.11.15 13:25:24.078,0.78183,0.78196,1.50,1.50
2011.11.15 13:25:24.201,0.78183,0.78196,1.50,1.50
2011.11.15 13:25:24.456,0.78187,0.782,1.50,2.25
2011.11.15 13:25:24.582,0.78185,0.782,2.25,2.25
2011.11.15 13:25:25.298,0.78185,0.782,2.25,1.88
2011.11.15 13:25:25.885,0.78185,0.782,3.00,1.88
2011.11.15 13:25:27.087,0.78185,0.78201,3.38,1.50
2011.11.15 13:25:29.266,0.78186,0.78201,1.13,1.50
2011.11.15 13:25:29.386,0.78187,0.78203,1.88,2.25
2011.11.15 13:25:29.617,0.78187,0.78203,2.63,2.10
2011.11.15 13:25:29.982,0.78188,0.78201,1.13,1.50
2011.11.15 13:25:30.339,0.78188,0.78203,1.13,1.50
2011.11.15 13:25:32.928,0.78189,0.78203,1.50,1.50
2011.11.15 13:25:33.050,0.7819,0.78206,2.25,1.50
2011.11.15 13:25:33.629,0.78189,0.78203,3.00,1.50
2011.11.15 13:25:33.872,0.78192,0.78207,1.13,1.50
2011.11.15 13:25:34.001,0.78195,0.78209,1.50,5.25
2011.11.15 13:25:35.688,0.782,0.78209,1.13,3.00
2011.11.15 13:25:35.806,0.782,0.78211,1.13,3.75
2011.11.15 13:25:36.291,0.78194,0.78209,1.50,2.63
2011.11.15 13:25:36.893,0.78193,0.78209,3.00,2.25
2011.11.15 13:25:37.023,0.78193,0.78209,3.00,3.38
2011.11.15 13:25:37.746,0.78194,0.78209,1.50,1.50
2011.11.15 13:25:38.115,0.78201,0.78209,1.13,1.50
2011.11.15 13:25:38.363,0.78201,0.78215,1.13,1.50
2011.11.15 13:25:38.729,0.78199,0.78213,1.50,1.50
2011.11.15 13:25:39.088,0.782,0.78213,1.50,2.25
2011.11.15 13:25:39.206,0.78199,0.78214,3.00,3.38
2011.11.15 13:25:39.785,0.78199,0.78215,2.25,2.25
2011.11.15 13:25:41.716,0.78198,0.78212,3.38,1.50
2011.11.15 13:25:42.079,0.782,0.78214,3.00,1.50
2011.11.15 13:25:42.434,0.78199,0.78212,1.50,1.50
2011.11.15 13:25:43.477,0.782,0.78212,1.88,1.50
2011.11.15 13:25:43.597,0.782,0.78215,1.88,1.50
2011.11.15 13:25:44.061,0.782,0.78211,1.13,1.50
2011.11.15 13:25:47.926,0.78195,0.78209,3.00,1.50
2011.11.15 13:25:49.489,0.78195,0.78209,2.25,2.25
2011.11.15 13:25:49.858,0.78194,0.78201,2.25,1.50
2011.11.15 13:25:49.984,0.78185,0.78201,1.50,1.88
2011.11.15 13:25:50.118,0.78184,0.78197,3.38,2.25
2011.11.15 13:25:50.662,0.78183,0.78197,2.25,1.50
2011.11.15 13:25:51.030,0.78181,0.78194,1.13,1.50
2011.11.15 13:25:52.358,0.78177,0.78188,1.50,1.35
2011.11.15 13:25:52.612,0.78171,0.78185,1.50,1.50
2011.11.15 13:25:53.813,0.78175,0.78186,1.50,2.25
2011.11.15 13:25:53.942,0.78178,0.78194,1.50,3.00
2011.11.15 13:25:54.073,0.78181,0.78195,1.50,1.50
2011.11.15 13:25:54.487,0.78187,0.78197,1.35,2.25
2011.11.15 13:25:55.103,0.78187,0.78201,2.25,1.50
2011.11.15 13:25:55.676,0.7819,0.78204,1.50,3.75
2011.11.15 13:25:57.160,0.78192,0.78207,1.50,1.50
2011.11.15 13:25:57.528,0.78199,0.78208,1.50,2.63
2011.11.15 13:25:57.648,0.78199,0.78208,1.50,2.63
2011.11.15 13:25:57.888,0.78199,0.78211,1.50,2.63
2011.11.15 13:25:58.126,0.78196,0.7821,1.50,1.50
2011.11.15 13:25:59.603,0.78196,0.78206,1.50,3.00
2011.11.15 13:25:59.853,0.78196,0.78206,1.50,1.50
2011.11.15 13:25:59.989,0.78192,0.78208,1.50,2.25
2011.11.15 13:26:00.576,0.78192,0.78208,1.50,1.50
2011.11.15 13:26:01.048,0.78193,0.78208,2.25,1.50
2011.11.15 13:26:01.407,0.78196,0.7821,1.50,1.50
2011.11.15 13:26:01.926,0.78196,0.7821,1.50,1.88
2011.11.15 13:26:02.289,0.78193,0.78207,3.00,1.50
2011.11.15 13:26:03.569,0.78193,0.78207,1.50,1.50
2011.11.15 13:26:04.172,0.78189,0.78205,3.00,1.50
2011.11.15 13:26:04.303,0.78189,0.78205,2.25,1.50
2011.11.15 13:26:04.991,0.78192,0.78205,2.25,1.50
2011.11.15 13:26:05.119,0.78195,0.78211,1.50,3.00
2011.11.15 13:26:05.476,0.78195,0.78209,1.50,2.48
2011.11.15 13:26:06.076,0.78194,0.78208,1.50,1.50
2011.11.15 13:26:07.760,0.78196,0.78208,1.13,1.50
2011.11.15 13:26:08.695,0.78195,0.78208,1.13,1.50
2011.11.15 13:26:09.058,0.78192,0.78206,2.25,1.50
2011.11.15 13:26:09.412,0.78192,0.78201,2.25,1.50
2011.11.15 13:26:09.661,0.78189,0.78201,1.50,1.50
2011.11.15 13:26:09.792,0.78189,0.78198,1.50,1.50
2011.11.15 13:26:10.186,0.78184,0.78198,1.50,1.50
2011.11.15 13:26:10.775,0.78185,0.78199,2.25,1.50
2011.11.15 13:26:13.414,0.78185,0.78199,2.63,1.50
2011.11.15 13:26:14.231,0.78188,0.78201,1.50,1.50
2011.11.15 13:26:14.349,0.78188,0.78203,1.88,3.00
2011.11.15 13:26:14.470,0.78187,0.78203,1.50,3.75
2011.11.15 13:26:14.606,0.78185,0.78201,1.50,1.88
2011.11.15 13:26:17.657,0.78183,0.78198,1.50,1.50
2011.11.15 13:26:18.321,0.78184,0.78198,2.10,1.50
2011.11.15 13:26:18.920,0.78185,0.78199,2.10,1.50
2011.11.15 13:26:19.288,0.78189,0.78199,1.88,1.50
2011.11.15 13:26:19.409,0.7819,0.78204,1.50,1.88
2011.11.15 13:26:21.549,0.7819,0.78204,1.88,2.25
2011.11.15 13:26:21.678,0.7819,0.78203,1.50,2.85
2011.11.15 13:26:22.038,0.7819,0.78199,1.50,1.50
2011.11.15 13:26:22.159,0.78186,0.78197,1.50,2.63
2011.11.15 13:26:22.277,0.7818,0.78192,1.50,1.50
2011.11.15 13:26:22.737,0.7818,0.78194,2.25,1.50
2011.11.15 13:26:23.745,0.7818,0.78194,1.50,1.50
2011.11.15 13:26:25.959,0.78181,0.78197,2.25,1.50
2011.11.15 13:26:26.572,0.78184,0.78198,1.50,1.50
2011.11.15 13:26:26.939,0.78181,0.78197,1.50,2.25
2011.11.15 13:26:27.644,0.78179,0.78195,1.50,1.50
2011.11.15 13:26:28.266,0.78181,0.78197,2.63,2.25
2011.11.15 13:26:28.772,0.78181,0.78197,2.25,1.50
2011.11.15 13:26:29.140,0.78178,0.78194,2.25,2.25
2011.11.15 13:26:29.508,0.78182,0.78196,1.50,3.00
2011.11.15 13:26:32.769,0.78182,0.78196,1.50,1.50
2011.11.15 13:26:33.487,0.78179,0.78195,3.00,1.50
2011.11.15 13:26:40.636,0.78179,0.78195,1.50,3.00
2011.11.15 13:26:42.625,0.78182,0.78196,1.50,3.75
2011.11.15 13:26:44.079,0.7818,0.78194,3.75,1.50
2011.11.15 13:26:44.197,0.7818,0.78194,2.25,1.50
2011.11.15 13:26:47.338,0.7818,0.78194,2.25,3.38
2011.11.15 13:26:47.700,0.78177,0.78191,2.25,1.50
2011.11.15 13:26:48.491,0.7818,0.78194,1.50,2.25
2011.11.15 13:26:48.628,0.78178,0.78191,2.25,1.88
2011.11.15 13:26:48.867,0.78173,0.78189,4.50,3.00
2011.11.15 13:26:49.231,0.7817,0.78186,4.13,1.50
2011.11.15 13:26:50.498,0.78172,0.78187,2.25,2.25
2011.11.15 13:26:50.860,0.7817,0.78186,3.38,2.25
2011.11.15 13:26:51.343,0.7817,0.78184,1.50,2.63
2011.11.15 13:26:51.470,0.78167,0.78183,2.25,1.50
2011.11.15 13:26:52.074,0.78167,0.78183,2.25,1.50
2011.11.15 13:26:52.436,0.78167,0.78182,2.25,1.50
2011.11.15 13:26:52.916,0.78164,0.7818,1.50,2.25
2011.11.15 13:26:53.037,0.78164,0.78179,1.50,1.50
2011.11.15 13:26:53.399,0.78162,0.78176,2.25,3.00
2011.11.15 13:26:54.143,0.78162,0.78176,1.50,3.00
2011.11.15 13:26:56.199,0.78158,0.78174,4.13,2.25
2011.11.15 13:26:56.797,0.78161,0.78175,1.50,2.25
2011.11.15 13:26:57.321,0.78161,0.78175,1.50,3.00
2011.11.15 13:26:57.919,0.78158,0.78173,1.88,2.25
2011.11.15 13:26:59.778,0.78161,0.78174,1.50,2.25
2011.11.15 13:27:00.454,0.78158,0.78172,3.00,1.50
2011.11.15 13:27:00.585,0.78157,0.78172,1.50,1.50
2011.11.15 13:27:01.175,0.78156,0.78172,2.25,1.50
2011.11.15 13:27:02.576,0.78155,0.78168,1.50,1.50
2011.11.15 13:27:02.700,0.78153,0.78168,1.50,1.50
2011.11.15 13:27:02.950,0.78151,0.78164,1.88,1.50
2011.11.15 13:27:03.696,0.78153,0.78164,1.13,1.50
2011.11.15 13:27:03.845,0.7815,0.78164,1.50,1.50
2011.11.15 13:27:04.440,0.78149,0.78165,1.88,2.25
2011.11.15 13:27:04.689,0.78147,0.78161,3.00,1.50
2011.11.15 13:27:05.266,0.78144,0.78158,1.50,1.50
2011.11.15 13:27:07.456,0.78147,0.7816,1.50,1.50
2011.11.15 13:27:07.820,0.78149,0.78163,1.50,2.25
2011.11.15 13:27:08.424,0.78149,0.78163,1.50,1.50
2011.11.15 13:27:10.908,0.78149,0.78163,3.60,1.50
2011.11.15 13:27:11.148,0.78155,0.78168,1.50,1.88
2011.11.15 13:27:11.509,0.78155,0.78169,2.25,1.50
2011.11.15 13:27:12.111,0.78154,0.78168,1.13,1.50
2011.11.15 13:27:12.725,0.78154,0.7817,2.25,1.50
2011.11.15 13:27:14.148,0.78154,0.7817,1.50,1.50
2011.11.15 13:27:14.269,0.78153,0.78167,2.25,1.50
2011.11.15 13:27:14.825,0.78153,0.78167,2.25,1.50
2011.11.15 13:27:15.540,0.78153,0.78167,1.50,1.50
2011.11.15 13:27:16.466,0.78153,0.78167,2.25,1.50
2011.11.15 13:27:16.590,0.78155,0.78171,2.63,2.25
2011.11.15 13:27:16.840,0.78157,0.78173,1.50,2.25
2011.11.15 13:27:17.395,0.78157,0.78173,1.50,2.25
2011.11.15 13:27:19.324,0.78161,0.78175,1.50,2.25
2011.11.15 13:27:22.398,0.78164,0.78178,1.50,2.25
2011.11.15 13:27:22.870,0.78167,0.7818,1.50,1.50
2011.11.15 13:27:23.388,0.78167,0.78181,1.50,2.25
2011.11.15 13:27:23.759,0.78167,0.7818,1.50,1.50
2011.11.15 13:27:23.880,0.78167,0.78181,1.50,2.25
2011.11.15 13:27:24.008,0.78165,0.7818,1.50,1.50
2011.11.15 13:27:24.574,0.78164,0.7818,1.88,1.50
2011.11.15 13:27:24.813,0.78162,0.78176,4.50,1.50
2011.11.15 13:27:25.176,0.78161,0.78173,1.50,1.50
2011.11.15 13:27:25.415,0.78162,0.78175,1.50,1.50
2011.11.15 13:27:25.535,0.78163,0.78179,1.50,1.50
2011.11.15 13:27:26.058,0.78163,0.78178,1.50,2.10
2011.11.15 13:27:26.186,0.78161,0.78177,2.25,1.50
2011.11.15 13:27:27.486,0.78166,0.78177,1.13,1.50
2011.11.15 13:27:28.089,0.78162,0.78177,1.50,2.63
2011.11.15 13:27:29.058,0.78162,0.78178,1.50,3.38
2011.11.15 13:27:29.528,0.78162,0.78178,1.50,2.25
2011.11.15 13:27:29.757,0.78163,0.78178,1.50,1.50
2011.11.15 13:27:30.225,0.78162,0.78178,2.25,1.50
2011.11.15 13:27:31.269,0.78162,0.78178,3.00,2.25
2011.11.15 13:27:31.506,0.78166,0.78179,1.50,2.25
2011.11.15 13:27:31.844,0.78166,0.78179,1.50,2.25
2011.11.15 13:27:32.611,0.78162,0.78178,1.50,1.50
2011.11.15 13:27:33.188,0.78162,0.78178,2.25,1.50
2011.11.15 13:27:35.716,0.78163,0.78178,1.13,1.50
2011.11.15 13:27:36.253,0.78162,0.78178,1.50,1.88
2011.11.15 13:27:38.663,0.78162,0.78178,2.25,1.88
2011.11.15 13:27:39.027,0.78166,0.7818,1.50,1.50
2011.11.15 13:27:39.614,0.78164,0.7818,2.63,1.50
2011.11.15 13:27:39.956,0.78167,0.78181,1.50,2.25
2011.11.15 13:27:42.758,0.78165,0.78179,1.50,1.50
2011.11.15 13:27:46.866,0.78165,0.78179,1.50,3.00
2011.11.15 13:27:46.988,0.78163,0.78177,2.25,2.25
2011.11.15 13:27:47.460,0.78161,0.78177,1.50,2.63
2011.11.15 13:27:47.589,0.78159,0.78173,3.75,1.50
2011.11.15 13:27:48.409,0.7816,0.78176,1.50,3.75
2011.11.15 13:27:48.836,0.78158,0.78173,1.50,1.50
2011.11.15 13:27:48.962,0.78157,0.78173,1.50,1.50
2011.11.15 13:27:49.677,0.78157,0.78173,1.50,2.25
2011.11.15 13:27:50.236,0.78157,0.78173,1.50,2.63
2011.11.15 13:27:50.356,0.78156,0.7817,1.50,1.50
2011.11.15 13:27:52.783,0.78156,0.7817,1.50,3.00
2011.11.15 13:27:52.913,0.78156,0.7817,1.50,6.00
2011.11.15 13:27:53.043,0.78162,0.7817,1.50,3.00
2011.11.15 13:27:53.172,0.78159,0.78173,1.50,3.00
2011.11.15 13:27:53.304,0.78159,0.78169,1.50,1.50
2011.11.15 13:27:53.905,0.78153,0.78167,1.50,2.25
2011.11.15 13:27:54.257,0.78153,0.78167,1.50,1.50
2011.11.15 13:27:54.845,0.78153,0.78167,1.50,1.88
2011.11.15 13:27:55.396,0.78151,0.78165,2.25,1.88
2011.11.15 13:27:55.781,0.78143,0.78156,1.50,3.23
2011.11.15 13:27:56.139,0.78143,0.78155,1.50,2.25
2011.11.15 13:27:56.261,0.78137,0.78153,1.50,2.63
2011.11.15 13:27:58.488,0.7814,0.78154,1.50,2.63
2011.11.15 13:27:58.948,0.7814,0.78153,1.50,1.50
2011.11.15 13:27:59.068,0.78138,0.78152,1.50,2.25
2011.11.15 13:27:59.186,0.78138,0.78152,1.50,1.88
2011.11.15 13:27:59.985,0.7814,0.78154,1.50,2.25
2011.11.15 13:28:00.454,0.78137,0.78153,1.50,2.25
2011.11.15 13:28:01.087,0.7814,0.78154,1.50,2.25
2011.11.15 13:28:01.316,0.78143,0.78157,1.50,2.63
2011.11.15 13:28:01.885,0.78143,0.78157,1.50,1.88
2011.11.15 13:28:02.828,0.78147,0.78157,1.50,1.50
2011.11.15 13:28:03.062,0.78147,0.78159,1.50,2.25
2011.11.15 13:28:03.738,0.78143,0.78159,1.50,3.75
2011.11.15 13:28:04.316,0.78143,0.78159,1.50,3.75
2011.11.15 13:28:06.117,0.78144,0.78158,1.50,2.25
2011.11.15 13:28:06.241,0.78142,0.78158,2.25,1.88
2011.11.15 13:28:06.369,0.78144,0.78158,1.50,1.50
2011.11.15 13:28:06.729,0.78147,0.7816,1.50,1.50
2011.11.15 13:28:07.425,0.78147,0.7816,1.50,1.50
2011.11.15 13:28:10.022,0.78147,0.78159,1.50,1.13
2011.11.15 13:28:10.148,0.78144,0.78158,3.00,1.50
2011.11.15 13:28:11.141,0.78146,0.7816,1.50,6.98
2011.11.15 13:28:11.494,0.78146,0.78159,1.50,1.35
2011.11.15 13:28:11.726,0.78146,0.7816,1.50,5.85
2011.11.15 13:28:12.207,0.78149,0.78161,1.50,2.63
2011.11.15 13:28:12.795,0.78149,0.78161,1.50,1.88
2011.11.15 13:28:15.209,0.78149,0.78163,1.50,2.25
2011.11.15 13:28:18.267,0.78152,0.78164,1.50,1.50
2011.11.15 13:28:18.507,0.78152,0.78166,1.50,1.50
2011.11.15 13:28:18.627,0.78155,0.78169,1.50,4.13
2011.11.15 13:28:18.975,0.78155,0.78168,1.50,3.38
2011.11.15 13:28:19.547,0.78153,0.78168,1.50,4.88
2011.11.15 13:28:20.230,0.78152,0.78168,1.50,4.88
2011.11.15 13:28:21.586,0.78151,0.78165,2.25,2.25
2011.11.15 13:28:21.707,0.78143,0.78157,1.50,1.35
2011.11.15 13:28:22.073,0.78138,0.78152,1.50,2.85
2011.11.15 13:28:22.436,0.78138,0.78152,1.50,1.50
2011.11.15 13:28:23.034,0.78139,0.78152,1.13,1.50
2011.11.15 13:28:23.155,0.7814,0.78156,1.50,3.75
2011.11.15 13:28:26.024,0.78143,0.78156,1.50,2.25
2011.11.15 13:28:29.683,0.78143,0.78157,1.50,1.50
2011.11.15 13:28:34.277,0.78143,0.78157,1.88,1.50
2011.11.15 13:28:34.525,0.78146,0.7816,1.88,2.25
2011.11.15 13:28:34.654,0.78152,0.78163,1.50,3.38
2011.11.15 13:28:35.042,0.78153,0.78166,3.00,1.50
2011.11.15 13:28:35.175,0.78155,0.78168,2.25,1.50
2011.11.15 13:28:35.304,0.78156,0.78168,1.50,1.50
2011.11.15 13:28:35.437,0.78158,0.78172,1.88,1.50
2011.11.15 13:28:36.039,0.78155,0.78171,4.50,1.50
2011.11.15 13:28:38.713,0.78159,0.78173,3.00,1.50
2011.11.15 13:28:38.842,0.78161,0.78176,1.88,1.50
2011.11.15 13:28:39.094,0.78164,0.78178,3.00,1.50
2011.11.15 13:28:39.567,0.78164,0.78176,1.50,1.50
2011.11.15 13:28:40.397,0.78162,0.78176,3.00,1.50
2011.11.15 13:28:40.522,0.7816,0.78172,3.00,1.50
2011.11.15 13:28:41.324,0.7816,0.78172,2.25,1.50
2011.11.15 13:28:41.568,0.78161,0.78177,1.88,1.50
2011.11.15 13:28:47.374,0.78161,0.78177,1.50,1.50
2011.11.15 13:28:51.983,0.78161,0.78177,2.25,1.50
2011.11.15 13:28:54.744,0.78157,0.78173,2.25,1.88
2011.11.15 13:28:55.487,0.78161,0.78175,1.50,4.50
2011.11.15 13:28:55.857,0.78164,0.78176,1.50,1.88
2011.11.15 13:28:55.985,0.78167,0.78181,1.50,3.00
2011.11.15 13:28:56.477,0.78168,0.78181,1.13,2.25
2011.11.15 13:28:56.803,0.78169,0.78181,1.50,2.25
2011.11.15 13:28:57.183,0.78173,0.78186,1.50,1.88
2011.11.15 13:28:57.792,0.78173,0.78188,1.50,3.38
2011.11.15 13:28:58.038,0.78175,0.78188,1.50,2.63
2011.11.15 13:28:58.959,0.78175,0.7819,1.50,2.63
2011.11.15 13:29:00.751,0.78175,0.78188,1.50,1.13
2011.11.15 13:29:01.126,0.78169,0.78182,1.13,1.50
2011.11.15 13:29:02.006,0.78166,0.78182,5.25,1.50
2011.11.15 13:29:02.475,0.78166,0.78182,2.63,1.50
2011.11.15 13:29:05.137,0.78166,0.78178,2.25,2.25
2011.11.15 13:29:05.498,0.78158,0.78173,1.50,1.50
2011.11.15 13:29:06.058,0.78158,0.78173,1.50,2.25
2011.11.15 13:29:06.421,0.78155,0.78171,3.00,1.50
2011.11.15 13:29:07.336,0.78155,0.78171,2.25,3.38
2011.11.15 13:29:07.461,0.78151,0.78167,2.25,1.50
2011.11.15 13:29:07.946,0.78151,0.78167,1.50,3.00
2011.11.15 13:29:08.535,0.78149,0.78165,2.25,3.00
2011.11.15 13:29:11.313,0.78149,0.78165,2.25,3.00
2011.11.15 13:29:11.435,0.78148,0.78161,1.50,1.50
2011.11.15 13:29:11.559,0.78147,0.78161,2.25,1.50
2011.11.15 13:29:13.441,0.78153,0.78167,1.50,1.50
2011.11.15 13:29:14.051,0.78154,0.78169,1.50,2.25
2011.11.15 13:29:14.179,0.78154,0.7817,1.50,1.50
2011.11.15 13:29:14.967,0.78154,0.7817,2.25,1.50
2011.11.15 13:29:15.089,0.78158,0.78174,1.50,2.25
2011.11.15 13:29:19.064,0.78156,0.7817,2.63,1.50
2011.11.15 13:29:21.443,0.78156,0.7817,2.25,1.50
2011.11.15 13:29:21.813,0.78153,0.78167,1.50,3.75
2011.11.15 13:29:21.936,0.78153,0.78167,1.50,3.75
2011.11.15 13:29:22.286,0.78149,0.78165,2.25,1.50
2011.11.15 13:29:24.086,0.78149,0.78165,1.88,1.50
2011.11.15 13:29:24.447,0.78149,0.78163,1.50,1.50
2011.11.15 13:29:24.794,0.78147,0.78161,1.88,1.50
2011.11.15 13:29:25.147,0.78148,0.78164,1.50,1.50
2011.11.15 13:29:30.115,0.78148,0.78164,1.50,3.00
2011.11.15 13:29:31.485,0.78148,0.78164,2.25,2.25
2011.11.15 13:29:31.824,0.78154,0.78164,1.50,1.50
2011.11.15 13:29:32.635,0.78154,0.78166,1.50,1.50
2011.11.15 13:29:36.493,0.78159,0.78173,1.50,3.00
2011.11.15 13:29:37.075,0.78159,0.78173,1.50,1.50
2011.11.15 13:29:38.330,0.78161,0.78175,1.50,1.50
2011.11.15 13:29:38.647,0.78158,0.78174,1.50,5.25
2011.11.15 13:29:45.161,0.78161,0.78175,2.25,2.25
2011.11.15 13:29:45.769,0.78163,0.78179,2.25,1.50
2011.11.15 13:29:45.886,0.78169,0.78185,1.50,3.75
2011.11.15 13:29:46.337,0.78166,0.78178,1.50,1.50
2011.11.15 13:29:46.697,0.78161,0.78173,1.50,1.50
