2012.03.28 15:00:00.270,0.86007,0.86018,2.25,2.25
2012.03.28 15:00:00.490,0.86011,0.86018,1.50,2.25
2012.03.28 15:00:00.636,0.86009,0.86018,1.50,2.25
2012.03.28 15:00:00.778,0.86011,0.86018,1.50,2.25
2012.03.28 15:00:01.423,0.86008,0.86018,1.50,2.25
2012.03.28 15:00:01.810,0.86005,0.86018,1.50,2.25
2012.03.28 15:00:02.714,0.86004,0.86016,1.50,1.13
2012.03.28 15:00:02.933,0.86005,0.86017,1.50,1.50
2012.03.28 15:00:03.152,0.86008,0.86018,1.50,1.88
2012.03.28 15:00:03.229,0.86006,0.86018,2.25,1.50
2012.03.28 15:00:03.307,0.86005,0.86018,3.75,1.50
2012.03.28 15:00:03.387,0.86005,0.86019,3.75,1.50
2012.03.28 15:00:03.461,0.8601,0.86019,1.50,1.50
2012.03.28 15:00:04.182,0.8601,0.86021,2.25,4.50
2012.03.28 15:00:04.349,0.86014,0.86023,1.13,2.25
2012.03.28 15:00:04.426,0.86014,0.86023,1.88,1.50
2012.03.28 15:00:04.497,0.86014,0.86026,3.38,2.25
2012.03.28 15:00:04.573,0.86017,0.86029,1.50,1.72
2012.03.28 15:00:05.547,0.86017,0.86029,2.25,1.72
2012.03.28 15:00:05.763,0.86016,0.86029,3.00,5.17
2012.03.28 15:00:06.389,0.86016,0.86025,2.25,1.95
2012.03.28 15:00:07.043,0.86006,0.86013,1.13,1.95
2012.03.28 15:00:07.615,0.86002,0.86013,3.00,2.70
2012.03.28 15:00:07.759,0.86005,0.86017,1.50,7.95
2012.03.28 15:00:08.224,0.86011,0.86017,1.50,6.45
2012.03.28 15:00:09.616,0.86012,0.86017,1.50,3.75
2012.03.28 15:00:10.634,0.86015,0.86019,1.50,3.45
2012.03.28 15:00:10.713,0.86011,0.86019,1.50,3.45
2012.03.28 15:00:10.791,0.86006,0.86019,1.50,3.83
2012.03.28 15:00:10.866,0.86004,0.86019,1.50,5.33
2012.03.28 15:00:10.939,0.86004,0.86019,2.25,5.70
2012.03.28 15:00:11.092,0.86004,0.86019,2.25,4.95
2012.03.28 15:00:11.239,0.8601,0.86019,1.50,3.45
2012.03.28 15:00:11.925,0.8601,0.86022,1.50,1.50
2012.03.28 15:00:12.016,0.86013,0.86022,1.50,1.50
2012.03.28 15:00:12.083,0.86011,0.86022,1.50,1.50
2012.03.28 15:00:12.153,0.86008,0.86021,1.50,2.25
2012.03.28 15:00:12.226,0.86009,0.86021,1.35,2.25
2012.03.28 15:00:12.580,0.86016,0.86025,1.50,1.50
2012.03.28 15:00:12.912,0.86018,0.86027,1.50,1.50
2012.03.28 15:00:13.181,0.86016,0.86027,1.50,1.50
2012.03.28 15:00:13.971,0.86016,0.86028,1.50,2.47
2012.03.28 15:00:14.116,0.86017,0.86031,2.10,3.00
2012.03.28 15:00:14.249,0.86022,0.86033,1.50,3.75
2012.03.28 15:00:14.468,0.86021,0.86033,1.50,1.50
2012.03.28 15:00:14.976,0.86021,0.86032,1.50,1.50
2012.03.28 15:00:15.534,0.8602,0.86032,2.25,1.88
2012.03.28 15:00:15.621,0.86015,0.86029,1.50,1.88
2012.03.28 15:00:15.767,0.86012,0.86027,1.50,3.00
2012.03.28 15:00:15.836,0.86016,0.86027,1.95,2.25
2012.03.28 15:00:16.188,0.86017,0.8603,3.00,3.45
2012.03.28 15:00:16.539,0.86015,0.86028,1.50,1.50
2012.03.28 15:00:16.893,0.86017,0.8603,1.50,3.45
2012.03.28 15:00:17.708,0.86016,0.86028,1.50,1.50
2012.03.28 15:00:18.269,0.86016,0.86028,1.50,1.50
2012.03.28 15:00:18.615,0.86017,0.8603,5.70,1.50
2012.03.28 15:00:19.104,0.86025,0.86033,1.50,2.25
2012.03.28 15:00:19.180,0.8602,0.86033,2.25,2.25
2012.03.28 15:00:19.536,0.86019,0.86033,2.25,3.00
2012.03.28 15:00:20.094,0.86019,0.86033,2.25,3.00
2012.03.28 15:00:20.451,0.86022,0.86032,2.25,2.16
2012.03.28 15:00:20.874,0.86023,0.86033,2.25,1.50
2012.03.28 15:00:21.408,0.86023,0.86033,2.25,1.50
2012.03.28 15:00:21.917,0.86019,0.86032,2.25,3.00
2012.03.28 15:00:22.692,0.86021,0.86032,2.25,1.50
2012.03.28 15:00:23.190,0.86018,0.86031,3.38,1.50
2012.03.28 15:00:23.692,0.86022,0.86032,1.50,1.50
2012.03.28 15:00:24.577,0.86022,0.86033,1.50,1.24
2012.03.28 15:00:24.991,0.86019,0.86031,3.00,1.50
2012.03.28 15:00:25.137,0.86019,0.86031,1.50,1.50
2012.03.28 15:00:25.416,0.86019,0.86034,4.88,2.29
2012.03.28 15:00:25.485,0.86019,0.86034,4.13,2.29
2012.03.28 15:00:25.561,0.86021,0.86034,1.50,2.29
2012.03.28 15:00:25.952,0.86023,0.86034,1.50,2.29
2012.03.28 15:00:26.110,0.8602,0.86033,2.63,2.74
2012.03.28 15:00:26.328,0.86018,0.86033,3.00,2.29
2012.03.28 15:00:26.674,0.86018,0.86031,3.00,3.45
2012.03.28 15:00:26.747,0.86018,0.86031,2.25,1.95
2012.03.28 15:00:27.599,0.86016,0.86031,3.00,5.70
2012.03.28 15:00:27.803,0.86015,0.86027,1.88,1.50
2012.03.28 15:00:28.063,0.86016,0.86029,2.25,1.50
2012.03.28 15:00:28.136,0.86018,0.86031,1.50,4.20
2012.03.28 15:00:28.700,0.86018,0.86028,1.50,1.95
2012.03.28 15:00:29.277,0.8602,0.86031,1.50,2.25
2012.03.28 15:00:29.617,0.86026,0.86038,1.50,1.54
2012.03.28 15:00:29.768,0.86027,0.86039,1.50,1.50
2012.03.28 15:00:29.847,0.86024,0.86039,1.50,3.00
2012.03.28 15:00:29.930,0.86022,0.86033,1.13,1.50
2012.03.28 15:00:30.082,0.8602,0.86033,4.13,2.10
2012.03.28 15:00:30.163,0.8602,0.86031,3.00,2.25
2012.03.28 15:00:30.240,0.8602,0.8603,3.00,1.13
2012.03.28 15:00:30.751,0.8601,0.8602,3.45,1.50
2012.03.28 15:00:30.894,0.86009,0.8602,3.75,1.50
2012.03.28 15:00:30.964,0.86009,0.8602,2.25,1.50
2012.03.28 15:00:31.455,0.86006,0.8602,1.88,2.25
2012.03.28 15:00:31.533,0.86005,0.8602,4.20,1.50
2012.03.28 15:00:31.734,0.86008,0.8602,1.50,1.50
2012.03.28 15:00:31.933,0.86009,0.86024,1.50,5.55
2012.03.28 15:00:32.461,0.86008,0.86021,1.50,3.08
2012.03.28 15:00:32.740,0.86008,0.8602,1.50,1.13
2012.03.28 15:00:32.882,0.86005,0.86018,1.50,2.25
2012.03.28 15:00:33.375,0.86005,0.86015,1.50,1.95
2012.03.28 15:00:33.949,0.86005,0.86015,1.50,1.50
2012.03.28 15:00:34.023,0.85996,0.86009,2.25,2.25
2012.03.28 15:00:34.515,0.85998,0.86012,1.50,1.13
2012.03.28 15:00:34.723,0.86002,0.86011,1.50,1.13
2012.03.28 15:00:35.263,0.86001,0.8601,1.50,2.33
2012.03.28 15:00:35.649,0.85999,0.8601,1.50,2.33
2012.03.28 15:00:35.737,0.85998,0.86009,1.50,1.13
2012.03.28 15:00:36.250,0.85996,0.86009,2.25,3.38
2012.03.28 15:00:36.469,0.85996,0.86009,2.25,2.63
2012.03.28 15:00:37.124,0.85999,0.86011,1.50,2.25
2012.03.28 15:00:37.688,0.86,0.86009,1.50,1.95
2012.03.28 15:00:38.054,0.85996,0.86007,1.50,2.25
2012.03.28 15:00:38.126,0.85992,0.86007,3.00,2.25
2012.03.28 15:00:38.654,0.85995,0.86006,1.50,2.70
2012.03.28 15:00:39.007,0.85991,0.86005,1.50,2.70
2012.03.28 15:00:39.151,0.85993,0.86005,1.50,2.70
2012.03.28 15:00:39.226,0.85993,0.86005,1.50,1.95
2012.03.28 15:00:39.575,0.85996,0.86006,1.50,1.50
2012.03.28 15:00:40.103,0.85993,0.86003,1.50,1.50
2012.03.28 15:00:40.196,0.85993,0.86006,1.50,2.25
2012.03.28 15:00:40.448,0.85996,0.86009,1.50,4.20
2012.03.28 15:00:40.653,0.85997,0.86009,1.50,1.95
2012.03.28 15:00:40.914,0.85997,0.86005,1.50,1.95
2012.03.28 15:00:41.138,0.85992,0.86005,2.25,1.95
2012.03.28 15:00:41.474,0.85994,0.86005,1.50,1.95
2012.03.28 15:00:41.603,0.85992,0.86005,1.50,1.95
2012.03.28 15:00:42.154,0.85992,0.86007,3.00,2.85
2012.03.28 15:00:42.477,0.85992,0.86004,1.50,1.50
2012.03.28 15:00:42.807,0.85993,0.86006,1.88,1.50
2012.03.28 15:00:43.023,0.85996,0.86007,1.73,1.50
2012.03.28 15:00:43.813,0.86006,0.86015,1.50,3.45
2012.03.28 15:00:44.100,0.86008,0.86015,1.50,1.50
2012.03.28 15:00:45.171,0.86004,0.86016,1.50,6.00
2012.03.28 15:00:45.259,0.86008,0.8602,1.50,2.70
2012.03.28 15:00:45.405,0.8601,0.86023,1.50,1.13
2012.03.28 15:00:45.961,0.86012,0.86023,1.50,1.13
2012.03.28 15:00:46.438,0.86013,0.86017,1.50,1.95
2012.03.28 15:00:46.896,0.86006,0.86017,1.50,1.95
2012.03.28 15:00:46.974,0.86007,0.86019,1.95,1.50
2012.03.28 15:00:47.120,0.86012,0.86018,1.50,1.50
2012.03.28 15:00:47.203,0.86013,0.86022,1.50,1.95
2012.03.28 15:00:47.350,0.86011,0.86022,1.50,1.95
2012.03.28 15:00:47.498,0.86008,0.86022,3.75,1.95
2012.03.28 15:00:48.289,0.86008,0.86023,1.50,3.00
2012.03.28 15:00:48.707,0.8601,0.86023,1.50,2.25
2012.03.28 15:00:48.776,0.86008,0.86023,1.50,3.00
2012.03.28 15:00:48.993,0.8601,0.86024,1.50,1.50
2012.03.28 15:00:49.137,0.8601,0.86024,1.50,1.50
2012.03.28 15:00:49.210,0.86008,0.86023,2.25,1.50
2012.03.28 15:00:49.420,0.86013,0.86024,1.50,2.25
2012.03.28 15:00:49.875,0.8601,0.86024,1.50,1.35
2012.03.28 15:00:50.016,0.86016,0.86025,1.50,3.08
2012.03.28 15:00:50.345,0.86013,0.86026,1.50,1.50
2012.03.28 15:00:50.667,0.86016,0.86027,1.50,1.50
2012.03.28 15:00:50.949,0.86018,0.86031,1.50,3.00
2012.03.28 15:00:51.580,0.86022,0.86031,1.95,1.50
2012.03.28 15:00:51.666,0.86024,0.86037,1.50,1.13
2012.03.28 15:00:52.231,0.86022,0.86036,2.70,1.50
2012.03.28 15:00:52.375,0.86024,0.86037,1.50,2.25
2012.03.28 15:00:52.927,0.86023,0.86037,1.88,1.50
2012.03.28 15:00:53.281,0.86022,0.86036,1.50,3.00
2012.03.28 15:00:53.624,0.86022,0.86036,2.25,2.25
2012.03.28 15:00:54.204,0.86024,0.86037,1.50,2.25
2012.03.28 15:00:54.486,0.86028,0.86039,1.50,2.70
2012.03.28 15:00:54.558,0.86025,0.86038,1.50,2.25
2012.03.28 15:00:54.709,0.86028,0.86039,3.00,2.70
2012.03.28 15:00:55.069,0.86025,0.86037,3.00,1.50
2012.03.28 15:00:55.151,0.86027,0.86038,1.50,3.45
2012.03.28 15:00:55.565,0.86024,0.86038,1.50,3.45
2012.03.28 15:00:55.636,0.8602,0.86035,3.23,1.50
2012.03.28 15:00:55.898,0.8602,0.86032,1.73,1.50
2012.03.28 15:00:56.353,0.86018,0.8603,3.08,1.50
2012.03.28 15:00:56.919,0.86018,0.8603,1.13,1.50
2012.03.28 15:00:57.388,0.86017,0.86026,1.95,1.50
2012.03.28 15:00:57.609,0.86018,0.8603,1.50,1.50
2012.03.28 15:00:57.889,0.86021,0.86033,1.50,1.50
2012.03.28 15:00:58.170,0.86022,0.86035,1.50,2.70
2012.03.28 15:00:59.838,0.8602,0.86035,1.50,5.33
2012.03.28 15:00:59.923,0.86019,0.86032,1.50,5.10
2012.03.28 15:01:00.283,0.86011,0.86022,3.00,1.95
2012.03.28 15:01:00.958,0.86011,0.86022,1.50,1.95
2012.03.28 15:01:01.035,0.86011,0.86024,1.50,1.50
2012.03.28 15:01:01.174,0.86013,0.86026,1.50,2.70
2012.03.28 15:01:01.770,0.86015,0.86027,1.50,1.50
2012.03.28 15:01:02.184,0.86017,0.86027,1.50,1.50
2012.03.28 15:01:02.253,0.86017,0.8603,1.50,6.75
2012.03.28 15:01:02.466,0.86021,0.8603,1.50,5.25
2012.03.28 15:01:03.066,0.86022,0.86032,1.50,1.95
2012.03.28 15:01:03.144,0.8602,0.86025,1.50,1.95
2012.03.28 15:01:03.293,0.8602,0.8603,2.25,7.58
2012.03.28 15:01:03.496,0.86013,0.86022,1.50,1.95
2012.03.28 15:01:03.566,0.86013,0.8602,3.00,1.95
2012.03.28 15:01:03.765,0.86012,0.8602,2.25,1.95
2012.03.28 15:01:03.968,0.86009,0.8602,1.50,1.95
2012.03.28 15:01:04.683,0.86011,0.86025,1.13,1.50
2012.03.28 15:01:04.824,0.86016,0.86026,1.50,1.50
2012.03.28 15:01:05.162,0.86018,0.86029,1.50,3.45
2012.03.28 15:01:05.576,0.8602,0.86029,1.50,3.45
2012.03.28 15:01:05.646,0.86018,0.86029,1.50,3.45
2012.03.28 15:01:08.742,0.86021,0.8603,1.50,4.50
2012.03.28 15:01:08.819,0.86018,0.8603,1.50,4.50
2012.03.28 15:01:08.895,0.86018,0.86032,1.50,3.29
2012.03.28 15:01:09.666,0.8602,0.86034,1.50,1.50
2012.03.28 15:01:10.010,0.86026,0.86034,1.50,1.50
2012.03.28 15:01:10.370,0.86028,0.86036,1.50,1.50
2012.03.28 15:01:10.729,0.86028,0.86038,1.50,1.50
2012.03.28 15:01:11.374,0.86026,0.86039,4.20,2.25
2012.03.28 15:01:12.091,0.8603,0.8604,1.95,3.00
2012.03.28 15:01:12.168,0.8603,0.8604,1.95,2.25
2012.03.28 15:01:12.626,0.8603,0.86042,1.95,2.25
2012.03.28 15:01:13.247,0.86027,0.86041,3.00,1.95
2012.03.28 15:01:14.153,0.8603,0.86042,1.50,1.50
2012.03.28 15:01:14.534,0.86036,0.86043,1.50,1.50
2012.03.28 15:01:14.808,0.86037,0.86048,1.50,1.50
2012.03.28 15:01:15.207,0.86038,0.86049,1.50,2.25
2012.03.28 15:01:15.295,0.86038,0.8605,1.50,2.70
2012.03.28 15:01:15.506,0.86037,0.86048,1.50,3.45
2012.03.28 15:01:15.714,0.86033,0.86045,1.50,2.70
2012.03.28 15:01:15.915,0.86031,0.86045,2.25,4.20
2012.03.28 15:01:16.168,0.86033,0.86045,1.50,2.70
2012.03.28 15:01:16.714,0.86032,0.86047,3.45,3.75
2012.03.28 15:01:17.229,0.86032,0.86047,3.83,3.00
2012.03.28 15:01:18.238,0.86032,0.86047,3.83,3.00
2012.03.28 15:01:18.807,0.86032,0.86046,1.50,3.08
2012.03.28 15:01:21.099,0.86032,0.86043,1.50,2.91
2012.03.28 15:01:21.250,0.86028,0.86041,1.50,1.50
2012.03.28 15:01:21.387,0.86025,0.86038,4.50,1.50
2012.03.28 15:01:22.089,0.86026,0.86039,2.25,1.50
2012.03.28 15:01:22.453,0.86026,0.8604,2.25,1.95
2012.03.28 15:01:22.968,0.86025,0.86038,3.00,1.50
2012.03.28 15:01:23.163,0.86026,0.86041,2.25,3.75
2012.03.28 15:01:23.913,0.86026,0.8604,2.25,1.95
2012.03.28 15:01:24.488,0.86029,0.8604,1.50,2.70
2012.03.28 15:01:24.575,0.86029,0.8604,1.50,1.95
2012.03.28 15:01:24.955,0.86032,0.86042,1.50,1.95
2012.03.28 15:01:25.516,0.86031,0.86042,1.50,1.95
2012.03.28 15:01:26.477,0.86031,0.86044,1.50,3.00
2012.03.28 15:01:26.821,0.86029,0.86041,2.70,1.50
2012.03.28 15:01:28.515,0.8603,0.86041,2.10,1.50
2012.03.28 15:01:28.585,0.8603,0.86043,3.98,1.50
2012.03.28 15:01:28.656,0.8603,0.86043,3.23,1.50
2012.03.28 15:01:29.025,0.86034,0.86043,1.50,1.50
2012.03.28 15:01:29.362,0.86033,0.86046,1.50,4.20
2012.03.28 15:01:30.514,0.86032,0.86044,1.50,1.50
2012.03.28 15:01:31.393,0.86032,0.86041,1.50,1.95
2012.03.28 15:01:31.857,0.86032,0.86045,3.75,1.50
2012.03.28 15:01:32.196,0.86031,0.86042,1.13,1.50
2012.03.28 15:01:32.718,0.8603,0.86042,3.00,1.50
2012.03.28 15:01:33.065,0.86031,0.86044,4.95,1.50
2012.03.28 15:01:33.823,0.86033,0.86045,1.13,1.50
2012.03.28 15:01:33.902,0.86033,0.86047,1.13,2.25
2012.03.28 15:01:34.192,0.86039,0.86051,1.50,1.50
2012.03.28 15:01:34.406,0.86039,0.86051,1.50,1.50
2012.03.28 15:01:34.954,0.86038,0.86051,1.50,3.00
2012.03.28 15:01:35.755,0.86037,0.8605,3.08,1.50
2012.03.28 15:01:36.288,0.86037,0.86051,3.83,1.50
2012.03.28 15:01:36.850,0.8604,0.86051,1.50,1.50
2012.03.28 15:01:37.214,0.8604,0.86051,1.50,2.25
2012.03.28 15:01:37.756,0.8604,0.86051,1.50,1.50
2012.03.28 15:01:38.284,0.86038,0.86051,1.50,6.00
2012.03.28 15:01:38.568,0.86033,0.86043,1.13,1.50
2012.03.28 15:01:39.104,0.86032,0.86043,3.83,1.50
2012.03.28 15:01:39.701,0.8604,0.86046,1.50,1.50
2012.03.28 15:01:39.793,0.86038,0.8605,1.50,1.50
2012.03.28 15:01:40.023,0.86037,0.86051,1.50,1.50
2012.03.28 15:01:40.413,0.86037,0.8605,1.50,1.50
2012.03.28 15:01:40.482,0.86037,0.86051,1.50,3.45
2012.03.28 15:01:41.742,0.86039,0.8605,1.50,2.70
2012.03.28 15:01:42.736,0.86039,0.86053,1.50,1.50
2012.03.28 15:01:43.304,0.8604,0.86053,1.50,1.50
2012.03.28 15:01:43.966,0.86039,0.8605,2.25,1.95
2012.03.28 15:01:44.255,0.86032,0.86047,6.83,2.25
2012.03.28 15:01:44.720,0.86032,0.86045,4.58,1.50
2012.03.28 15:01:44.964,0.86032,0.86047,4.20,2.25
2012.03.28 15:01:45.036,0.86032,0.86047,3.45,3.00
2012.03.28 15:01:45.584,0.86032,0.86047,1.50,2.25
2012.03.28 15:01:46.953,0.86034,0.86048,1.50,1.95
2012.03.28 15:01:47.263,0.86039,0.86048,1.50,1.95
2012.03.28 15:01:47.823,0.86039,0.8605,1.50,2.70
2012.03.28 15:01:48.345,0.8604,0.8605,1.50,1.95
2012.03.28 15:01:48.484,0.86042,0.8605,1.50,1.95
2012.03.28 15:01:48.816,0.8604,0.8605,3.00,1.95
2012.03.28 15:01:49.311,0.86042,0.86051,1.50,1.50
2012.03.28 15:01:50.566,0.86039,0.8605,1.50,1.50
2012.03.28 15:01:51.096,0.8604,0.8605,1.50,1.50
2012.03.28 15:01:51.726,0.8604,0.86052,3.00,3.00
2012.03.28 15:01:52.543,0.86045,0.86054,1.50,4.50
2012.03.28 15:01:53.067,0.86042,0.86054,2.25,4.50
2012.03.28 15:01:55.004,0.86045,0.86054,1.50,4.50
2012.03.28 15:01:55.134,0.86045,0.86057,1.50,4.04
2012.03.28 15:01:55.389,0.86045,0.86058,2.25,5.55
2012.03.28 15:01:55.936,0.86045,0.86057,1.50,1.50
2012.03.28 15:01:56.445,0.86046,0.86059,2.25,1.50
2012.03.28 15:01:56.584,0.86048,0.8606,1.50,3.45
2012.03.28 15:01:58.368,0.86047,0.86058,1.50,2.70
2012.03.28 15:01:58.655,0.86043,0.86056,3.00,1.50
2012.03.28 15:02:00.344,0.86043,0.86056,3.00,1.50
2012.03.28 15:02:00.617,0.86047,0.86059,2.25,1.50
2012.03.28 15:02:00.754,0.86047,0.8606,2.25,2.25
2012.03.28 15:02:01.160,0.86048,0.86062,2.25,2.70
2012.03.28 15:02:01.237,0.86048,0.86062,3.00,2.70
2012.03.28 15:02:02.371,0.86049,0.8606,2.25,2.70
2012.03.28 15:02:03.028,0.86048,0.8606,2.25,2.70
2012.03.28 15:02:03.464,0.86048,0.86061,2.25,4.80
2012.03.28 15:02:03.977,0.8605,0.86061,2.25,1.95
2012.03.28 15:02:04.353,0.86052,0.86064,1.50,4.43
2012.03.28 15:02:04.859,0.86049,0.86063,3.00,2.25
2012.03.28 15:02:05.133,0.8605,0.86065,3.00,4.50
2012.03.28 15:02:05.554,0.8605,0.86065,3.00,3.00
2012.03.28 15:02:06.312,0.8605,0.86065,3.00,3.00
2012.03.28 15:02:06.701,0.8605,0.86064,2.25,2.25
2012.03.28 15:02:07.764,0.8605,0.86063,2.25,1.50
2012.03.28 15:02:08.126,0.86053,0.86064,1.50,2.70
2012.03.28 15:02:08.531,0.86056,0.86064,1.50,2.70
2012.03.28 15:02:09.638,0.86055,0.86064,1.50,2.70
2012.03.28 15:02:09.997,0.86053,0.86058,1.50,4.26
2012.03.28 15:02:10.395,0.86045,0.86053,1.50,1.50
2012.03.28 15:02:10.477,0.86044,0.86058,2.25,2.16
2012.03.28 15:02:10.542,0.86044,0.86059,2.25,1.50
2012.03.28 15:02:11.375,0.86044,0.86059,2.25,1.50
2012.03.28 15:02:11.659,0.86048,0.86061,2.25,2.25
2012.03.28 15:02:11.735,0.86048,0.86061,2.25,3.00
2012.03.28 15:02:12.567,0.8605,0.86061,1.50,1.50
2012.03.28 15:02:12.704,0.86048,0.86061,3.75,3.00
2012.03.28 15:02:13.979,0.86048,0.8606,1.50,2.16
2012.03.28 15:02:15.005,0.86047,0.86061,2.63,2.25
2012.03.28 15:02:15.074,0.86052,0.86063,1.50,1.50
2012.03.28 15:02:15.546,0.8605,0.8606,2.25,1.95
2012.03.28 15:02:15.868,0.86047,0.8606,2.25,3.45
2012.03.28 15:02:16.415,0.86046,0.86059,2.25,1.50
2012.03.28 15:02:16.942,0.86047,0.8606,2.25,1.95
2012.03.28 15:02:17.646,0.86047,0.86059,2.25,1.50
2012.03.28 15:02:18.002,0.8605,0.86065,1.50,1.50
2012.03.28 15:02:18.218,0.86051,0.86065,3.75,1.50
2012.03.28 15:02:18.763,0.8605,0.86063,6.45,1.50
2012.03.28 15:02:19.774,0.8605,0.86063,5.70,1.50
2012.03.28 15:02:21.725,0.8605,0.86063,4.95,1.50
2012.03.28 15:02:22.065,0.8605,0.86061,1.50,1.50
2012.03.28 15:02:22.584,0.86048,0.8606,1.50,1.50
2012.03.28 15:02:23.112,0.86048,0.86059,1.50,1.50
2012.03.28 15:02:23.442,0.86048,0.86057,1.50,1.50
2012.03.28 15:02:24.159,0.86048,0.86057,3.45,1.50
2012.03.28 15:02:24.436,0.86048,0.86063,7.13,2.25
2012.03.28 15:02:24.572,0.86048,0.86063,4.95,2.25
2012.03.28 15:02:24.715,0.8605,0.86063,2.25,2.25
2012.03.28 15:02:25.242,0.86052,0.86064,2.25,1.95
2012.03.28 15:02:25.523,0.86052,0.86064,1.50,1.95
2012.03.28 15:02:26.633,0.86052,0.86063,1.50,1.95
2012.03.28 15:02:26.917,0.86049,0.86062,3.00,1.50
2012.03.28 15:02:27.527,0.86047,0.86058,1.50,1.50
2012.03.28 15:02:27.741,0.86045,0.86058,3.00,1.50
2012.03.28 15:02:27.973,0.86043,0.86056,1.50,2.25
2012.03.28 15:02:28.327,0.86039,0.86051,2.93,1.50
2012.03.28 15:02:28.895,0.86037,0.86049,1.88,1.50
2012.03.28 15:02:28.968,0.86037,0.86047,2.63,1.50
2012.03.28 15:02:29.156,0.86037,0.86049,2.63,1.50
2012.03.28 15:02:29.293,0.86037,0.86047,2.63,1.50
2012.03.28 15:02:29.495,0.86037,0.86049,1.88,1.50
2012.03.28 15:02:29.697,0.86041,0.86054,1.50,2.70
2012.03.28 15:02:30.088,0.86038,0.86051,3.08,1.50
2012.03.28 15:02:30.356,0.86038,0.86051,5.25,1.50
2012.03.28 15:02:30.998,0.86037,0.86051,2.25,1.50
2012.03.28 15:02:31.140,0.86037,0.86047,1.50,1.50
2012.03.28 15:02:33.154,0.86035,0.86049,3.00,1.95
2012.03.28 15:02:33.229,0.8604,0.86049,1.50,1.95
2012.03.28 15:02:33.647,0.86036,0.86049,2.25,3.45
2012.03.28 15:02:33.878,0.86036,0.86047,2.70,1.50
2012.03.28 15:02:34.774,0.86036,0.86049,3.00,1.50
2012.03.28 15:02:35.544,0.86038,0.86051,1.50,3.45
2012.03.28 15:02:36.085,0.86039,0.86051,1.50,1.95
2012.03.28 15:02:36.576,0.86042,0.86054,1.50,1.50
2012.03.28 15:02:36.915,0.86045,0.86055,1.50,2.25
2012.03.28 15:02:36.994,0.86039,0.86052,3.75,1.50
2012.03.28 15:02:37.074,0.86038,0.86049,2.70,1.50
2012.03.28 15:02:37.348,0.86042,0.86053,2.25,1.50
2012.03.28 15:02:37.633,0.86042,0.86055,1.50,2.25
2012.03.28 15:02:37.763,0.8604,0.86053,1.50,1.50
2012.03.28 15:02:38.226,0.86036,0.8605,1.50,1.50
2012.03.28 15:02:38.752,0.86038,0.86052,1.50,1.95
2012.03.28 15:02:38.882,0.86037,0.8605,1.50,1.50
2012.03.28 15:02:39.408,0.86034,0.86049,6.45,3.00
2012.03.28 15:02:39.493,0.86034,0.86049,4.20,3.75
2012.03.28 15:02:40.015,0.86034,0.86046,1.95,3.00
2012.03.28 15:02:40.337,0.86031,0.86044,1.50,1.50
2012.03.28 15:02:40.403,0.86033,0.86044,1.50,1.50
2012.03.28 15:02:40.477,0.86033,0.86046,1.50,3.45
2012.03.28 15:02:41.075,0.86034,0.86046,1.50,3.45
2012.03.28 15:02:41.838,0.86038,0.86048,1.50,3.00
2012.03.28 15:02:42.387,0.86035,0.86048,3.00,2.25
2012.03.28 15:02:42.452,0.86038,0.86048,1.50,2.25
2012.03.28 15:02:42.529,0.8604,0.86049,1.50,1.50
2012.03.28 15:02:42.610,0.86037,0.86049,1.50,1.50
2012.03.28 15:02:43.504,0.86036,0.86048,1.50,3.45
2012.03.28 15:02:44.302,0.86036,0.86048,1.50,2.70
2012.03.28 15:02:44.565,0.86036,0.86048,1.50,3.45
2012.03.28 15:02:45.067,0.86036,0.86047,1.50,1.50
2012.03.28 15:02:45.276,0.86034,0.86047,1.50,1.50
2012.03.28 15:02:45.701,0.86036,0.86048,1.50,3.45
2012.03.28 15:02:46.903,0.86033,0.86047,1.50,1.50
2012.03.28 15:02:47.162,0.86035,0.86047,1.50,1.50
2012.03.28 15:02:48.875,0.86035,0.86047,1.50,1.50
2012.03.28 15:02:49.441,0.86034,0.86047,1.50,3.00
2012.03.28 15:02:49.735,0.86032,0.86045,1.50,2.25
2012.03.28 15:02:50.017,0.86032,0.86044,4.80,1.50
2012.03.28 15:02:50.805,0.86035,0.86048,1.50,2.25
2012.03.28 15:02:51.016,0.86032,0.86047,2.63,3.00
2012.03.28 15:02:51.153,0.86032,0.86041,1.13,1.50
2012.03.28 15:02:51.697,0.8603,0.86043,2.63,1.50
2012.03.28 15:02:52.205,0.86032,0.86044,1.88,1.50
2012.03.28 15:02:53.256,0.86031,0.86044,1.50,1.50
2012.03.28 15:02:53.872,0.86031,0.86043,1.88,1.50
2012.03.28 15:02:54.385,0.86031,0.86042,1.13,1.50
2012.03.28 15:02:55.003,0.86032,0.86042,1.13,1.50
2012.03.28 15:02:55.504,0.86032,0.86042,1.13,1.50
2012.03.28 15:02:56.053,0.86032,0.86042,1.13,1.50
2012.03.28 15:02:56.186,0.86032,0.86044,1.13,1.50
2012.03.28 15:02:56.798,0.86031,0.86044,3.23,1.50
2012.03.28 15:02:56.865,0.86032,0.86047,3.38,1.50
2012.03.28 15:02:57.430,0.86035,0.86048,1.50,2.25
2012.03.28 15:02:57.503,0.86033,0.86046,2.25,1.50
2012.03.28 15:02:57.574,0.86034,0.86049,2.25,5.70
2012.03.28 15:02:58.238,0.86034,0.86049,2.25,3.75
2012.03.28 15:02:58.313,0.86033,0.86046,5.55,1.50
2012.03.28 15:02:59.515,0.86034,0.86048,2.25,1.95
2012.03.28 15:02:59.767,0.86032,0.86043,2.63,1.50
2012.03.28 15:03:00.442,0.86032,0.86042,1.13,1.50
2012.03.28 15:03:02.712,0.86031,0.86042,1.13,1.50
2012.03.28 15:03:03.045,0.86031,0.8604,1.50,1.50
2012.03.28 15:03:03.263,0.86031,0.86042,1.50,3.00
2012.03.28 15:03:03.974,0.86032,0.86042,1.13,1.50
2012.03.28 15:03:04.580,0.86032,0.86045,1.13,3.45
2012.03.28 15:03:05.100,0.86031,0.86045,2.25,3.45
2012.03.28 15:03:05.794,0.86031,0.86045,1.50,3.45
2012.03.28 15:03:05.938,0.86031,0.86045,2.25,3.45
2012.03.28 15:03:06.478,0.86033,0.86048,2.85,4.20
2012.03.28 15:03:07.046,0.86036,0.86048,1.50,2.70
2012.03.28 15:03:07.187,0.86033,0.86047,3.30,1.50
2012.03.28 15:03:09.126,0.86036,0.86047,1.50,1.95
2012.03.28 15:03:09.523,0.86033,0.86045,3.00,1.50
2012.03.28 15:03:10.062,0.86032,0.86044,1.13,1.50
2012.03.28 15:03:10.923,0.86033,0.86046,2.25,2.25
2012.03.28 15:03:11.456,0.86035,0.86048,1.50,2.25
2012.03.28 15:03:11.969,0.86034,0.86046,2.70,1.50
2012.03.28 15:03:13.074,0.86036,0.86049,1.50,4.20
2012.03.28 15:03:13.413,0.86034,0.86048,2.25,2.25
2012.03.28 15:03:13.486,0.86034,0.86045,2.25,1.50
2012.03.28 15:03:13.613,0.86032,0.86045,4.88,1.50
2012.03.28 15:03:13.744,0.86032,0.86043,1.88,1.50
2012.03.28 15:03:14.575,0.86032,0.86043,1.88,1.50
2012.03.28 15:03:14.663,0.86032,0.86045,3.38,1.50
2012.03.28 15:03:15.071,0.86032,0.86043,1.88,1.50
2012.03.28 15:03:15.221,0.86032,0.86045,4.73,1.50
2012.03.28 15:03:15.301,0.86034,0.86047,1.50,2.25
2012.03.28 15:03:15.445,0.86035,0.8605,1.50,3.75
2012.03.28 15:03:15.515,0.86038,0.8605,1.50,1.50
2012.03.28 15:03:16.157,0.86034,0.86046,2.70,1.50
2012.03.28 15:03:16.715,0.86033,0.86046,5.33,1.50
2012.03.28 15:03:16.927,0.86033,0.86046,3.38,1.50
2012.03.28 15:03:17.006,0.86033,0.86046,2.63,1.50
2012.03.28 15:03:17.400,0.86031,0.86044,2.63,1.50
2012.03.28 15:03:17.961,0.86031,0.86043,1.50,2.25
2012.03.28 15:03:18.047,0.86029,0.86042,1.50,3.00
2012.03.28 15:03:18.875,0.8603,0.86042,1.50,3.00
2012.03.28 15:03:19.012,0.86031,0.86043,1.50,3.45
2012.03.28 15:03:19.086,0.86036,0.86043,1.50,3.45
2012.03.28 15:03:19.538,0.86034,0.86043,1.50,2.70
2012.03.28 15:03:20.125,0.86032,0.86044,1.50,3.45
2012.03.28 15:03:20.474,0.86033,0.86041,1.50,2.70
2012.03.28 15:03:20.827,0.8603,0.86037,1.50,3.68
2012.03.28 15:03:20.895,0.8603,0.86037,1.50,2.25
2012.03.28 15:03:21.449,0.8603,0.86037,1.50,2.25
2012.03.28 15:03:21.533,0.86025,0.86038,1.50,2.25
2012.03.28 15:03:21.964,0.86028,0.86038,1.50,1.50
2012.03.28 15:03:22.183,0.86027,0.8604,1.50,2.25
2012.03.28 15:03:22.504,0.86027,0.8604,1.50,3.00
2012.03.28 15:03:22.845,0.8603,0.8604,1.50,1.50
2012.03.28 15:03:23.374,0.8603,0.8604,1.50,1.88
2012.03.28 15:03:23.444,0.86028,0.86036,1.50,1.50
2012.03.28 15:03:23.959,0.86027,0.86037,1.50,1.50
2012.03.28 15:03:24.536,0.8603,0.86037,1.50,1.50
2012.03.28 15:03:24.679,0.8603,0.8604,1.50,2.70
2012.03.28 15:03:25.183,0.8603,0.86041,1.50,1.34
2012.03.28 15:03:25.278,0.86035,0.86046,1.50,3.68
2012.03.28 15:03:25.569,0.86031,0.86046,1.50,2.25
2012.03.28 15:03:25.645,0.86034,0.86047,1.50,3.75
2012.03.28 15:03:25.898,0.8603,0.86043,1.50,2.25
2012.03.28 15:03:26.050,0.86028,0.86041,4.20,1.50
2012.03.28 15:03:26.622,0.8603,0.86043,1.50,2.25
2012.03.28 15:03:26.990,0.86033,0.86038,5.18,1.50
2012.03.28 15:03:27.137,0.86032,0.8604,1.50,1.50
2012.03.28 15:03:27.281,0.86032,0.86043,1.50,2.18
2012.03.28 15:03:27.626,0.86032,0.86045,1.50,1.95
2012.03.28 15:03:28.265,0.86032,0.86047,2.25,5.33
2012.03.28 15:03:28.683,0.86037,0.86047,1.50,2.70
2012.03.28 15:03:28.884,0.86035,0.86047,1.50,2.70
2012.03.28 15:03:30.024,0.86034,0.86043,2.25,1.95
2012.03.28 15:03:30.107,0.8603,0.86041,1.50,1.50
2012.03.28 15:03:30.468,0.86028,0.86039,3.00,2.70
2012.03.28 15:03:30.540,0.86025,0.86038,3.00,1.50
2012.03.28 15:03:30.617,0.86026,0.86039,1.50,2.70
2012.03.28 15:03:30.945,0.86023,0.86038,3.75,1.50
2012.03.28 15:03:31.480,0.86025,0.86039,1.50,3.45
2012.03.28 15:03:31.837,0.86028,0.86041,1.50,2.25
2012.03.28 15:03:32.198,0.86032,0.86042,1.50,2.70
2012.03.28 15:03:34.060,0.86029,0.86042,1.50,3.08
2012.03.28 15:03:34.206,0.86028,0.8604,1.50,1.50
2012.03.28 15:03:34.881,0.86027,0.86041,1.50,2.63
2012.03.28 15:03:36.573,0.86029,0.8604,1.50,2.70
2012.03.28 15:03:37.102,0.8603,0.8604,1.50,1.95
2012.03.28 15:03:37.250,0.86031,0.86044,1.50,1.50
2012.03.28 15:03:37.327,0.86029,0.86042,3.45,1.50
2012.03.28 15:03:37.518,0.86033,0.86045,1.50,2.70
2012.03.28 15:03:38.044,0.86031,0.86044,1.50,1.50
2012.03.28 15:03:38.624,0.86031,0.86043,1.50,1.50
2012.03.28 15:03:38.695,0.86029,0.86043,1.50,3.00
2012.03.28 15:03:39.220,0.86029,0.86038,1.50,1.50
2012.03.28 15:03:39.307,0.86022,0.86033,1.50,1.95
2012.03.28 15:03:39.700,0.86019,0.86033,1.50,4.20
2012.03.28 15:03:40.065,0.86021,0.86033,1.50,4.20
2012.03.28 15:03:40.664,0.86017,0.86032,1.50,2.25
2012.03.28 15:03:41.087,0.86016,0.86029,3.75,1.50
2012.03.28 15:03:41.954,0.86018,0.86031,1.50,3.00
2012.03.28 15:03:42.894,0.86016,0.86029,2.25,1.50
2012.03.28 15:03:43.207,0.86016,0.86028,1.50,2.25
2012.03.28 15:03:43.277,0.86013,0.86027,2.70,2.25
2012.03.28 15:03:43.427,0.86014,0.86023,1.88,1.95
2012.03.28 15:03:44.086,0.86012,0.86023,1.50,1.95
2012.03.28 15:03:44.192,0.86009,0.86023,1.50,4.88
2012.03.28 15:03:44.275,0.86007,0.86022,1.50,1.50
2012.03.28 15:03:44.639,0.86013,0.86023,1.50,1.95
2012.03.28 15:03:44.933,0.86013,0.86026,1.50,4.05
2012.03.28 15:03:45.457,0.86017,0.86026,1.50,1.50
2012.03.28 15:03:49.003,0.86012,0.86026,1.50,3.38
2012.03.28 15:03:49.079,0.86008,0.86023,1.50,1.50
2012.03.28 15:03:49.156,0.86007,0.86021,5.70,1.50
2012.03.28 15:03:49.825,0.86008,0.86022,1.50,1.50
2012.03.28 15:03:50.283,0.86011,0.86024,1.50,2.25
2012.03.28 15:03:53.622,0.86012,0.86023,1.50,2.70
2012.03.28 15:03:54.188,0.8601,0.86023,1.50,3.45
2012.03.28 15:03:54.280,0.86006,0.86016,2.25,1.13
2012.03.28 15:03:54.431,0.86002,0.86017,1.50,1.88
2012.03.28 15:03:54.720,0.86002,0.86012,1.50,1.50
2012.03.28 15:03:55.002,0.85999,0.86012,3.83,3.00
2012.03.28 15:03:55.151,0.85999,0.86009,2.33,1.50
2012.03.28 15:03:55.694,0.86002,0.86009,1.95,1.50
2012.03.28 15:03:55.777,0.86002,0.86011,4.95,1.50
2012.03.28 15:03:55.849,0.86002,0.86015,4.95,1.50
2012.03.28 15:03:56.002,0.86003,0.86018,2.25,4.50
2012.03.28 15:03:56.715,0.86003,0.86018,3.00,2.25
2012.03.28 15:03:57.419,0.86003,0.86018,3.68,1.50
2012.03.28 15:03:57.505,0.86002,0.86016,1.50,1.50
2012.03.28 15:03:57.854,0.86001,0.86014,4.13,1.50
2012.03.28 15:03:58.275,0.85999,0.86013,1.13,1.50
2012.03.28 15:03:58.351,0.85999,0.8601,1.13,1.50
2012.03.28 15:03:59.015,0.86002,0.86013,1.50,1.50
2012.03.28 15:03:59.649,0.85999,0.86013,1.50,1.95
2012.03.28 15:03:59.725,0.85997,0.86011,1.50,1.50
2012.03.28 15:04:00.165,0.86,0.86013,1.50,1.95
2012.03.28 15:04:00.963,0.86003,0.86015,1.50,2.93
2012.03.28 15:04:01.041,0.85998,0.86011,3.75,1.50
2012.03.28 15:04:01.117,0.85999,0.86011,2.91,1.50
2012.03.28 15:04:01.369,0.86003,0.86014,1.50,1.50
2012.03.28 15:04:01.503,0.86005,0.86018,1.50,2.85
2012.03.28 15:04:02.117,0.86003,0.86016,1.50,4.20
2012.03.28 15:04:02.354,0.86001,0.86014,1.50,1.50
2012.03.28 15:04:02.676,0.86003,0.86016,1.50,4.20
2012.03.28 15:04:03.782,0.86003,0.86016,2.25,4.20
2012.03.28 15:04:04.343,0.86003,0.86016,3.00,1.50
2012.03.28 15:04:05.152,0.86002,0.86017,1.50,4.20
2012.03.28 15:04:06.066,0.86002,0.86017,1.50,4.95
2012.03.28 15:04:06.415,0.86008,0.8602,1.50,2.93
2012.03.28 15:04:07.301,0.86009,0.86021,1.50,1.95
2012.03.28 15:04:07.824,0.86008,0.86021,1.50,1.50
2012.03.28 15:04:10.354,0.86008,0.86021,1.50,4.20
2012.03.28 15:04:10.617,0.86006,0.86019,1.50,2.25
2012.03.28 15:04:11.625,0.86008,0.86021,1.50,1.50
2012.03.28 15:04:11.974,0.8601,0.86023,1.50,1.95
2012.03.28 15:04:12.568,0.86008,0.86021,3.00,1.50
2012.03.28 15:04:13.074,0.86007,0.86022,1.50,2.25
2012.03.28 15:04:13.415,0.8601,0.86023,2.25,3.45
2012.03.28 15:04:13.942,0.86011,0.86023,2.25,1.95
2012.03.28 15:04:14.661,0.86014,0.86023,1.50,1.95
2012.03.28 15:04:14.737,0.86009,0.86023,2.63,1.50
2012.03.28 15:04:14.816,0.86008,0.86021,3.00,1.50
2012.03.28 15:04:15.318,0.8601,0.86022,1.50,1.50
2012.03.28 15:04:15.934,0.8601,0.86023,1.50,1.95
2012.03.28 15:04:16.454,0.86009,0.86022,1.50,1.95
2012.03.28 15:04:16.930,0.86012,0.86022,1.50,1.95
2012.03.28 15:04:17.073,0.86012,0.86025,1.50,6.45
2012.03.28 15:04:17.626,0.86013,0.86025,1.50,2.70
2012.03.28 15:04:18.327,0.86014,0.86025,1.50,2.70
2012.03.28 15:04:19.105,0.86012,0.86025,3.00,4.20
2012.03.28 15:04:19.740,0.86012,0.86025,2.25,4.20
2012.03.28 15:04:19.890,0.86015,0.86026,1.50,2.18
2012.03.28 15:04:19.966,0.86013,0.86023,1.50,1.50
2012.03.28 15:04:20.249,0.8601,0.86023,2.25,1.95
2012.03.28 15:04:20.819,0.8601,0.86024,2.25,1.95
2012.03.28 15:04:20.905,0.86012,0.86024,1.50,1.95
2012.03.28 15:04:20.976,0.8601,0.86024,3.75,1.95
2012.03.28 15:04:21.045,0.8601,0.8602,2.25,1.50
2012.03.28 15:04:21.525,0.8601,0.86023,2.25,1.50
2012.03.28 15:04:22.084,0.86007,0.86022,7.88,1.50
2012.03.28 15:04:22.833,0.86008,0.86021,2.25,1.50
2012.03.28 15:04:23.316,0.86007,0.86022,6.38,1.50
2012.03.28 15:04:23.529,0.86007,0.86019,4.88,1.50
2012.03.28 15:04:24.285,0.86007,0.86021,4.88,1.50
2012.03.28 15:04:25.637,0.86009,0.86022,2.25,1.50
2012.03.28 15:04:26.180,0.86007,0.86021,5.48,1.50
2012.03.28 15:04:26.983,0.86007,0.8602,9.15,1.50
2012.03.28 15:04:27.208,0.86007,0.86022,10.65,1.50
2012.03.28 15:04:27.418,0.86007,0.86019,5.63,1.50
2012.03.28 15:04:28.068,0.86007,0.86017,6.38,1.50
2012.03.28 15:04:28.137,0.86008,0.86022,2.25,1.50
2012.03.28 15:04:28.523,0.86007,0.8602,7.88,1.50
2012.03.28 15:04:29.078,0.8601,0.86023,2.25,3.45
2012.03.28 15:04:29.569,0.86007,0.86021,5.63,1.50
2012.03.28 15:04:30.678,0.86007,0.86019,5.63,1.50
2012.03.28 15:04:31.107,0.86007,0.86017,5.63,1.50
2012.03.28 15:04:33.016,0.86,0.86011,1.35,1.50
2012.03.28 15:04:33.157,0.85997,0.86008,2.70,1.50
2012.03.28 15:04:33.366,0.85995,0.86008,1.50,3.45
2012.03.28 15:04:33.507,0.85995,0.86004,1.50,1.50
2012.03.28 15:04:33.846,0.85987,0.86002,3.38,1.50
2012.03.28 15:04:34.397,0.85989,0.86004,1.50,2.25
2012.03.28 15:04:34.477,0.85993,0.86005,1.50,2.91
2012.03.28 15:04:34.868,0.85993,0.86006,1.50,4.95
2012.03.28 15:04:35.555,0.85993,0.86005,1.50,1.95
2012.03.28 15:04:35.768,0.85993,0.86002,1.50,2.16
2012.03.28 15:04:36.126,0.85982,0.85993,2.33,1.50
2012.03.28 15:04:36.337,0.85981,0.85993,1.88,1.50
2012.03.28 15:04:36.421,0.85983,0.85994,1.50,1.50
2012.03.28 15:04:36.988,0.85981,0.85993,1.50,1.50
2012.03.28 15:04:37.274,0.8598,0.85995,2.25,1.50
2012.03.28 15:04:37.473,0.8598,0.85995,2.25,2.25
2012.03.28 15:04:41.076,0.85978,0.85989,1.13,1.50
2012.03.28 15:04:41.692,0.85978,0.85988,1.13,1.50
2012.03.28 15:04:42.320,0.85977,0.85989,4.50,1.50
2012.03.28 15:04:43.095,0.85977,0.85986,4.50,1.50
2012.03.28 15:04:43.436,0.85977,0.85984,4.50,1.50
2012.03.28 15:04:43.638,0.85977,0.85988,4.50,1.50
2012.03.28 15:04:43.792,0.85977,0.8599,8.25,1.50
2012.03.28 15:04:44.318,0.8598,0.85992,1.50,3.66
2012.03.28 15:04:44.757,0.85981,0.85994,1.50,4.95
2012.03.28 15:04:44.827,0.85981,0.85991,1.50,2.70
2012.03.28 15:04:45.107,0.85977,0.85989,2.33,2.25
2012.03.28 15:04:45.443,0.85977,0.85986,1.95,1.50
2012.03.28 15:04:45.857,0.85977,0.85989,1.95,3.75
2012.03.28 15:04:46.871,0.85975,0.85989,1.88,2.25
2012.03.28 15:04:47.377,0.8598,0.85991,1.50,2.70
2012.03.28 15:04:48.378,0.8598,0.85991,1.50,2.25
2012.03.28 15:04:48.457,0.85975,0.85989,1.50,1.50
2012.03.28 15:04:48.584,0.85978,0.85989,1.95,1.50
2012.03.28 15:04:48.656,0.85978,0.85991,3.45,2.25
2012.03.28 15:04:49.003,0.85978,0.85989,1.95,1.50
2012.03.28 15:04:49.346,0.85981,0.85991,1.50,2.25
2012.03.28 15:04:49.819,0.85981,0.85989,1.50,2.25
2012.03.28 15:04:49.901,0.85974,0.85988,2.25,3.68
2012.03.28 15:04:49.975,0.85976,0.85988,2.70,3.68
2012.03.28 15:04:50.365,0.85977,0.85992,1.50,4.20
2012.03.28 15:04:51.192,0.85977,0.85989,3.00,1.50
2012.03.28 15:04:51.273,0.85982,0.85989,1.50,1.50
2012.03.28 15:04:51.353,0.85985,0.85993,1.50,2.18
2012.03.28 15:04:51.431,0.85985,0.85996,1.50,3.68
2012.03.28 15:04:51.510,0.8599,0.85997,1.50,1.88
2012.03.28 15:04:51.972,0.85992,0.86002,1.50,1.13
2012.03.28 15:04:52.512,0.85992,0.86005,1.50,5.33
2012.03.28 15:04:53.196,0.85992,0.86004,2.25,2.33
2012.03.28 15:04:53.269,0.85992,0.86005,2.25,1.50
2012.03.28 15:04:53.493,0.85992,0.86005,2.25,1.50
2012.03.28 15:04:53.888,0.85994,0.86008,1.50,4.95
2012.03.28 15:04:54.396,0.85994,0.86008,1.50,4.20
2012.03.28 15:04:54.471,0.85994,0.86008,1.50,3.45
2012.03.28 15:04:54.617,0.85994,0.86008,1.50,4.95
2012.03.28 15:04:54.914,0.85995,0.86008,1.50,4.95
2012.03.28 15:04:55.647,0.85992,0.86006,2.25,2.70
2012.03.28 15:04:56.392,0.85992,0.86006,3.75,1.50
2012.03.28 15:04:56.468,0.85995,0.86006,1.50,1.50
2012.03.28 15:04:56.759,0.85991,0.86006,1.50,4.20
2012.03.28 15:04:57.046,0.85991,0.86006,2.25,3.45
2012.03.28 15:04:57.734,0.85992,0.86005,3.75,1.50
2012.03.28 15:04:58.094,0.85991,0.86002,1.50,2.70
2012.03.28 15:04:58.175,0.85989,0.86002,1.50,6.29
2012.03.28 15:04:58.250,0.85987,0.86,2.25,1.50
2012.03.28 15:04:58.334,0.85982,0.85993,4.05,1.50
2012.03.28 15:04:58.411,0.85982,0.85993,4.05,1.50
2012.03.28 15:04:58.494,0.85982,0.85993,3.30,1.50
2012.03.28 15:04:58.628,0.85982,0.85991,3.30,1.50
2012.03.28 15:04:59.120,0.85981,0.85995,1.88,1.50
2012.03.28 15:04:59.423,0.85981,0.85991,1.88,1.50
2012.03.28 15:04:59.630,0.85982,0.85994,1.50,2.25
2012.03.28 15:05:00.168,0.85977,0.85987,1.50,1.50
2012.03.28 15:05:01.003,0.85977,0.85991,3.75,1.50
2012.03.28 15:05:01.076,0.85978,0.85993,2.25,1.50
2012.03.28 15:05:01.354,0.85977,0.85991,2.25,1.50
2012.03.28 15:05:01.899,0.85977,0.85989,1.50,1.50
2012.03.28 15:05:01.976,0.85977,0.85992,3.00,1.50
2012.03.28 15:05:03.408,0.8598,0.85993,1.50,1.50
2012.03.28 15:05:04.714,0.85978,0.85991,1.50,1.50
2012.03.28 15:05:05.263,0.85979,0.85991,1.50,1.50
2012.03.28 15:05:05.338,0.8598,0.85993,2.25,1.50
2012.03.28 15:05:05.608,0.85981,0.85996,2.25,5.70
2012.03.28 15:05:06.681,0.85983,0.85998,3.00,5.93
2012.03.28 15:05:06.810,0.85998,0.86004,1.50,3.45
2012.03.28 15:05:06.905,0.86,0.86009,1.50,1.50
2012.03.28 15:05:06.983,0.85998,0.86003,1.50,1.95
2012.03.28 15:05:07.195,0.85994,0.86006,1.50,2.18
2012.03.28 15:05:07.274,0.85991,0.86005,3.45,1.50
2012.03.28 15:05:07.416,0.8599,0.86003,1.50,1.50
2012.03.28 15:05:07.758,0.85992,0.86001,1.50,1.95
2012.03.28 15:05:08.277,0.85989,0.86001,1.50,1.95
2012.03.28 15:05:08.491,0.85987,0.86,1.50,1.50
2012.03.28 15:05:09.406,0.85989,0.86,1.50,1.95
2012.03.28 15:05:09.476,0.85987,0.86,3.00,3.45
2012.03.28 15:05:09.745,0.85985,0.85999,2.25,1.50
2012.03.28 15:05:09.818,0.85984,0.85997,3.00,1.50
2012.03.28 15:05:10.722,0.8599,0.86003,1.50,2.55
2012.03.28 15:05:10.802,0.85986,0.86001,2.25,1.50
2012.03.28 15:05:11.403,0.85987,0.86,1.50,1.50
2012.03.28 15:05:11.868,0.8599,0.86002,1.50,2.93
2012.03.28 15:05:13.255,0.8599,0.86001,1.50,1.95
2012.03.28 15:05:14.053,0.85992,0.86001,1.50,2.70
2012.03.28 15:05:14.126,0.8599,0.86001,1.50,2.70
2012.03.28 15:05:14.526,0.85988,0.86001,3.00,4.20
2012.03.28 15:05:14.999,0.85986,0.85999,1.50,1.50
2012.03.28 15:05:15.522,0.85986,0.85998,1.50,1.95
2012.03.28 15:05:16.403,0.85984,0.85997,1.50,1.50
2012.03.28 15:05:16.934,0.85985,0.85998,1.50,1.95
2012.03.28 15:05:17.005,0.85988,0.85998,1.50,1.95
2012.03.28 15:05:17.073,0.85986,0.85998,1.50,1.95
2012.03.28 15:05:17.765,0.85984,0.85998,1.50,3.45
2012.03.28 15:05:17.854,0.85982,0.85997,2.25,1.50
2012.03.28 15:05:18.244,0.85985,0.85998,1.50,1.50
2012.03.28 15:05:18.629,0.85987,0.86,1.50,4.95
2012.03.28 15:05:18.704,0.85984,0.85999,1.50,1.50
2012.03.28 15:05:20.023,0.85985,0.85999,1.50,1.50
2012.03.28 15:05:20.094,0.85987,0.86,1.50,1.50
2012.03.28 15:05:20.496,0.85991,0.86001,1.50,1.95
2012.03.28 15:05:21.137,0.85991,0.86003,1.50,2.70
2012.03.28 15:05:21.263,0.85989,0.86002,1.50,1.50
2012.03.28 15:05:21.552,0.85993,0.86002,1.50,1.50
2012.03.28 15:05:22.180,0.85996,0.86005,1.50,2.70
2012.03.28 15:05:22.245,0.85992,0.86005,1.50,1.95
2012.03.28 15:05:22.939,0.85992,0.86004,1.50,1.50
2012.03.28 15:05:23.443,0.85992,0.86004,1.50,3.00
2012.03.28 15:05:24.202,0.85993,0.86004,1.50,2.25
2012.03.28 15:05:24.969,0.85991,0.86004,1.50,2.25
2012.03.28 15:05:25.684,0.85991,0.86004,1.50,2.70
2012.03.28 15:05:26.426,0.85991,0.86005,1.50,1.50
2012.03.28 15:05:26.498,0.85995,0.86006,1.50,3.08
2012.03.28 15:05:26.575,0.85992,0.86006,1.50,4.58
2012.03.28 15:05:27.249,0.85991,0.86006,1.50,3.83
2012.03.28 15:05:27.845,0.85991,0.86005,1.50,1.95
2012.03.28 15:05:28.209,0.85989,0.86004,1.50,1.50
2012.03.28 15:05:28.428,0.85989,0.86001,1.50,1.50
2012.03.28 15:05:28.641,0.85987,0.86001,1.50,1.50
2012.03.28 15:05:31.123,0.85987,0.86001,1.50,4.20
2012.03.28 15:05:31.458,0.85981,0.85992,1.50,1.50
2012.03.28 15:05:31.525,0.85978,0.85991,1.50,1.50
2012.03.28 15:05:31.852,0.85978,0.85993,2.25,1.50
2012.03.28 15:05:33.417,0.85979,0.85993,1.50,1.50
2012.03.28 15:05:33.955,0.85979,0.85992,1.50,1.50
2012.03.28 15:05:34.983,0.8598,0.85994,1.50,1.95
2012.03.28 15:05:36.345,0.85981,0.85994,1.50,1.95
2012.03.28 15:05:36.823,0.85985,0.85994,1.50,1.95
2012.03.28 15:05:37.341,0.85985,0.85995,1.50,1.95
2012.03.28 15:05:37.667,0.8599,0.85998,1.50,2.70
2012.03.28 15:05:37.949,0.8599,0.86003,2.10,2.99
2012.03.28 15:05:38.099,0.85998,0.86005,1.50,1.95
2012.03.28 15:05:38.176,0.85999,0.86008,1.50,1.50
2012.03.28 15:05:38.248,0.85999,0.86009,1.50,1.95
2012.03.28 15:05:39.025,0.86,0.86009,1.50,1.95
2012.03.28 15:05:39.708,0.86,0.86013,1.50,5.55
2012.03.28 15:05:39.845,0.86002,0.86013,1.50,1.88
2012.03.28 15:05:40.205,0.85999,0.8601,1.50,1.95
2012.03.28 15:05:41.225,0.85996,0.86009,2.25,5.03
2012.03.28 15:05:41.310,0.85996,0.86006,2.25,1.95
2012.03.28 15:05:41.821,0.85993,0.86005,1.50,2.93
2012.03.28 15:05:41.953,0.85993,0.86001,1.50,1.95
2012.03.28 15:05:42.204,0.85988,0.86001,1.50,1.95
2012.03.28 15:05:43.627,0.85986,0.86001,1.50,4.20
2012.03.28 15:05:43.876,0.85986,0.85998,1.50,1.50
2012.03.28 15:05:47.233,0.85984,0.85997,1.50,1.50
2012.03.28 15:05:48.527,0.85991,0.85997,1.95,1.50
2012.03.28 15:05:48.886,0.85996,0.86009,1.50,4.58
2012.03.28 15:05:48.960,0.85996,0.86009,1.50,3.45
2012.03.28 15:05:49.505,0.85997,0.8601,1.50,2.25
2012.03.28 15:05:49.595,0.85995,0.8601,1.50,3.75
2012.03.28 15:05:49.662,0.85998,0.8601,1.50,3.75
2012.03.28 15:05:49.972,0.85995,0.8601,1.50,3.75
2012.03.28 15:05:51.698,0.85995,0.86004,1.50,1.95
2012.03.28 15:05:52.035,0.85995,0.86009,1.50,4.95
2012.03.28 15:05:52.177,0.85998,0.86007,1.50,1.50
2012.03.28 15:05:52.507,0.86,0.86009,1.50,1.95
2012.03.28 15:05:53.061,0.85999,0.86011,1.50,2.70
2012.03.28 15:05:53.417,0.86,0.86007,1.50,1.95
2012.03.28 15:05:53.490,0.85993,0.86006,1.50,2.25
2012.03.28 15:05:53.714,0.85995,0.86007,1.50,2.70
2012.03.28 15:05:54.963,0.85995,0.86007,1.50,1.95
2012.03.28 15:05:55.611,0.85995,0.86007,1.50,2.70
2012.03.28 15:05:55.824,0.85995,0.86008,1.50,1.50
2012.03.28 15:05:58.832,0.85993,0.86007,2.70,1.50
2012.03.28 15:05:59.613,0.85994,0.86009,2.25,1.50
2012.03.28 15:05:59.956,0.85994,0.86007,1.50,2.84
2012.03.28 15:06:00.310,0.85988,0.86001,1.50,5.70
2012.03.28 15:06:00.657,0.85988,0.85996,1.50,1.95
2012.03.28 15:06:01.265,0.85983,0.85996,2.63,3.45
2012.03.28 15:06:01.545,0.85981,0.85993,1.88,1.50
2012.03.28 15:06:01.672,0.85981,0.85995,2.63,1.50
2012.03.28 15:06:01.963,0.8598,0.85993,4.13,1.50
2012.03.28 15:06:03.102,0.85979,0.8599,4.50,1.50
2012.03.28 15:06:04.313,0.85976,0.8599,1.29,1.50
2012.03.28 15:06:04.700,0.85976,0.85988,2.25,1.50
2012.03.28 15:06:05.370,0.85974,0.85987,4.13,1.50
2012.03.28 15:06:07.216,0.85974,0.85988,1.13,1.50
2012.03.28 15:06:08.018,0.85976,0.85989,3.45,1.50
2012.03.28 15:06:08.562,0.85976,0.85989,3.83,1.50
2012.03.28 15:06:09.260,0.85976,0.85989,1.50,3.00
2012.03.28 15:06:09.622,0.85972,0.85985,1.50,1.50
2012.03.28 15:06:10.157,0.85973,0.85984,1.50,2.25
2012.03.28 15:06:10.494,0.85975,0.85989,1.50,1.50
2012.03.28 15:06:11.504,0.85975,0.8599,1.50,3.00
2012.03.28 15:06:11.634,0.85977,0.8599,1.50,1.50
2012.03.28 15:06:12.163,0.85976,0.85988,1.50,1.95
2012.03.28 15:06:12.662,0.85973,0.85988,4.20,1.50
2012.03.28 15:06:12.854,0.85976,0.8599,1.50,3.00
2012.03.28 15:06:13.164,0.85979,0.85991,1.50,1.50
2012.03.28 15:06:13.515,0.85982,0.85993,1.50,2.70
2012.03.28 15:06:13.779,0.85983,0.85995,2.25,1.50
2012.03.28 15:06:13.856,0.85988,0.85995,1.50,1.50
2012.03.28 15:06:14.771,0.85988,0.85997,1.50,1.13
2012.03.28 15:06:16.352,0.85986,0.85998,1.50,1.13
2012.03.28 15:06:17.016,0.85989,0.85998,1.50,1.13
2012.03.28 15:06:21.098,0.85987,0.85996,1.50,1.50
2012.03.28 15:06:24.944,0.85989,0.85998,1.50,1.13
2012.03.28 15:06:29.632,0.85987,0.85999,1.50,4.50
2012.03.28 15:06:31.994,0.85989,0.85997,1.50,1.50
2012.03.28 15:06:33.690,0.8599,0.86003,1.50,2.09
2012.03.28 15:06:33.985,0.85995,0.86005,1.50,2.99
2012.03.28 15:06:34.062,0.85993,0.86006,1.50,5.63
2012.03.28 15:06:34.538,0.85995,0.86006,1.50,2.93
2012.03.28 15:06:36.647,0.85993,0.86005,1.50,1.88
2012.03.28 15:06:36.794,0.8599,0.86005,1.50,3.38
2012.03.28 15:06:36.874,0.85988,0.86003,2.25,1.50
2012.03.28 15:06:37.229,0.86,0.86006,1.50,2.25
2012.03.28 15:06:37.961,0.86012,0.86019,1.50,1.50
2012.03.28 15:06:38.056,0.86016,0.86029,1.50,2.33
2012.03.28 15:06:38.340,0.86018,0.86029,1.50,2.33
2012.03.28 15:06:38.932,0.86017,0.86029,1.50,2.33
2012.03.28 15:06:39.383,0.86014,0.86025,1.50,1.50
2012.03.28 15:06:39.803,0.86012,0.86025,1.50,3.45
2012.03.28 15:06:40.024,0.86013,0.86025,1.50,2.33
2012.03.28 15:06:40.178,0.86018,0.86025,1.35,2.63
2012.03.28 15:06:40.533,0.86025,0.86032,1.95,1.34
2012.03.28 15:06:41.111,0.86024,0.8604,3.68,2.25
2012.03.28 15:06:41.198,0.86028,0.86041,1.50,3.00
2012.03.28 15:06:41.271,0.86026,0.8604,1.50,2.25
2012.03.28 15:06:41.679,0.86024,0.86035,1.50,1.50
2012.03.28 15:06:41.970,0.86021,0.8603,1.88,1.50
2012.03.28 15:06:42.592,0.86021,0.8603,1.13,1.50
2012.03.28 15:06:43.003,0.86019,0.86029,1.13,1.50
2012.03.28 15:06:43.421,0.86016,0.86025,1.13,1.50
2012.03.28 15:06:43.779,0.86014,0.86021,3.45,1.50
2012.03.28 15:06:43.860,0.86016,0.86025,2.70,1.50
2012.03.28 15:06:43.941,0.86018,0.86031,1.50,3.75
2012.03.28 15:06:44.022,0.86014,0.86027,1.50,2.25
2012.03.28 15:06:44.568,0.86016,0.86029,2.70,1.50
2012.03.28 15:06:44.641,0.86018,0.86029,1.50,1.50
2012.03.28 15:06:44.714,0.86019,0.86032,1.50,1.13
2012.03.28 15:06:44.845,0.86017,0.86032,1.50,2.63
2012.03.28 15:06:44.919,0.86017,0.86032,1.50,6.08
2012.03.28 15:06:44.996,0.86017,0.86032,1.50,5.33
2012.03.28 15:06:45.136,0.86013,0.86028,6.00,3.00
2012.03.28 15:06:45.469,0.86013,0.86025,4.50,1.50
2012.03.28 15:06:45.827,0.86009,0.86022,1.50,1.50
2012.03.28 15:06:46.210,0.86009,0.86022,1.50,2.25
2012.03.28 15:06:46.297,0.86011,0.86025,1.50,2.25
2012.03.28 15:06:46.442,0.86011,0.8602,1.50,1.50
2012.03.28 15:06:46.520,0.86012,0.86026,1.50,4.20
2012.03.28 15:06:46.596,0.86014,0.86027,1.50,3.75
2012.03.28 15:06:47.009,0.86016,0.86027,2.25,2.25
2012.03.28 15:06:47.093,0.86017,0.8603,2.25,2.25
2012.03.28 15:06:47.170,0.86019,0.86032,1.50,2.25
2012.03.28 15:06:47.316,0.8602,0.86032,3.45,1.50
2012.03.28 15:06:47.386,0.86023,0.86036,1.50,3.00
2012.03.28 15:06:47.842,0.86026,0.86036,1.50,1.50
2012.03.28 15:06:48.265,0.86024,0.86037,1.50,1.50
2012.03.28 15:06:50.047,0.86027,0.86037,1.50,1.50
2012.03.28 15:06:50.355,0.86029,0.86037,1.50,1.50
2012.03.28 15:06:50.872,0.86029,0.86038,1.50,1.50
2012.03.28 15:06:53.303,0.86027,0.86038,1.50,1.50
2012.03.28 15:06:55.260,0.86027,0.8604,1.50,1.50
2012.03.28 15:06:55.480,0.86033,0.86043,1.50,1.13
2012.03.28 15:06:56.086,0.86033,0.86044,1.50,1.13
2012.03.28 15:06:58.504,0.86029,0.86042,3.00,3.45
2012.03.28 15:06:59.946,0.8603,0.86042,1.50,1.95
2012.03.28 15:07:00.498,0.86028,0.86042,1.50,1.50
2012.03.28 15:07:00.816,0.86029,0.86043,4.05,1.50
2012.03.28 15:07:01.342,0.86029,0.86044,4.05,1.50
2012.03.28 15:07:01.999,0.86031,0.86046,1.50,3.00
2012.03.28 15:07:02.347,0.8603,0.86043,1.88,1.50
2012.03.28 15:07:02.674,0.86032,0.86045,1.50,4.20
2012.03.28 15:07:03.214,0.8604,0.86045,1.95,1.50
2012.03.28 15:07:03.488,0.86041,0.86053,4.43,2.70
2012.03.28 15:07:04.026,0.86041,0.86053,2.25,2.33
2012.03.28 15:07:04.169,0.86039,0.86053,1.50,2.33
2012.03.28 15:07:04.323,0.86039,0.8605,1.50,3.45
2012.03.28 15:07:04.540,0.86033,0.86048,3.60,1.50
2012.03.28 15:07:04.689,0.86033,0.86045,3.53,1.50
2012.03.28 15:07:04.974,0.86039,0.86052,2.10,1.50
2012.03.28 15:07:05.242,0.86041,0.86055,1.50,4.95
2012.03.28 15:07:05.382,0.86041,0.86055,1.50,3.45
2012.03.28 15:07:06.642,0.8604,0.86053,1.50,1.50
2012.03.28 15:07:06.859,0.86041,0.86055,1.50,1.95
2012.03.28 15:07:06.928,0.8604,0.86053,1.50,1.50
2012.03.28 15:07:07.397,0.86038,0.8605,1.50,1.50
2012.03.28 15:07:08.156,0.86038,0.8605,3.83,1.50
2012.03.28 15:07:08.366,0.86037,0.86051,1.50,3.45
2012.03.28 15:07:08.985,0.86038,0.86051,1.50,2.70
2012.03.28 15:07:10.038,0.86038,0.8605,1.50,1.50
2012.03.28 15:07:12.743,0.86038,0.86052,1.50,2.25
2012.03.28 15:07:12.962,0.86038,0.8605,1.50,1.50
2012.03.28 15:07:13.094,0.86039,0.86052,1.50,3.00
2012.03.28 15:07:13.165,0.86039,0.8605,1.50,1.95
2012.03.28 15:07:13.365,0.86035,0.86048,1.50,1.50
2012.03.28 15:07:13.753,0.86033,0.86046,2.25,1.50
2012.03.28 15:07:13.835,0.86034,0.86049,1.50,4.20
2012.03.28 15:07:15.226,0.86037,0.86049,1.50,3.45
2012.03.28 15:07:15.557,0.86039,0.86052,1.50,1.88
2012.03.28 15:07:15.682,0.86041,0.86053,1.50,1.13
2012.03.28 15:07:16.735,0.86039,0.86052,3.45,1.50
2012.03.28 15:07:16.806,0.86041,0.86054,1.50,1.50
2012.03.28 15:07:17.322,0.86043,0.86055,1.50,1.50
2012.03.28 15:07:18.422,0.86041,0.86054,1.50,1.50
2012.03.28 15:07:18.613,0.86043,0.86055,1.50,1.50
2012.03.28 15:07:18.685,0.86041,0.86055,1.50,3.00
2012.03.28 15:07:19.325,0.86042,0.86055,1.50,1.50
2012.03.28 15:07:19.913,0.86041,0.86054,1.50,1.50
2012.03.28 15:07:20.527,0.86034,0.86049,1.50,1.50
2012.03.28 15:07:20.658,0.86033,0.86046,1.50,1.50
2012.03.28 15:07:20.724,0.86031,0.86045,3.83,1.50
2012.03.28 15:07:20.954,0.86032,0.86047,1.50,3.00
2012.03.28 15:07:22.363,0.86034,0.86048,1.50,1.50
2012.03.28 15:07:22.894,0.86034,0.86048,1.50,2.91
2012.03.28 15:07:28.580,0.86032,0.86047,3.00,4.20
2012.03.28 15:07:30.184,0.86031,0.86045,1.88,1.50
2012.03.28 15:07:30.533,0.8603,0.86043,1.50,1.50
2012.03.28 15:07:30.737,0.86031,0.86045,1.50,1.50
2012.03.28 15:07:31.183,0.8603,0.86043,1.50,1.50
2012.03.28 15:07:31.583,0.86032,0.86045,1.50,1.50
2012.03.28 15:07:31.932,0.86029,0.86044,2.25,1.50
2012.03.28 15:07:32.844,0.86032,0.86044,2.18,1.50
2012.03.28 15:07:32.978,0.86032,0.86046,2.18,2.25
2012.03.28 15:07:34.384,0.86033,0.86046,1.95,2.25
2012.03.28 15:07:34.457,0.86031,0.86046,1.50,1.50
2012.03.28 15:07:34.524,0.86033,0.86047,1.50,1.95
2012.03.28 15:07:35.343,0.86037,0.86049,1.50,2.25
2012.03.28 15:07:36.060,0.8604,0.86052,1.50,3.68
2012.03.28 15:07:36.414,0.86044,0.86056,1.50,1.95
2012.03.28 15:07:36.635,0.8605,0.86059,1.50,1.50
2012.03.28 15:07:36.775,0.86054,0.86065,1.50,1.50
2012.03.28 15:07:36.915,0.86051,0.86065,1.50,1.50
2012.03.28 15:07:37.454,0.86049,0.86064,1.50,1.50
2012.03.28 15:07:37.704,0.86047,0.86062,1.50,1.50
2012.03.28 15:07:38.602,0.86046,0.86059,3.45,1.50
2012.03.28 15:07:38.935,0.86046,0.86056,1.50,1.95
2012.03.28 15:07:39.272,0.86039,0.86051,1.50,1.95
2012.03.28 15:07:39.784,0.86037,0.86051,3.00,1.50
2012.03.28 15:07:39.859,0.86035,0.8605,2.33,1.50
2012.03.28 15:07:41.505,0.86033,0.8605,6.68,3.45
2012.03.28 15:07:42.013,0.86035,0.8605,1.50,1.95
2012.03.28 15:07:42.386,0.86037,0.86052,1.50,1.95
2012.03.28 15:07:42.465,0.86035,0.86052,2.25,1.95
2012.03.28 15:07:43.015,0.86036,0.86052,1.50,1.95
2012.03.28 15:07:43.402,0.86038,0.86055,1.95,2.10
2012.03.28 15:07:43.597,0.86038,0.86055,1.95,2.25
2012.03.28 15:07:43.927,0.86034,0.86049,1.50,1.50
2012.03.28 15:07:44.068,0.86031,0.86047,1.13,1.95
2012.03.28 15:07:44.813,0.8603,0.86047,1.13,2.70
2012.03.28 15:07:44.962,0.8603,0.86049,1.13,5.18
2012.03.28 15:07:45.423,0.86029,0.86045,1.13,1.95
2012.03.28 15:07:45.778,0.86028,0.8604,6.38,2.70
2012.03.28 15:07:45.847,0.86028,0.8604,1.13,3.45
2012.03.28 15:07:45.918,0.86023,0.86039,1.50,2.93
2012.03.28 15:07:45.991,0.86023,0.86035,1.88,1.95
2012.03.28 15:07:46.144,0.86019,0.86032,1.13,2.18
2012.03.28 15:07:46.290,0.86018,0.86035,1.50,1.95
2012.03.28 15:07:46.723,0.86018,0.8603,1.50,1.50
2012.03.28 15:07:46.795,0.86016,0.86029,1.50,1.50
2012.03.28 15:07:46.863,0.8602,0.86029,1.50,1.50
2012.03.28 15:07:47.218,0.86029,0.86039,4.88,1.50
2012.03.28 15:07:47.297,0.8603,0.86039,1.50,1.50
2012.03.28 15:07:47.501,0.86032,0.86043,1.50,1.50
2012.03.28 15:07:47.753,0.86032,0.86045,3.00,1.50
2012.03.28 15:07:48.416,0.86033,0.86044,1.95,1.50
2012.03.28 15:07:49.679,0.86033,0.86045,1.95,3.00
2012.03.28 15:07:52.855,0.86032,0.86045,1.50,1.50
2012.03.28 15:07:53.058,0.86029,0.86044,4.50,4.20
2012.03.28 15:07:53.273,0.86029,0.86044,2.25,5.70
2012.03.28 15:07:53.822,0.8603,0.86041,1.50,1.50
2012.03.28 15:07:54.247,0.86034,0.86043,2.25,1.13
2012.03.28 15:07:54.587,0.86037,0.86046,1.50,1.13
2012.03.28 15:07:54.746,0.86037,0.86046,1.50,1.13
2012.03.28 15:07:55.543,0.86037,0.86046,1.50,1.13
2012.03.28 15:07:56.146,0.86034,0.86049,2.25,2.63
2012.03.28 15:07:56.686,0.86034,0.86049,2.25,3.38
2012.03.28 15:07:57.071,0.86037,0.86049,1.50,2.63
2012.03.28 15:07:57.355,0.86038,0.86052,2.25,1.50
2012.03.28 15:07:58.014,0.8604,0.86054,1.50,1.88
2012.03.28 15:07:58.374,0.86038,0.8605,5.63,1.50
2012.03.28 15:07:58.723,0.86032,0.86044,2.70,1.50
2012.03.28 15:07:59.056,0.86032,0.86042,1.95,1.50
2012.03.28 15:07:59.198,0.8603,0.86043,1.50,1.50
2012.03.28 15:07:59.400,0.8603,0.86038,1.50,1.50
2012.03.28 15:07:59.848,0.8603,0.86043,1.50,2.25
2012.03.28 15:07:59.926,0.86029,0.86041,1.50,1.50
2012.03.28 15:08:00.254,0.86029,0.86039,1.50,1.50
2012.03.28 15:08:00.514,0.86029,0.86041,1.50,1.50
2012.03.28 15:08:01.106,0.86029,0.86042,3.00,3.00
2012.03.28 15:08:03.161,0.86033,0.86045,2.25,1.50
2012.03.28 15:08:03.514,0.86036,0.8605,2.25,6.08
2012.03.28 15:08:03.589,0.86036,0.8605,2.25,4.20
2012.03.28 15:08:03.933,0.86041,0.8605,1.50,1.95
2012.03.28 15:08:04.446,0.86041,0.86052,1.50,4.49
2012.03.28 15:08:05.232,0.86039,0.86052,2.25,3.83
2012.03.28 15:08:05.577,0.86026,0.86039,3.00,1.95
2012.03.28 15:08:05.912,0.86024,0.86037,2.25,1.50
2012.03.28 15:08:06.252,0.8603,0.86039,3.45,1.50
2012.03.28 15:08:06.330,0.86034,0.86046,2.70,2.25
2012.03.28 15:08:06.410,0.86035,0.86048,3.00,1.13
2012.03.28 15:08:06.616,0.86035,0.8605,4.50,2.25
2012.03.28 15:08:08.731,0.86039,0.86045,2.25,1.95
2012.03.28 15:08:08.885,0.86037,0.86045,1.50,2.70
2012.03.28 15:08:08.968,0.86037,0.86045,1.50,4.20
2012.03.28 15:08:09.114,0.8603,0.86043,1.50,3.75
2012.03.28 15:08:09.190,0.86029,0.8604,1.50,1.50
2012.03.28 15:08:09.728,0.86029,0.86039,1.50,2.25
2012.03.28 15:08:09.813,0.86029,0.86041,1.50,1.50
2012.03.28 15:08:09.893,0.86031,0.86041,1.50,1.50
2012.03.28 15:08:09.963,0.86031,0.86044,1.50,1.50
2012.03.28 15:08:10.418,0.86029,0.86041,1.50,1.50
2012.03.28 15:08:10.966,0.86032,0.86041,1.50,1.95
2012.03.28 15:08:11.717,0.86031,0.86043,1.50,1.13
2012.03.28 15:08:11.816,0.86029,0.8604,1.50,2.33
2012.03.28 15:08:12.099,0.86025,0.86039,2.25,1.13
2012.03.28 15:08:12.436,0.86025,0.86039,2.25,1.13
2012.03.28 15:08:14.218,0.86027,0.86038,2.25,2.33
2012.03.28 15:08:14.786,0.86026,0.8604,2.25,2.25
2012.03.28 15:08:14.858,0.86026,0.8604,2.25,2.25
2012.03.28 15:08:15.129,0.86029,0.86041,2.25,1.95
2012.03.28 15:08:15.457,0.8603,0.86042,2.25,1.13
2012.03.28 15:08:15.798,0.86031,0.86042,2.93,1.95
2012.03.28 15:08:15.936,0.86031,0.86042,2.93,1.50
2012.03.28 15:08:16.082,0.86029,0.86042,3.00,1.50
2012.03.28 15:08:16.634,0.86029,0.86041,1.50,1.50
2012.03.28 15:08:16.710,0.86029,0.86043,1.50,3.00
2012.03.28 15:08:17.666,0.86029,0.8604,1.50,1.95
2012.03.28 15:08:17.797,0.86029,0.8604,1.50,1.95
2012.03.28 15:08:19.069,0.8603,0.8604,2.25,1.95
2012.03.28 15:08:19.673,0.86029,0.86041,1.50,1.50
2012.03.28 15:08:20.567,0.86029,0.86041,1.50,1.50
2012.03.28 15:08:21.019,0.86034,0.86046,1.50,3.00
2012.03.28 15:08:21.236,0.86033,0.86046,2.25,1.50
2012.03.28 15:08:21.553,0.86037,0.86049,2.25,2.70
2012.03.28 15:08:22.812,0.86037,0.86048,2.25,2.25
2012.03.28 15:08:23.026,0.86037,0.86048,2.25,1.50
2012.03.28 15:08:23.098,0.86037,0.86048,2.25,2.25
2012.03.28 15:08:23.311,0.86036,0.86049,1.50,2.25
2012.03.28 15:08:23.735,0.86038,0.86051,2.25,2.25
2012.03.28 15:08:23.810,0.86038,0.86049,2.25,1.50
2012.03.28 15:08:24.286,0.86035,0.86046,1.50,1.50
2012.03.28 15:08:24.365,0.86041,0.86053,2.25,1.95
2012.03.28 15:08:24.898,0.86039,0.86054,2.25,2.25
2012.03.28 15:08:25.434,0.86038,0.86053,6.08,1.50
2012.03.28 15:08:25.989,0.8604,0.86055,2.25,3.00
2012.03.28 15:08:26.119,0.8604,0.86055,2.25,3.00
2012.03.28 15:08:26.679,0.86039,0.86048,2.25,2.70
2012.03.28 15:08:26.768,0.86037,0.86049,2.25,2.25
2012.03.28 15:08:26.965,0.86037,0.86049,2.25,1.50
2012.03.28 15:08:27.033,0.86033,0.86046,3.75,1.50
2012.03.28 15:08:27.617,0.86035,0.86048,2.25,1.50
2012.03.28 15:08:27.754,0.86033,0.86046,3.00,1.50
2012.03.28 15:08:28.185,0.86034,0.86046,1.50,1.50
2012.03.28 15:08:28.740,0.86033,0.86042,2.25,1.95
2012.03.28 15:08:29.028,0.86031,0.86043,2.25,1.50
2012.03.28 15:08:29.289,0.86035,0.86048,2.25,2.25
2012.03.28 15:08:29.841,0.86037,0.86049,2.25,2.70
2012.03.28 15:08:29.986,0.86035,0.86049,2.25,2.70
2012.03.28 15:08:31.538,0.86036,0.86049,2.25,4.20
2012.03.28 15:08:32.377,0.86036,0.86049,2.25,4.20
2012.03.28 15:08:32.569,0.86036,0.86049,2.25,4.20
2012.03.28 15:08:33.130,0.86038,0.86049,2.25,2.70
2012.03.28 15:08:33.705,0.86038,0.86047,2.25,2.70
2012.03.28 15:08:33.903,0.86038,0.86047,1.50,2.70
2012.03.28 15:08:33.975,0.86038,0.86046,1.50,3.23
2012.03.28 15:08:34.163,0.86034,0.86046,2.25,3.08
2012.03.28 15:08:34.234,0.86034,0.86046,2.25,2.70
2012.03.28 15:08:34.365,0.86037,0.86046,1.50,3.08
2012.03.28 15:08:34.622,0.86034,0.86046,2.25,2.70
2012.03.28 15:08:35.422,0.86035,0.86046,1.50,1.95
2012.03.28 15:08:35.507,0.86033,0.86044,3.75,1.95
2012.03.28 15:08:35.640,0.86033,0.86047,2.25,3.30
2012.03.28 15:08:36.036,0.86031,0.86045,2.25,1.50
2012.03.28 15:08:37.153,0.86032,0.86047,2.25,4.20
2012.03.28 15:08:38.293,0.86036,0.8604,2.25,1.95
2012.03.28 15:08:38.379,0.86029,0.8604,3.00,1.95
2012.03.28 15:08:38.664,0.86026,0.8604,2.25,2.70
2012.03.28 15:08:39.665,0.86026,0.86037,2.25,1.95
2012.03.28 15:08:40.283,0.86026,0.86037,2.25,1.95
2012.03.28 15:08:41.781,0.86027,0.86036,2.25,1.95
2012.03.28 15:08:41.998,0.86029,0.8604,1.50,2.25
2012.03.28 15:08:42.068,0.86026,0.86037,2.25,1.50
2012.03.28 15:08:42.397,0.86026,0.86037,2.25,1.50
2012.03.28 15:08:42.536,0.86025,0.86037,2.25,1.50
2012.03.28 15:08:43.073,0.86028,0.86036,1.50,1.95
2012.03.28 15:08:43.593,0.86029,0.86036,1.50,1.95
2012.03.28 15:08:44.473,0.86029,0.8604,1.50,2.70
2012.03.28 15:08:44.992,0.8603,0.8604,2.25,1.95
2012.03.28 15:08:47.576,0.86027,0.86034,2.25,1.95
2012.03.28 15:08:48.113,0.86025,0.86034,2.25,1.95
2012.03.28 15:08:53.231,0.86025,0.86034,2.25,1.95
2012.03.28 15:08:53.452,0.86019,0.86032,1.50,1.50
2012.03.28 15:08:53.789,0.86019,0.8603,1.50,1.95
2012.03.28 15:08:54.302,0.86018,0.86031,4.80,1.50
2012.03.28 15:08:54.445,0.8602,0.86033,2.25,2.25
2012.03.28 15:08:55.235,0.8602,0.86032,2.25,1.95
2012.03.28 15:08:55.772,0.86018,0.86031,1.50,1.50
2012.03.28 15:08:55.977,0.86017,0.86029,1.50,1.95
2012.03.28 15:08:56.315,0.86019,0.86029,2.25,1.95
2012.03.28 15:08:57.616,0.8602,0.86031,2.25,1.95
2012.03.28 15:08:57.685,0.8602,0.86035,2.25,5.33
2012.03.28 15:08:57.904,0.86022,0.86035,1.50,3.45
2012.03.28 15:08:58.053,0.86026,0.86036,1.50,1.50
2012.03.28 15:08:58.713,0.86026,0.86039,2.25,1.50
2012.03.28 15:08:58.799,0.86024,0.86036,4.80,1.50
2012.03.28 15:08:59.866,0.86024,0.86036,4.13,1.50
2012.03.28 15:08:59.937,0.86026,0.86039,2.25,2.25
2012.03.28 15:09:00.009,0.86026,0.86039,2.25,2.25
2012.03.28 15:09:00.643,0.86025,0.86038,3.68,1.50
2012.03.28 15:09:01.141,0.86028,0.8604,2.25,2.70
2012.03.28 15:09:01.543,0.86031,0.8604,1.50,2.70
2012.03.28 15:09:01.770,0.86028,0.86043,3.75,3.75
2012.03.28 15:09:02.307,0.86029,0.86039,1.50,2.70
2012.03.28 15:09:02.594,0.86026,0.86037,1.50,1.50
2012.03.28 15:09:03.050,0.86028,0.86041,2.25,1.50
2012.03.28 15:09:03.637,0.86036,0.86041,1.95,1.50
2012.03.28 15:09:03.989,0.8604,0.86045,1.95,1.50
2012.03.28 15:09:04.145,0.86042,0.86055,2.25,3.75
2012.03.28 15:09:04.216,0.86042,0.86055,2.25,3.75
2012.03.28 15:09:04.288,0.86043,0.86057,2.25,1.50
2012.03.28 15:09:04.959,0.86045,0.86057,2.25,3.00
2012.03.28 15:09:05.975,0.86042,0.86057,2.25,2.25
2012.03.28 15:09:06.049,0.86041,0.86052,2.70,1.50
2012.03.28 15:09:07.537,0.86041,0.86052,2.70,1.50
2012.03.28 15:09:07.675,0.86039,0.86048,1.88,1.50
2012.03.28 15:09:08.356,0.86039,0.86049,1.13,1.50
2012.03.28 15:09:09.879,0.86039,0.86051,1.13,1.50
2012.03.28 15:09:10.171,0.8604,0.86051,1.50,1.50
2012.03.28 15:09:10.254,0.86046,0.86055,1.50,1.95
2012.03.28 15:09:10.907,0.86042,0.86049,1.50,1.50
2012.03.28 15:09:10.987,0.86042,0.86051,1.50,1.50
2012.03.28 15:09:11.195,0.8604,0.86049,2.70,1.50
2012.03.28 15:09:11.469,0.8604,0.86051,2.70,1.50
2012.03.28 15:09:15.714,0.86039,0.86054,4.58,1.50
2012.03.28 15:09:17.665,0.86041,0.86056,2.25,5.25
2012.03.28 15:09:18.317,0.86039,0.86054,6.08,1.50
2012.03.28 15:09:19.306,0.86039,0.86054,2.63,2.25
2012.03.28 15:09:19.388,0.86039,0.86051,2.25,1.50
2012.03.28 15:09:19.472,0.86037,0.86045,1.13,1.50
2012.03.28 15:09:19.803,0.86033,0.86043,1.50,1.50
2012.03.28 15:09:20.075,0.86032,0.86043,1.88,1.50
2012.03.28 15:09:20.218,0.86032,0.8604,2.63,1.50
2012.03.28 15:09:20.435,0.86032,0.86042,1.50,3.00
2012.03.28 15:09:20.715,0.86032,0.86044,1.50,2.25
2012.03.28 15:09:21.215,0.86032,0.86042,1.50,1.50
2012.03.28 15:09:21.289,0.86032,0.86044,1.50,2.70
2012.03.28 15:09:21.636,0.86033,0.86045,2.25,2.25
2012.03.28 15:09:22.194,0.86034,0.86043,1.50,1.50
2012.03.28 15:09:22.781,0.86032,0.86045,1.88,2.25
2012.03.28 15:09:23.583,0.86034,0.86043,1.50,1.50
2012.03.28 15:09:24.441,0.86032,0.86045,1.50,2.25
2012.03.28 15:09:24.524,0.8603,0.86042,1.50,1.50
2012.03.28 15:09:26.893,0.86032,0.86044,1.50,5.16
2012.03.28 15:09:28.054,0.86032,0.86044,1.50,3.75
2012.03.28 15:09:28.823,0.86032,0.86044,1.50,3.75
2012.03.28 15:09:29.833,0.86032,0.86043,1.50,1.50
2012.03.28 15:09:30.392,0.86032,0.86044,1.50,2.25
2012.03.28 15:09:31.062,0.86032,0.86044,1.50,3.66
2012.03.28 15:09:31.563,0.8603,0.86041,1.50,1.50
2012.03.28 15:09:31.888,0.86029,0.86039,5.25,1.50
2012.03.28 15:09:32.441,0.86029,0.86036,5.25,1.50
2012.03.28 15:09:32.529,0.86029,0.86038,5.25,1.50
2012.03.28 15:09:32.807,0.8603,0.8604,1.50,1.50
2012.03.28 15:09:33.073,0.86032,0.86042,1.50,1.50
2012.03.28 15:09:33.593,0.86033,0.86044,1.50,2.16
2012.03.28 15:09:34.450,0.86033,0.86045,2.25,3.66
2012.03.28 15:09:35.410,0.86032,0.86043,1.50,1.50
2012.03.28 15:09:36.053,0.8603,0.86043,1.50,1.50
2012.03.28 15:09:36.476,0.8603,0.86041,1.50,1.50
2012.03.28 15:09:36.987,0.8603,0.86043,1.50,2.25
2012.03.28 15:09:39.030,0.86033,0.86043,1.50,2.25
2012.03.28 15:09:39.175,0.86033,0.86048,3.00,3.00
2012.03.28 15:09:39.715,0.86033,0.86046,1.88,1.50
2012.03.28 15:09:41.791,0.86033,0.86046,3.83,1.50
2012.03.28 15:09:43.434,0.86033,0.86048,5.33,3.75
2012.03.28 15:09:45.347,0.86033,0.86048,6.08,2.25
2012.03.28 15:09:46.352,0.86033,0.86048,5.33,2.25
2012.03.28 15:09:47.996,0.86034,0.86045,1.50,1.50
2012.03.28 15:09:48.525,0.86034,0.86043,1.50,1.50
2012.03.28 15:09:48.619,0.86032,0.86045,1.50,3.00
2012.03.28 15:09:49.118,0.86032,0.86045,1.50,3.00
2012.03.28 15:09:49.532,0.86032,0.86042,1.50,1.50
2012.03.28 15:09:50.299,0.86032,0.86042,1.50,1.50
2012.03.28 15:09:50.781,0.86033,0.86045,1.50,2.25
2012.03.28 15:09:51.088,0.86032,0.86042,1.50,1.50
2012.03.28 15:09:51.361,0.86032,0.86044,1.50,1.95
2012.03.28 15:09:53.240,0.86032,0.86045,1.50,3.00
2012.03.28 15:09:53.326,0.86032,0.86045,2.25,2.25
2012.03.28 15:09:53.603,0.86035,0.8605,2.25,2.25
2012.03.28 15:09:53.675,0.86035,0.8605,2.25,3.00
2012.03.28 15:09:53.745,0.86035,0.8605,2.25,2.25
2012.03.28 15:09:54.009,0.86035,0.8605,2.25,3.38
2012.03.28 15:09:54.090,0.86035,0.86048,2.25,1.50
2012.03.28 15:09:54.909,0.86034,0.86045,2.25,1.50
2012.03.28 15:09:55.274,0.86034,0.86047,2.25,1.50
2012.03.28 15:09:55.616,0.86034,0.86047,8.63,1.50
2012.03.28 15:09:55.970,0.86044,0.86054,1.50,2.16
2012.03.28 15:09:56.050,0.86044,0.86056,2.25,1.50
2012.03.28 15:09:56.587,0.86047,0.86056,1.50,1.50
2012.03.28 15:09:56.734,0.86044,0.86054,1.50,1.50
2012.03.28 15:09:56.875,0.86039,0.86051,4.20,1.50
2012.03.28 15:09:57.017,0.86039,0.86054,2.25,3.00
2012.03.28 15:09:57.089,0.86039,0.86054,3.00,2.25
2012.03.28 15:09:57.623,0.86046,0.86055,2.25,1.95
2012.03.28 15:09:58.678,0.86045,0.86056,2.25,1.95
2012.03.28 15:09:59.031,0.86049,0.8606,1.50,2.25
2012.03.28 15:09:59.110,0.86049,0.86061,1.50,2.25
2012.03.28 15:09:59.664,0.8605,0.86062,4.43,1.50
2012.03.28 15:10:00.738,0.8605,0.86065,6.38,3.00
2012.03.28 15:10:01.029,0.8605,0.86063,5.25,1.50
2012.03.28 15:10:01.104,0.86052,0.86065,2.25,1.50
2012.03.28 15:10:01.634,0.86052,0.86065,2.25,1.50
2012.03.28 15:10:01.980,0.86056,0.86067,1.95,2.25
2012.03.28 15:10:02.063,0.86057,0.86068,1.50,1.50
2012.03.28 15:10:02.197,0.86061,0.86072,2.25,1.50
2012.03.28 15:10:02.602,0.86059,0.86072,3.00,1.50
2012.03.28 15:10:03.135,0.86059,0.86072,5.18,1.50
2012.03.28 15:10:03.327,0.8606,0.86074,2.25,3.45
2012.03.28 15:10:04.175,0.8606,0.86074,2.25,3.75
2012.03.28 15:10:04.609,0.8606,0.86074,2.25,3.75
2012.03.28 15:10:04.695,0.86057,0.8607,4.88,1.50
2012.03.28 15:10:04.769,0.86057,0.86072,6.38,1.50
2012.03.28 15:10:05.188,0.86059,0.86074,4.43,2.25
2012.03.28 15:10:05.703,0.86058,0.86071,4.43,3.00
2012.03.28 15:10:06.106,0.86059,0.86074,2.25,3.00
2012.03.28 15:10:06.639,0.86062,0.86074,2.25,1.50
2012.03.28 15:10:06.726,0.86064,0.86075,2.25,2.25
2012.03.28 15:10:06.863,0.86063,0.86076,3.00,3.45
2012.03.28 15:10:07.005,0.86063,0.86075,1.50,2.16
2012.03.28 15:10:07.513,0.86062,0.86074,2.25,3.00
2012.03.28 15:10:07.843,0.86063,0.8607,1.50,1.50
2012.03.28 15:10:07.990,0.86064,0.86072,2.25,1.50
2012.03.28 15:10:08.148,0.86064,0.86072,2.25,1.50
2012.03.28 15:10:08.214,0.86067,0.86075,2.18,2.25
2012.03.28 15:10:08.663,0.86066,0.86079,2.63,3.00
2012.03.28 15:10:08.983,0.86066,0.86076,1.50,1.95
2012.03.28 15:10:09.187,0.86062,0.86075,1.50,1.50
2012.03.28 15:10:09.741,0.86061,0.86076,2.25,6.36
2012.03.28 15:10:10.016,0.8606,0.86074,3.00,2.25
2012.03.28 15:10:10.145,0.86058,0.86072,1.50,1.50
2012.03.28 15:10:10.698,0.86057,0.86068,1.13,1.50
2012.03.28 15:10:10.780,0.86052,0.86065,2.63,3.45
2012.03.28 15:10:11.186,0.86058,0.86067,1.50,2.25
2012.03.28 15:10:11.257,0.86061,0.86067,1.50,1.50
2012.03.28 15:10:11.401,0.86061,0.8607,2.93,1.50
2012.03.28 15:10:11.479,0.86061,0.8607,4.43,1.50
2012.03.28 15:10:11.629,0.86063,0.8607,1.50,1.50
2012.03.28 15:10:11.711,0.86063,0.86078,3.00,4.20
2012.03.28 15:10:12.170,0.86065,0.86078,3.00,3.45
2012.03.28 15:10:12.607,0.86063,0.86076,1.50,4.20
2012.03.28 15:10:12.954,0.86066,0.8608,1.50,1.50
2012.03.28 15:10:13.098,0.86066,0.86079,1.50,4.20
2012.03.28 15:10:13.169,0.86063,0.86077,3.00,2.25
2012.03.28 15:10:13.669,0.86063,0.86076,4.88,1.50
2012.03.28 15:10:13.748,0.86063,0.86073,4.88,1.50
2012.03.28 15:10:13.998,0.86063,0.86075,2.93,1.50
2012.03.28 15:10:14.555,0.86062,0.86074,2.33,1.50
2012.03.28 15:10:14.915,0.86059,0.8607,1.13,1.50
2012.03.28 15:10:14.990,0.86058,0.8607,2.25,1.50
2012.03.28 15:10:15.479,0.86058,0.86068,2.25,1.95
2012.03.28 15:10:16.099,0.86055,0.86066,4.50,1.50
2012.03.28 15:10:16.222,0.86051,0.86064,1.50,1.95
2012.03.28 15:10:16.554,0.86047,0.86062,1.50,1.50
2012.03.28 15:10:16.699,0.86051,0.86064,1.50,4.95
2012.03.28 15:10:17.046,0.86053,0.86064,1.50,1.95
2012.03.28 15:10:17.575,0.8605,0.86064,3.00,2.91
2012.03.28 15:10:18.116,0.86049,0.86062,1.50,4.20
2012.03.28 15:10:18.448,0.86047,0.8606,1.50,2.70
2012.03.28 15:10:18.594,0.86045,0.86058,3.00,1.50
2012.03.28 15:10:19.061,0.86046,0.86061,1.50,3.00
2012.03.28 15:10:19.144,0.86049,0.86061,1.50,1.50
2012.03.28 15:10:19.638,0.86046,0.8606,1.50,1.50
2012.03.28 15:10:19.921,0.86052,0.86061,1.95,2.25
2012.03.28 15:10:20.075,0.86052,0.86063,1.95,1.50
2012.03.28 15:10:20.290,0.86054,0.86065,2.70,1.50
2012.03.28 15:10:20.373,0.86054,0.86068,2.70,2.25
2012.03.28 15:10:21.032,0.86055,0.86068,1.50,1.50
2012.03.28 15:10:21.575,0.86055,0.86067,1.50,1.50
2012.03.28 15:10:22.092,0.86056,0.86068,1.50,2.25
2012.03.28 15:10:22.374,0.86054,0.86067,2.25,2.25
2012.03.28 15:10:22.728,0.86055,0.86069,1.50,2.25
2012.03.28 15:10:24.286,0.86055,0.86068,1.50,1.50
2012.03.28 15:10:25.117,0.86055,0.86069,1.50,1.50
2012.03.28 15:10:25.534,0.86058,0.86069,1.95,1.50
2012.03.28 15:10:25.886,0.8606,0.8607,1.50,1.50
2012.03.28 15:10:25.965,0.8606,0.86072,1.50,2.25
2012.03.28 15:10:26.384,0.86065,0.86078,1.50,1.50
2012.03.28 15:10:26.460,0.86063,0.86075,2.25,1.50
2012.03.28 15:10:26.942,0.86066,0.86081,1.50,2.63
2012.03.28 15:10:27.029,0.86067,0.86082,1.50,5.70
2012.03.28 15:10:27.107,0.86064,0.86079,3.45,1.50
2012.03.28 15:10:27.447,0.86067,0.8608,4.13,3.00
2012.03.28 15:10:27.795,0.86064,0.86076,1.50,1.50
2012.03.28 15:10:28.483,0.86071,0.8608,1.50,1.50
2012.03.28 15:10:28.568,0.86071,0.86083,1.50,2.70
2012.03.28 15:10:28.643,0.8607,0.86081,1.50,1.95
2012.03.28 15:10:28.995,0.86072,0.8608,1.50,2.16
2012.03.28 15:10:29.067,0.86069,0.8608,1.50,2.16
2012.03.28 15:10:29.527,0.86072,0.86083,1.50,4.04
2012.03.28 15:10:30.352,0.86073,0.86083,1.50,2.91
2012.03.28 15:10:30.574,0.86071,0.86085,1.50,1.50
2012.03.28 15:10:30.785,0.86073,0.86084,1.50,2.70
2012.03.28 15:10:31.114,0.86071,0.86084,1.50,2.70
2012.03.28 15:10:37.135,0.86074,0.86085,1.50,2.70
2012.03.28 15:10:37.796,0.86072,0.86085,1.50,4.20
2012.03.28 15:10:37.927,0.8607,0.86083,1.50,2.25
2012.03.28 15:10:38.064,0.8607,0.86083,2.25,2.25
2012.03.28 15:10:38.445,0.8607,0.86082,1.50,1.95
2012.03.28 15:10:38.528,0.86072,0.86078,1.50,1.95
2012.03.28 15:10:38.729,0.8607,0.86079,1.50,1.95
2012.03.28 15:10:38.806,0.86066,0.86079,2.25,2.70
2012.03.28 15:10:38.875,0.86066,0.86079,2.25,1.95
2012.03.28 15:10:39.157,0.86067,0.86079,1.50,2.70
2012.03.28 15:10:39.367,0.86065,0.86079,2.25,1.95
2012.03.28 15:10:39.585,0.86068,0.86079,1.50,2.70
2012.03.28 15:10:39.776,0.86067,0.86079,1.50,1.50
2012.03.28 15:10:40.227,0.86073,0.86085,1.50,1.50
2012.03.28 15:10:40.784,0.86074,0.86086,1.50,5.25
2012.03.28 15:10:41.322,0.86075,0.86086,1.50,5.25
2012.03.28 15:10:41.992,0.86078,0.86086,1.50,5.25
2012.03.28 15:10:42.223,0.86075,0.86086,1.50,5.25
2012.03.28 15:10:42.432,0.86078,0.86086,1.50,5.25
2012.03.28 15:10:43.211,0.86075,0.86086,1.50,5.25
2012.03.28 15:10:43.285,0.86075,0.86086,2.25,5.25
2012.03.28 15:10:43.614,0.86075,0.86086,1.50,5.25
2012.03.28 15:10:43.814,0.86073,0.86086,1.50,4.50
2012.03.28 15:10:44.280,0.86076,0.86086,1.95,4.50
2012.03.28 15:10:44.361,0.86079,0.86089,1.50,1.88
2012.03.28 15:10:44.508,0.8608,0.86095,1.50,6.29
2012.03.28 15:10:44.648,0.86082,0.86095,1.50,2.63
2012.03.28 15:10:44.964,0.8608,0.86095,6.38,1.50
2012.03.28 15:10:45.154,0.86085,0.86096,1.50,3.00
2012.03.28 15:10:45.824,0.86084,0.86096,1.50,1.50
2012.03.28 15:10:45.903,0.86081,0.86096,3.00,2.25
2012.03.28 15:10:46.363,0.86084,0.86096,1.50,2.25
2012.03.28 15:10:47.544,0.86082,0.86095,3.00,1.50
2012.03.28 15:10:47.686,0.8608,0.86092,2.25,1.95
2012.03.28 15:10:47.826,0.86077,0.86092,2.25,3.45
2012.03.28 15:10:48.161,0.8608,0.86092,1.50,1.95
2012.03.28 15:10:48.844,0.86081,0.86092,1.50,1.95
2012.03.28 15:10:48.920,0.86079,0.86094,2.25,4.20
2012.03.28 15:10:49.440,0.86078,0.86092,1.50,1.50
2012.03.28 15:10:49.793,0.86074,0.86086,3.68,1.50
2012.03.28 15:10:49.927,0.86075,0.86088,2.25,3.45
2012.03.28 15:10:50.504,0.86075,0.86088,2.25,2.25
2012.03.28 15:10:51.016,0.86075,0.86088,2.25,3.45
2012.03.28 15:10:51.785,0.86075,0.86088,2.25,4.20
2012.03.28 15:10:52.130,0.86077,0.8609,1.50,3.00
2012.03.28 15:10:52.288,0.86077,0.8609,2.25,2.25
2012.03.28 15:10:52.574,0.86082,0.86092,1.50,2.25
2012.03.28 15:10:53.098,0.86082,0.86094,1.50,1.13
2012.03.28 15:10:53.606,0.86082,0.86094,1.50,2.16
2012.03.28 15:10:53.682,0.86082,0.8609,1.50,1.50
2012.03.28 15:10:53.763,0.86075,0.86087,1.50,2.25
2012.03.28 15:10:54.249,0.86074,0.86089,4.95,1.50
2012.03.28 15:10:54.975,0.86075,0.86088,2.25,3.45
2012.03.28 15:10:55.048,0.86074,0.86086,1.50,1.50
2012.03.28 15:10:56.225,0.86074,0.86089,2.25,2.25
2012.03.28 15:10:56.574,0.86074,0.86089,2.25,3.00
2012.03.28 15:10:57.075,0.86073,0.86084,1.50,1.50
2012.03.28 15:10:57.147,0.86072,0.86084,1.50,1.50
2012.03.28 15:10:57.708,0.86069,0.86083,8.03,3.00
2012.03.28 15:10:57.837,0.86069,0.86081,8.03,1.50
2012.03.28 15:10:57.980,0.86066,0.86079,5.57,1.50
2012.03.28 15:10:58.128,0.86066,0.86079,3.09,1.50
2012.03.28 15:10:58.725,0.86067,0.8608,1.50,1.50
2012.03.28 15:11:00.588,0.86065,0.86077,2.91,1.50
2012.03.28 15:11:01.415,0.86063,0.86075,6.74,1.50
2012.03.28 15:11:01.785,0.86063,0.86075,2.63,1.50
2012.03.28 15:11:01.928,0.86066,0.86078,1.50,1.50
2012.03.28 15:11:02.347,0.86064,0.86077,1.50,2.25
2012.03.28 15:11:02.644,0.86058,0.86068,1.50,1.50
2012.03.28 15:11:03.217,0.86058,0.86067,1.50,1.50
2012.03.28 15:11:03.285,0.86058,0.86071,1.50,1.50
2012.03.28 15:11:04.021,0.86059,0.86072,4.20,1.50
2012.03.28 15:11:06.232,0.86059,0.86068,1.50,1.95
2012.03.28 15:11:06.679,0.86059,0.86066,1.50,3.45
2012.03.28 15:11:06.844,0.8605,0.86057,1.50,1.50
2012.03.28 15:11:06.995,0.86044,0.86054,2.70,1.50
2012.03.28 15:11:07.277,0.86043,0.86054,1.50,1.50
2012.03.28 15:11:08.095,0.8604,0.86056,1.13,3.66
2012.03.28 15:11:08.182,0.8604,0.86051,1.13,1.50
2012.03.28 15:11:08.261,0.86034,0.8605,7.37,1.50
2012.03.28 15:11:08.337,0.86034,0.86048,5.33,1.50
2012.03.28 15:11:09.146,0.86034,0.86052,5.70,1.95
2012.03.28 15:11:09.317,0.86034,0.8605,4.20,1.50
2012.03.28 15:11:09.711,0.86038,0.86052,1.50,1.95
2012.03.28 15:11:10.118,0.86042,0.86054,3.08,2.93
2012.03.28 15:11:10.492,0.86042,0.86056,4.58,1.50
2012.03.28 15:11:10.858,0.8605,0.86062,4.11,2.09
2012.03.28 15:11:11.012,0.8605,0.86065,2.16,3.45
2012.03.28 15:11:11.546,0.86052,0.86067,1.95,2.25
2012.03.28 15:11:11.638,0.86056,0.86072,1.50,3.83
2012.03.28 15:11:11.712,0.86061,0.86072,1.50,3.08
2012.03.28 15:11:11.974,0.86059,0.86072,3.00,4.58
2012.03.28 15:11:12.578,0.86057,0.8607,1.50,1.50
2012.03.28 15:11:13.480,0.86054,0.86069,3.75,1.50
2012.03.28 15:11:13.569,0.86057,0.86069,1.50,2.25
2012.03.28 15:11:14.626,0.86059,0.86071,1.50,2.25
2012.03.28 15:11:15.041,0.86059,0.86071,1.50,1.50
2012.03.28 15:11:15.176,0.86057,0.8607,1.95,1.50
2012.03.28 15:11:15.813,0.86058,0.86071,1.50,3.00
2012.03.28 15:11:16.356,0.8606,0.86073,1.50,4.50
2012.03.28 15:11:16.769,0.86057,0.86069,6.36,1.50
2012.03.28 15:11:17.077,0.86065,0.86075,1.50,4.50
2012.03.28 15:11:17.334,0.86065,0.86078,1.50,2.25
2012.03.28 15:11:17.540,0.86063,0.86076,2.25,1.50
2012.03.28 15:11:17.686,0.86065,0.86078,1.50,1.50
2012.03.28 15:11:18.475,0.86066,0.8608,1.50,3.45
2012.03.28 15:11:18.678,0.86064,0.86079,1.50,1.50
2012.03.28 15:11:18.747,0.86063,0.86076,1.50,1.50
2012.03.28 15:11:19.264,0.86062,0.86076,3.45,1.50
2012.03.28 15:11:19.617,0.86066,0.86079,1.50,3.45
2012.03.28 15:11:19.876,0.86066,0.86079,1.50,2.70
2012.03.28 15:11:21.322,0.86062,0.86075,1.50,1.50
2012.03.28 15:11:21.706,0.86059,0.86072,3.66,1.50
2012.03.28 15:11:22.233,0.86059,0.86072,1.50,1.50
2012.03.28 15:11:22.751,0.86061,0.86074,1.50,3.00
2012.03.28 15:11:23.039,0.86062,0.86076,1.50,3.45
2012.03.28 15:11:24.915,0.86062,0.86077,1.50,1.50
2012.03.28 15:11:25.188,0.86061,0.86075,4.05,1.50
2012.03.28 15:11:25.259,0.86062,0.86077,2.25,1.50
2012.03.28 15:11:25.337,0.86066,0.86079,1.50,4.41
2012.03.28 15:11:25.884,0.86066,0.86079,1.50,3.00
2012.03.28 15:11:26.193,0.86063,0.86078,1.50,2.25
2012.03.28 15:11:31.586,0.86063,0.86078,2.25,3.00
2012.03.28 15:11:31.718,0.86066,0.8608,1.50,2.25
2012.03.28 15:11:32.074,0.8607,0.86082,1.50,2.70
2012.03.28 15:11:32.680,0.86067,0.86073,1.50,1.95
2012.03.28 15:11:32.766,0.86062,0.86073,1.50,1.95
2012.03.28 15:11:32.981,0.86062,0.86075,1.50,1.50
2012.03.28 15:11:33.127,0.86059,0.86072,1.50,1.50
2012.03.28 15:11:33.578,0.86063,0.86077,1.50,1.88
2012.03.28 15:11:33.954,0.86066,0.86077,1.50,1.13
2012.03.28 15:11:34.835,0.86065,0.86076,1.50,1.13
2012.03.28 15:11:35.158,0.86062,0.86071,1.50,4.95
2012.03.28 15:11:35.303,0.86052,0.86065,1.50,1.50
2012.03.28 15:11:35.378,0.86052,0.86063,1.50,2.18
2012.03.28 15:11:35.450,0.86049,0.86063,3.75,2.18
2012.03.28 15:11:35.667,0.86052,0.86064,1.50,1.50
2012.03.28 15:11:36.232,0.86046,0.8606,2.70,1.50
2012.03.28 15:11:36.317,0.86047,0.86058,1.50,1.95
2012.03.28 15:11:36.516,0.86045,0.86058,1.50,1.95
2012.03.28 15:11:38.665,0.86045,0.86058,2.25,1.95
2012.03.28 15:11:38.736,0.86045,0.8606,2.25,2.25
2012.03.28 15:11:38.944,0.86044,0.86059,2.25,1.50
2012.03.28 15:11:39.017,0.86043,0.86057,3.75,1.50
2012.03.28 15:11:39.536,0.86045,0.86058,3.00,1.50
2012.03.28 15:11:39.603,0.86046,0.86061,1.50,3.66
2012.03.28 15:11:40.186,0.86046,0.86061,1.50,1.50
2012.03.28 15:11:40.374,0.86048,0.86062,1.50,4.20
2012.03.28 15:11:40.862,0.86046,0.86057,2.25,1.50
2012.03.28 15:11:41.190,0.86047,0.86057,3.45,1.50
2012.03.28 15:11:41.265,0.86047,0.86059,3.45,1.50
2012.03.28 15:11:41.337,0.86049,0.86061,2.25,1.50
2012.03.28 15:11:41.405,0.86049,0.86064,2.25,2.25
2012.03.28 15:11:41.534,0.86048,0.86062,2.25,1.50
2012.03.28 15:11:41.872,0.86052,0.86065,1.50,4.95
2012.03.28 15:11:42.210,0.86054,0.86065,1.50,2.25
2012.03.28 15:11:42.284,0.86054,0.86067,2.25,1.50
2012.03.28 15:11:42.356,0.86055,0.86068,2.25,1.50
2012.03.28 15:11:43.276,0.86058,0.8607,1.50,1.13
2012.03.28 15:11:43.360,0.8606,0.86073,3.00,4.05
2012.03.28 15:11:43.519,0.86068,0.86073,1.50,3.68
2012.03.28 15:11:43.600,0.86069,0.8608,1.50,4.05
2012.03.28 15:11:43.889,0.86071,0.86082,1.50,3.08
2012.03.28 15:11:44.699,0.86073,0.86082,1.50,1.13
2012.03.28 15:11:45.014,0.86075,0.86082,1.50,1.13
2012.03.28 15:11:45.692,0.86077,0.86086,1.50,1.13
2012.03.28 15:11:46.035,0.86082,0.86091,1.50,1.95
2012.03.28 15:11:46.367,0.86084,0.86092,1.50,1.13
2012.03.28 15:11:46.940,0.86082,0.86093,1.50,1.50
2012.03.28 15:11:47.531,0.86083,0.86092,1.50,2.70
2012.03.28 15:11:47.684,0.86079,0.86092,1.50,2.70
2012.03.28 15:11:48.228,0.86078,0.86091,1.50,3.45
2012.03.28 15:11:48.620,0.86074,0.86087,3.75,1.50
2012.03.28 15:11:49.705,0.86076,0.86087,2.16,1.50
2012.03.28 15:11:50.658,0.86074,0.86087,2.63,1.50
2012.03.28 15:11:51.456,0.86074,0.86087,2.25,1.50
2012.03.28 15:11:51.647,0.86078,0.8609,1.50,1.95
2012.03.28 15:11:52.025,0.86078,0.8609,1.50,2.70
2012.03.28 15:11:52.227,0.86075,0.86086,1.50,2.25
2012.03.28 15:11:52.304,0.86071,0.86086,2.63,2.25
2012.03.28 15:11:52.589,0.86069,0.86084,6.08,1.50
2012.03.28 15:11:53.060,0.86069,0.86079,3.45,1.50
2012.03.28 15:11:53.224,0.86069,0.86083,1.95,2.25
2012.03.28 15:11:53.511,0.86071,0.86083,2.16,1.50
2012.03.28 15:11:53.864,0.86077,0.86089,1.50,3.45
2012.03.28 15:11:54.188,0.86075,0.86079,1.50,1.95
2012.03.28 15:11:54.666,0.86067,0.86078,2.93,3.45
2012.03.28 15:11:54.749,0.86065,0.86076,1.50,2.25
2012.03.28 15:11:54.821,0.86065,0.86072,1.50,1.50
2012.03.28 15:11:54.899,0.86058,0.86071,2.70,1.50
2012.03.28 15:11:55.319,0.86055,0.86069,6.38,1.50
2012.03.28 15:11:55.824,0.86056,0.86068,2.25,1.50
2012.03.28 15:11:56.354,0.86055,0.86067,3.38,1.50
2012.03.28 15:11:56.830,0.86057,0.86067,2.70,1.50
2012.03.28 15:11:56.917,0.8606,0.86073,1.50,1.50
2012.03.28 15:11:57.055,0.8606,0.86073,1.50,1.50
2012.03.28 15:11:57.125,0.86063,0.86076,1.50,3.00
2012.03.28 15:11:57.400,0.86066,0.86079,1.50,1.13
2012.03.28 15:11:57.478,0.86066,0.8608,1.50,1.13
2012.03.28 15:11:57.747,0.86069,0.8608,1.50,1.50
2012.03.28 15:11:58.364,0.86069,0.86077,1.50,1.95
2012.03.28 15:11:58.888,0.86064,0.86077,1.50,1.95
2012.03.28 15:11:59.544,0.86064,0.86077,1.50,2.70
2012.03.28 15:12:00.034,0.86064,0.86078,2.25,1.88
2012.03.28 15:12:00.377,0.86074,0.86082,1.50,1.50
2012.03.28 15:12:00.887,0.86073,0.86083,1.50,6.45
2012.03.28 15:12:01.289,0.8607,0.86083,1.50,6.45
2012.03.28 15:12:01.375,0.86067,0.8608,2.25,2.25
2012.03.28 15:12:01.971,0.86065,0.86078,6.68,1.50
2012.03.28 15:12:02.046,0.86065,0.86078,4.43,1.50
2012.03.28 15:12:02.741,0.86066,0.86078,1.95,1.50
2012.03.28 15:12:03.249,0.86065,0.86077,1.50,1.95
2012.03.28 15:12:03.773,0.8606,0.86075,1.50,1.50
2012.03.28 15:12:03.845,0.8606,0.86072,1.50,1.50
2012.03.28 15:12:04.198,0.86058,0.86072,2.70,1.50
2012.03.28 15:12:04.481,0.86061,0.86073,1.50,1.50
2012.03.28 15:12:04.554,0.86059,0.86072,1.50,1.50
2012.03.28 15:12:04.803,0.86059,0.86072,2.25,1.50
2012.03.28 15:12:05.347,0.86059,0.86072,1.50,1.50
2012.03.28 15:12:06.109,0.86059,0.86072,3.00,1.50
2012.03.28 15:12:06.188,0.86059,0.86072,1.50,1.50
2012.03.28 15:12:06.325,0.86057,0.86069,5.18,1.50
2012.03.28 15:12:06.394,0.86058,0.86071,1.50,1.50
2012.03.28 15:12:07.126,0.86057,0.8607,2.18,1.50
2012.03.28 15:12:09.236,0.86064,0.8607,1.95,1.50
2012.03.28 15:12:09.376,0.86064,0.86072,1.95,3.00
2012.03.28 15:12:09.797,0.86074,0.8608,1.95,1.50
2012.03.28 15:12:09.942,0.86074,0.86089,1.95,1.50
2012.03.28 15:12:10.290,0.86074,0.8609,1.95,1.50
2012.03.28 15:12:11.967,0.86074,0.86091,2.70,2.25
2012.03.28 15:12:12.497,0.86074,0.86091,2.70,2.25
2012.03.28 15:12:12.956,0.86076,0.86094,1.50,2.70
2012.03.28 15:12:13.285,0.86076,0.86094,1.50,2.70
2012.03.28 15:12:14.580,0.86076,0.86094,2.25,1.95
2012.03.28 15:12:14.786,0.86077,0.86094,3.00,1.95
2012.03.28 15:12:14.961,0.86078,0.86096,3.45,1.13
2012.03.28 15:12:15.113,0.86078,0.86098,9.89,2.33
2012.03.28 15:12:15.255,0.86079,0.86098,2.25,1.95
2012.03.28 15:12:16.144,0.86081,0.86099,1.50,1.13
2012.03.28 15:12:16.676,0.86081,0.861,2.25,4.58
2012.03.28 15:12:17.107,0.86081,0.86099,2.25,1.50
2012.03.28 15:12:17.461,0.86091,0.86105,2.93,1.50
2012.03.28 15:12:17.543,0.86091,0.86106,2.93,1.50
2012.03.28 15:12:18.026,0.86089,0.86106,1.50,1.50
2012.03.28 15:12:18.454,0.86091,0.86106,1.50,1.50
2012.03.28 15:12:18.866,0.86089,0.86106,1.50,1.50
2012.03.28 15:12:19.414,0.86089,0.86106,2.25,1.50
2012.03.28 15:12:19.626,0.86092,0.86108,1.50,1.50
2012.03.28 15:12:20.527,0.8609,0.86108,3.08,3.45
2012.03.28 15:12:21.850,0.86092,0.86109,1.50,3.45
2012.03.28 15:12:21.933,0.86096,0.8611,1.95,1.50
2012.03.28 15:12:22.475,0.86096,0.86112,1.95,1.50
2012.03.28 15:12:22.925,0.86094,0.86107,4.80,1.95
2012.03.28 15:12:23.195,0.8609,0.86107,2.25,2.70
2012.03.28 15:12:23.605,0.8609,0.86108,4.20,1.88
2012.03.28 15:12:23.747,0.8609,0.86108,3.45,2.25
2012.03.28 15:12:24.402,0.8609,0.86106,1.50,2.70
2012.03.28 15:12:24.758,0.86094,0.86108,2.70,2.25
2012.03.28 15:12:24.967,0.86094,0.86111,3.45,1.50
2012.03.28 15:12:25.108,0.86094,0.86112,3.45,1.50
2012.03.28 15:12:26.408,0.86094,0.86111,3.45,1.50
2012.03.28 15:12:26.605,0.86094,0.86112,2.70,3.00
2012.03.28 15:12:26.821,0.86092,0.86111,2.63,3.45
2012.03.28 15:12:26.969,0.86093,0.86111,1.50,1.95
2012.03.28 15:12:27.257,0.86095,0.86112,1.95,1.50
2012.03.28 15:12:28.045,0.86095,0.86113,2.70,4.20
2012.03.28 15:12:28.385,0.861,0.86115,3.45,1.88
2012.03.28 15:12:28.708,0.86103,0.86118,1.50,6.45
2012.03.28 15:12:31.071,0.86105,0.86118,1.50,4.50
2012.03.28 15:12:31.295,0.86107,0.8612,1.50,3.75
2012.03.28 15:12:31.697,0.86113,0.86122,1.50,1.50
2012.03.28 15:12:31.858,0.86111,0.86122,1.50,1.50
2012.03.28 15:12:32.194,0.86109,0.8612,1.50,2.25
2012.03.28 15:12:32.271,0.86107,0.8612,4.58,2.25
2012.03.28 15:12:32.819,0.86108,0.8612,1.95,1.50
2012.03.28 15:12:33.506,0.86109,0.86122,1.50,2.25
2012.03.28 15:12:33.655,0.86112,0.86121,1.50,1.50
2012.03.28 15:12:33.802,0.86109,0.86121,1.50,2.25
2012.03.28 15:12:34.145,0.86107,0.86121,3.45,1.50
2012.03.28 15:12:34.288,0.86109,0.86121,1.50,1.50
2012.03.28 15:12:34.628,0.86111,0.86121,1.50,1.50
2012.03.28 15:12:35.388,0.86106,0.86121,2.63,2.25
2012.03.28 15:12:35.597,0.86105,0.86119,1.88,1.50
2012.03.28 15:12:35.734,0.86105,0.86119,1.88,1.50
2012.03.28 15:12:35.884,0.86106,0.86119,1.13,1.50
2012.03.28 15:12:36.226,0.86112,0.86125,1.50,1.50
2012.03.28 15:12:37.005,0.86116,0.86126,1.95,2.25
2012.03.28 15:12:37.365,0.86114,0.86127,2.93,2.25
2012.03.28 15:12:37.788,0.86112,0.86122,4.58,1.50
2012.03.28 15:12:38.218,0.86112,0.86127,5.33,2.25
2012.03.28 15:12:38.803,0.86112,0.86126,3.08,2.25
2012.03.28 15:12:39.021,0.86113,0.86123,1.50,1.50
2012.03.28 15:12:39.524,0.86112,0.86127,2.25,2.25
2012.03.28 15:12:40.192,0.86112,0.86127,2.25,2.25
2012.03.28 15:12:40.685,0.86117,0.86127,2.91,1.50
2012.03.28 15:12:40.829,0.8612,0.86131,4.20,1.13
2012.03.28 15:12:41.035,0.8612,0.86133,4.20,2.63
2012.03.28 15:12:41.110,0.8612,0.86133,4.20,2.25
2012.03.28 15:12:41.679,0.86122,0.86135,1.50,2.25
2012.03.28 15:12:41.878,0.86119,0.86134,3.00,2.25
2012.03.28 15:12:42.352,0.86121,0.86133,1.95,2.25
2012.03.28 15:12:44.230,0.86119,0.86133,2.93,2.25
2012.03.28 15:12:44.773,0.86117,0.8613,3.75,1.50
2012.03.28 15:12:45.300,0.86117,0.86129,1.95,1.50
2012.03.28 15:12:45.656,0.86112,0.86125,1.88,1.50
2012.03.28 15:12:45.799,0.8611,0.86125,2.63,1.50
2012.03.28 15:12:45.884,0.8611,0.86121,1.13,1.50
2012.03.28 15:12:46.448,0.86109,0.86121,1.50,1.50
2012.03.28 15:12:46.544,0.86107,0.86122,5.70,3.00
2012.03.28 15:12:47.336,0.86106,0.86119,2.63,1.50
2012.03.28 15:12:47.413,0.86107,0.86122,2.25,1.50
2012.03.28 15:12:47.620,0.86109,0.86124,1.50,4.41
2012.03.28 15:12:48.767,0.86109,0.86124,1.50,2.25
2012.03.28 15:12:49.102,0.86111,0.86124,2.70,1.50
2012.03.28 15:12:49.180,0.86111,0.86124,1.95,1.50
2012.03.28 15:12:49.332,0.86111,0.86124,2.70,1.50
2012.03.28 15:12:49.939,0.86111,0.86124,1.95,1.50
2012.03.28 15:12:50.016,0.86109,0.86124,1.50,1.50
2012.03.28 15:12:50.088,0.86111,0.86123,1.50,2.16
2012.03.28 15:12:50.367,0.86108,0.86121,1.50,2.25
2012.03.28 15:12:50.578,0.86108,0.86116,1.50,1.50
2012.03.28 15:12:50.649,0.86103,0.86114,3.00,1.50
2012.03.28 15:12:50.717,0.86103,0.86119,3.75,2.16
2012.03.28 15:12:50.858,0.86103,0.86116,2.70,1.50
2012.03.28 15:12:50.995,0.86103,0.86118,4.95,2.25
2012.03.28 15:12:51.583,0.86105,0.86118,1.95,1.50
2012.03.28 15:12:51.672,0.86108,0.86121,1.50,1.50
2012.03.28 15:12:52.198,0.86108,0.86121,1.50,3.66
2012.03.28 15:12:52.622,0.86113,0.86123,1.50,3.00
2012.03.28 15:12:53.297,0.86114,0.86123,1.50,1.50
2012.03.28 15:12:53.720,0.86109,0.86124,2.10,2.25
2012.03.28 15:12:53.854,0.86114,0.86126,1.50,8.70
2012.03.28 15:12:54.196,0.86114,0.86119,1.50,1.95
2012.03.28 15:12:54.416,0.86105,0.86116,2.25,1.50
2012.03.28 15:12:54.888,0.86101,0.86114,2.25,1.50
2012.03.28 15:12:55.298,0.86103,0.86116,1.50,2.25
2012.03.28 15:12:55.645,0.86105,0.86118,1.50,3.00
2012.03.28 15:12:56.349,0.861,0.86114,3.00,1.50
2012.03.28 15:12:56.604,0.86102,0.86116,1.50,2.70
2012.03.28 15:12:58.684,0.86102,0.86116,1.50,1.95
2012.03.28 15:12:59.236,0.86104,0.86116,1.50,1.95
2012.03.28 15:12:59.775,0.86103,0.86116,1.50,1.50
2012.03.28 15:13:01.385,0.86107,0.86118,1.50,2.70
2012.03.28 15:13:01.586,0.86103,0.86118,2.25,4.20
2012.03.28 15:13:02.099,0.86104,0.86118,1.50,4.20
2012.03.28 15:13:02.246,0.86106,0.86118,1.50,4.20
2012.03.28 15:13:02.315,0.86106,0.86118,1.50,3.45
2012.03.28 15:13:02.532,0.86109,0.8612,1.50,4.11
2012.03.28 15:13:03.315,0.86106,0.8612,1.50,1.95
2012.03.28 15:13:03.462,0.86108,0.8612,1.50,2.70
2012.03.28 15:13:03.536,0.86108,0.8612,1.50,1.95
2012.03.28 15:13:03.893,0.86111,0.8612,1.50,1.50
2012.03.28 15:13:04.099,0.86112,0.86122,1.50,1.13
2012.03.28 15:13:04.630,0.86111,0.86123,1.50,2.70
2012.03.28 15:13:04.714,0.86109,0.86123,3.00,2.70
2012.03.28 15:13:05.251,0.86113,0.86125,1.50,1.50
2012.03.28 15:13:05.338,0.86113,0.86126,1.50,4.20
2012.03.28 15:13:05.692,0.86119,0.86129,1.50,2.48
2012.03.28 15:13:06.045,0.86119,0.86127,1.50,2.70
2012.03.28 15:13:06.666,0.86111,0.86126,3.00,2.25
2012.03.28 15:13:07.230,0.86113,0.86126,1.95,2.25
2012.03.28 15:13:07.732,0.86116,0.86129,1.50,2.25
2012.03.28 15:13:08.426,0.86117,0.86129,1.50,3.45
2012.03.28 15:13:09.122,0.86113,0.86128,1.50,2.25
2012.03.28 15:13:09.767,0.86113,0.86124,3.00,1.95
2012.03.28 15:13:10.383,0.86112,0.86124,1.50,1.95
2012.03.28 15:13:11.149,0.86115,0.86125,1.95,2.25
2012.03.28 15:13:11.358,0.86117,0.8613,1.50,2.25
2012.03.28 15:13:11.640,0.86117,0.86124,1.50,2.16
2012.03.28 15:13:11.727,0.86115,0.86124,1.50,2.16
2012.03.28 15:13:11.801,0.86113,0.86124,1.50,2.16
2012.03.28 15:13:11.885,0.8611,0.86122,2.70,1.50
2012.03.28 15:13:12.677,0.86112,0.86125,1.50,1.50
2012.03.28 15:13:15.189,0.86112,0.86125,1.50,3.66
2012.03.28 15:13:15.540,0.86107,0.86117,1.13,1.50
2012.03.28 15:13:15.970,0.86104,0.86117,1.50,1.50
2012.03.28 15:13:16.043,0.86103,0.86115,2.63,1.50
2012.03.28 15:13:16.938,0.86103,0.86115,1.13,1.50
2012.03.28 15:13:17.294,0.86108,0.86121,4.05,1.50
2012.03.28 15:13:17.656,0.86111,0.86123,1.50,1.50
2012.03.28 15:13:17.728,0.86111,0.86119,1.50,1.95
2012.03.28 15:13:18.119,0.86109,0.86119,1.50,1.95
2012.03.28 15:13:18.211,0.86105,0.86117,1.50,3.00
2012.03.28 15:13:18.290,0.86103,0.86114,1.13,1.50
2012.03.28 15:13:18.693,0.86103,0.86117,1.88,2.25
2012.03.28 15:13:19.475,0.86101,0.86114,1.88,1.50
2012.03.28 15:13:20.039,0.86101,0.86114,1.50,1.50
2012.03.28 15:13:20.184,0.86101,0.86114,2.25,1.50
2012.03.28 15:13:20.255,0.86101,0.86114,1.50,1.50
2012.03.28 15:13:20.385,0.86101,0.86114,2.25,1.50
2012.03.28 15:13:20.798,0.86101,0.86114,1.50,1.50
2012.03.28 15:13:21.406,0.86102,0.86114,1.50,1.50
2012.03.28 15:13:21.477,0.86105,0.86117,1.50,2.91
2012.03.28 15:13:22.103,0.86096,0.8611,1.13,1.50
2012.03.28 15:13:22.304,0.86095,0.8611,2.85,1.50
2012.03.28 15:13:24.358,0.86094,0.86108,2.25,1.50
2012.03.28 15:13:24.918,0.86096,0.86109,1.50,1.50
2012.03.28 15:13:25.555,0.86099,0.86111,1.50,1.50
2012.03.28 15:13:25.624,0.86099,0.86114,1.50,2.25
2012.03.28 15:13:25.898,0.861,0.86114,4.88,1.50
2012.03.28 15:13:26.105,0.861,0.86114,4.13,1.50
2012.03.28 15:13:26.476,0.86102,0.86115,1.50,2.25
2012.03.28 15:13:26.945,0.86101,0.86114,4.20,1.50
2012.03.28 15:13:27.210,0.86103,0.86116,1.50,2.25
2012.03.28 15:13:28.287,0.86105,0.86117,1.50,1.50
2012.03.28 15:13:28.354,0.86107,0.8612,1.50,3.00
2012.03.28 15:13:28.545,0.86105,0.86119,1.50,1.50
2012.03.28 15:13:28.616,0.86104,0.86116,2.25,1.50
2012.03.28 15:13:29.264,0.8611,0.86116,1.50,1.50
2012.03.28 15:13:29.347,0.8611,0.86124,1.50,6.75
2012.03.28 15:13:29.418,0.8611,0.86119,1.50,1.50
2012.03.28 15:13:29.490,0.86108,0.86123,5.61,2.25
2012.03.28 15:13:29.636,0.86111,0.86124,1.50,4.50
2012.03.28 15:13:29.827,0.86109,0.86124,3.75,6.00
2012.03.28 15:13:29.902,0.86111,0.86124,2.85,6.00
2012.03.28 15:13:30.055,0.86113,0.86126,2.55,2.25
2012.03.28 15:13:30.272,0.86117,0.86128,1.50,1.34
2012.03.28 15:13:30.795,0.86117,0.8613,1.50,1.50
2012.03.28 15:13:30.870,0.86119,0.86132,1.50,1.50
2012.03.28 15:13:31.486,0.86117,0.8613,1.50,1.50
2012.03.28 15:13:31.613,0.86119,0.86133,1.50,4.20
2012.03.28 15:13:32.468,0.86119,0.86131,1.50,1.50
2012.03.28 15:13:32.536,0.86117,0.8613,1.95,1.50
2012.03.28 15:13:33.259,0.86115,0.8613,5.55,1.50
2012.03.28 15:13:33.408,0.86117,0.86132,1.50,1.50
2012.03.28 15:13:33.715,0.86119,0.86133,1.50,3.45
2012.03.28 15:13:34.278,0.86119,0.86134,2.04,3.00
2012.03.28 15:13:34.618,0.8613,0.86142,1.50,1.50
2012.03.28 15:13:34.804,0.86128,0.86141,1.50,2.25
2012.03.28 15:13:35.266,0.86125,0.8614,1.50,2.25
2012.03.28 15:13:35.346,0.86127,0.86136,1.50,2.70
2012.03.28 15:13:35.413,0.86125,0.86136,1.50,2.70
2012.03.28 15:13:35.980,0.86125,0.86136,1.50,2.70
2012.03.28 15:13:36.338,0.86121,0.86134,1.50,1.50
2012.03.28 15:13:37.438,0.86122,0.86137,1.50,3.75
2012.03.28 15:13:37.813,0.86125,0.86138,1.50,4.95
2012.03.28 15:13:37.947,0.86119,0.86134,4.13,1.50
2012.03.28 15:13:38.204,0.86119,0.86131,1.88,1.50
2012.03.28 15:13:39.575,0.86119,0.86131,1.13,1.50
2012.03.28 15:13:39.651,0.86121,0.86134,1.50,5.70
2012.03.28 15:13:40.173,0.86122,0.86134,1.50,3.45
2012.03.28 15:13:40.755,0.86121,0.86134,3.00,4.20
2012.03.28 15:13:41.292,0.86118,0.86131,1.88,1.50
2012.03.28 15:13:41.823,0.86115,0.86127,3.00,1.50
2012.03.28 15:13:42.796,0.86115,0.86128,2.63,1.50
2012.03.28 15:13:43.308,0.86113,0.86127,3.08,1.50
2012.03.28 15:13:43.728,0.86114,0.86128,2.25,2.70
2012.03.28 15:13:44.257,0.86113,0.86126,4.35,1.50
2012.03.28 15:13:44.609,0.86119,0.86126,1.50,1.50
2012.03.28 15:13:44.752,0.8612,0.86133,2.93,1.50
2012.03.28 15:13:44.828,0.86123,0.86133,1.95,1.50
2012.03.28 15:13:45.680,0.86123,0.86134,2.70,1.50
2012.03.28 15:13:45.896,0.86121,0.86134,3.00,1.50
2012.03.28 15:13:46.096,0.86121,0.86132,1.50,1.50
2012.03.28 15:13:47.820,0.8612,0.8613,3.08,1.50
2012.03.28 15:13:48.155,0.8612,0.86132,3.08,3.00
2012.03.28 15:13:48.698,0.8612,0.86131,3.08,1.50
2012.03.28 15:13:49.218,0.8612,0.8613,1.13,1.50
2012.03.28 15:13:49.691,0.86121,0.86128,1.13,1.50
2012.03.28 15:13:49.832,0.86121,0.8613,1.13,1.50
2012.03.28 15:13:50.050,0.86121,0.86127,1.13,1.50
2012.03.28 15:13:50.595,0.86114,0.86126,1.13,1.50
2012.03.28 15:13:51.809,0.86114,0.86126,1.13,1.50
2012.03.28 15:13:52.434,0.86112,0.86126,2.33,1.50
2012.03.28 15:13:55.376,0.86113,0.86128,1.88,1.50
2012.03.28 15:13:55.724,0.86114,0.86126,1.88,1.50
2012.03.28 15:13:56.176,0.86113,0.86124,1.13,1.50
2012.03.28 15:13:58.100,0.86113,0.86127,1.88,1.50
2012.03.28 15:13:58.255,0.86119,0.86127,1.95,1.50
2012.03.28 15:13:58.783,0.86121,0.86127,2.18,1.50
2012.03.28 15:13:58.998,0.86126,0.86137,1.50,1.50
2012.03.28 15:13:59.526,0.86127,0.86137,1.50,1.50
2012.03.28 15:14:00.527,0.86125,0.86137,1.50,3.45
2012.03.28 15:14:00.679,0.86123,0.86136,3.00,2.25
2012.03.28 15:14:00.747,0.86121,0.86134,3.38,1.50
2012.03.28 15:14:01.325,0.86119,0.86133,3.08,1.50
2012.03.28 15:14:02.098,0.86121,0.86134,1.88,1.50
2012.03.28 15:14:02.897,0.86121,0.86134,4.20,1.50
2012.03.28 15:14:03.299,0.86121,0.86134,3.45,1.50
2012.03.28 15:14:03.449,0.86123,0.86136,1.50,3.00
2012.03.28 15:14:04.853,0.86123,0.86135,1.50,1.50
2012.03.28 15:14:05.144,0.8612,0.86135,1.88,1.50
2012.03.28 15:14:06.196,0.86121,0.86134,3.45,1.50
2012.03.28 15:14:06.340,0.86123,0.86136,1.50,1.50
2012.03.28 15:14:07.348,0.86122,0.86137,1.50,4.20
2012.03.28 15:14:07.699,0.8612,0.86133,1.13,1.50
2012.03.28 15:14:08.121,0.8612,0.86135,2.63,3.00
2012.03.28 15:14:08.528,0.86121,0.86135,3.98,1.50
2012.03.28 15:14:08.611,0.86125,0.8614,2.25,6.00
2012.03.28 15:14:08.678,0.86129,0.8614,1.50,6.00
2012.03.28 15:14:08.746,0.86129,0.8614,1.50,1.50
2012.03.28 15:14:08.888,0.86131,0.86144,1.50,2.25
2012.03.28 15:14:08.955,0.86128,0.86143,2.25,2.25
2012.03.28 15:14:09.274,0.8613,0.86145,1.50,5.70
2012.03.28 15:14:09.817,0.8613,0.86145,1.50,2.25
2012.03.28 15:14:10.392,0.8613,0.86145,1.50,1.50
2012.03.28 15:14:10.737,0.86132,0.86146,1.50,1.50
2012.03.28 15:14:11.087,0.86129,0.86143,1.50,1.50
2012.03.28 15:14:12.476,0.86131,0.86144,1.50,1.50
2012.03.28 15:14:12.819,0.86136,0.86145,1.95,1.50
2012.03.28 15:14:13.154,0.86136,0.86149,1.95,2.25
2012.03.28 15:14:13.483,0.86136,0.86151,1.50,2.25
2012.03.28 15:14:13.629,0.86136,0.8615,2.25,1.50
2012.03.28 15:14:13.756,0.86133,0.86146,2.25,1.50
2012.03.28 15:14:13.956,0.86136,0.86145,1.95,1.50
2012.03.28 15:14:14.029,0.86136,0.86147,1.95,1.50
2012.03.28 15:14:14.556,0.86137,0.86146,1.95,1.50
2012.03.28 15:14:14.634,0.86137,0.86148,1.95,3.00
2012.03.28 15:14:15.714,0.86136,0.86148,1.13,2.25
2012.03.28 15:14:15.854,0.86138,0.86151,1.50,1.50
2012.03.28 15:14:15.923,0.86138,0.86151,1.50,2.25
2012.03.28 15:14:16.058,0.86134,0.86149,1.50,2.25
2012.03.28 15:14:16.205,0.86133,0.86146,5.63,1.50
2012.03.28 15:14:16.535,0.86136,0.86148,1.95,1.50
2012.03.28 15:14:17.465,0.86136,0.86148,2.33,2.25
2012.03.28 15:14:17.994,0.86135,0.86146,1.50,2.25
2012.03.28 15:14:18.142,0.86131,0.86145,1.13,1.50
2012.03.28 15:14:18.670,0.86131,0.86145,1.13,1.50
2012.03.28 15:14:18.819,0.86135,0.86145,1.95,1.50
2012.03.28 15:14:19.294,0.86143,0.86152,1.50,1.50
2012.03.28 15:14:19.444,0.86139,0.86152,1.50,2.25
2012.03.28 15:14:19.774,0.86139,0.86152,3.00,2.25
2012.03.28 15:14:19.987,0.86139,0.86152,1.50,2.25
2012.03.28 15:14:20.843,0.8614,0.86154,1.50,4.50
2012.03.28 15:14:21.353,0.86141,0.86154,1.50,5.25
2012.03.28 15:14:21.887,0.86141,0.86154,2.25,5.25
2012.03.28 15:14:22.034,0.86141,0.86154,1.50,5.25
2012.03.28 15:14:22.582,0.86139,0.86152,4.95,2.25
2012.03.28 15:14:22.725,0.86139,0.86152,4.95,2.25
2012.03.28 15:14:23.772,0.86139,0.86152,1.50,3.00
2012.03.28 15:14:24.068,0.86138,0.86149,1.95,1.50
2012.03.28 15:14:24.756,0.86135,0.86149,3.68,1.50
2012.03.28 15:14:24.893,0.86138,0.86151,1.50,2.25
2012.03.28 15:14:25.515,0.86136,0.86151,1.50,2.25
2012.03.28 15:14:25.785,0.86134,0.86149,3.75,1.50
2012.03.28 15:14:26.177,0.86137,0.8615,1.50,3.00
2012.03.28 15:14:26.780,0.86137,0.86149,1.50,1.95
2012.03.28 15:14:27.135,0.86131,0.86142,1.88,1.50
2012.03.28 15:14:27.496,0.86129,0.8614,3.45,1.50
2012.03.28 15:14:27.652,0.86129,0.86144,4.95,1.50
2012.03.28 15:14:27.870,0.86132,0.86143,2.25,1.95
2012.03.28 15:14:28.160,0.86127,0.86139,1.95,1.50
2012.03.28 15:14:28.633,0.86129,0.86143,1.50,7.79
2012.03.28 15:14:28.837,0.86126,0.86139,1.50,1.50
2012.03.28 15:14:29.154,0.8613,0.86143,1.50,9.29
2012.03.28 15:14:29.785,0.86127,0.86142,3.75,1.50
2012.03.28 15:14:29.932,0.86131,0.86144,1.95,3.00
2012.03.28 15:14:30.501,0.86132,0.86145,1.50,1.50
2012.03.28 15:14:30.847,0.86128,0.86141,5.33,1.50
2012.03.28 15:14:30.991,0.86131,0.86144,1.50,1.50
2012.03.28 15:14:31.451,0.86128,0.86143,5.33,3.00
2012.03.28 15:14:31.538,0.86128,0.86141,3.83,1.50
2012.03.28 15:14:31.884,0.86128,0.86139,2.33,1.50
2012.03.28 15:14:33.836,0.86128,0.8614,1.50,1.50
2012.03.28 15:14:33.965,0.86125,0.8614,2.25,1.50
2012.03.28 15:14:34.039,0.86124,0.86137,1.50,1.50
2012.03.28 15:14:34.186,0.86123,0.86137,1.88,1.50
2012.03.28 15:14:34.390,0.86127,0.86139,1.50,2.70
2012.03.28 15:14:34.746,0.86127,0.86138,1.50,1.50
2012.03.28 15:14:35.604,0.86127,0.86139,1.50,3.45
2012.03.28 15:14:36.179,0.86127,0.86138,1.50,1.50
2012.03.28 15:14:36.790,0.86127,0.86138,1.50,1.50
2012.03.28 15:14:37.699,0.86127,0.86138,1.50,1.50
2012.03.28 15:14:37.908,0.86127,0.86139,1.50,4.95
2012.03.28 15:14:38.055,0.86122,0.86136,1.50,1.50
2012.03.28 15:14:38.127,0.86119,0.86134,4.58,1.50
2012.03.28 15:14:38.481,0.86118,0.86131,3.75,1.50
2012.03.28 15:14:38.562,0.86119,0.86134,1.50,2.25
2012.03.28 15:14:38.641,0.86118,0.86128,2.25,1.50
2012.03.28 15:14:39.165,0.86115,0.86129,4.20,1.50
2012.03.28 15:14:39.381,0.86114,0.86128,3.38,1.95
2012.03.28 15:14:39.460,0.86113,0.86126,1.50,1.95
2012.03.28 15:14:39.828,0.86108,0.86121,3.83,1.50
2012.03.28 15:14:40.184,0.86108,0.86119,2.70,1.50
2012.03.28 15:14:40.708,0.86107,0.86118,2.93,1.50
2012.03.28 15:14:40.777,0.86107,0.8612,1.50,1.50
2012.03.28 15:14:40.850,0.86107,0.8612,1.50,2.25
2012.03.28 15:14:41.208,0.86105,0.86121,1.95,5.18
2012.03.28 15:14:41.736,0.86103,0.86121,3.83,3.68
2012.03.28 15:14:44.117,0.86103,0.86121,5.33,3.68
2012.03.28 15:14:44.187,0.86105,0.86121,1.50,2.93
2012.03.28 15:14:44.258,0.86107,0.86121,1.50,2.93
2012.03.28 15:14:44.459,0.86106,0.86124,4.86,1.95
2012.03.28 15:14:44.590,0.86107,0.86122,1.50,2.25
2012.03.28 15:14:44.817,0.86107,0.8612,1.50,2.18
2012.03.28 15:14:45.228,0.8611,0.86121,1.50,2.18
2012.03.28 15:14:45.688,0.86108,0.86122,1.50,1.95
2012.03.28 15:14:45.770,0.86106,0.86121,1.50,1.50
2012.03.28 15:14:46.544,0.86109,0.86122,1.50,4.20
2012.03.28 15:14:46.835,0.86106,0.86119,1.50,1.50
2012.03.28 15:14:46.905,0.86104,0.86119,3.75,1.50
2012.03.28 15:14:47.277,0.86107,0.8612,1.50,1.50
2012.03.28 15:14:47.804,0.86108,0.86122,1.50,2.70
2012.03.28 15:14:48.455,0.86106,0.86118,1.50,1.50
2012.03.28 15:14:48.787,0.86102,0.86116,4.88,1.95
2012.03.28 15:14:49.126,0.86101,0.86114,3.38,1.50
2012.03.28 15:14:49.411,0.86102,0.86116,1.88,1.95
2012.03.28 15:14:49.548,0.86101,0.86114,1.50,1.50
2012.03.28 15:14:50.170,0.86102,0.86112,1.50,1.95
2012.03.28 15:14:50.258,0.86098,0.86111,2.25,1.50
2012.03.28 15:14:50.398,0.861,0.86112,1.50,3.45
2012.03.28 15:14:51.054,0.86097,0.86112,1.50,3.45
2012.03.28 15:14:51.186,0.86095,0.8611,2.25,1.50
2012.03.28 15:14:51.945,0.86095,0.8611,2.25,1.50
2012.03.28 15:14:52.248,0.861,0.86112,1.50,1.95
2012.03.28 15:14:53.373,0.86098,0.86112,1.50,3.45
2012.03.28 15:14:53.944,0.861,0.86112,1.50,1.95
2012.03.28 15:14:54.720,0.86098,0.86111,1.50,1.50
2012.03.28 15:14:56.536,0.86097,0.86112,2.25,3.45
2012.03.28 15:14:56.608,0.86096,0.86109,3.75,1.50
2012.03.28 15:14:56.955,0.86096,0.86109,2.25,2.25
2012.03.28 15:14:57.464,0.86095,0.86108,4.95,1.50
2012.03.28 15:14:57.872,0.86099,0.86113,1.50,2.25
2012.03.28 15:14:58.598,0.861,0.86113,1.50,2.25
2012.03.28 15:14:58.738,0.86104,0.86115,1.50,1.50
2012.03.28 15:14:59.845,0.861,0.86113,2.25,2.93
2012.03.28 15:15:00.034,0.861,0.86113,1.50,3.30
2012.03.28 15:15:00.440,0.861,0.86113,1.50,1.13
2012.03.28 15:15:00.526,0.86102,0.86116,1.50,7.13
2012.03.28 15:15:00.604,0.861,0.86115,3.00,2.25
2012.03.28 15:15:00.748,0.86102,0.86116,1.50,5.25
2012.03.28 15:15:01.285,0.86101,0.86114,1.50,2.25
2012.03.28 15:15:01.753,0.86101,0.86108,1.50,1.95
2012.03.28 15:15:01.906,0.86098,0.86111,1.50,3.68
2012.03.28 15:15:02.058,0.861,0.86111,1.50,2.18
2012.03.28 15:15:02.131,0.861,0.86113,1.50,2.25
2012.03.28 15:15:02.423,0.86103,0.86113,1.50,1.50
2012.03.28 15:15:02.779,0.86108,0.86115,1.50,1.50
2012.03.28 15:15:03.160,0.8611,0.86122,1.50,1.13
2012.03.28 15:15:03.245,0.86112,0.86122,1.50,1.13
2012.03.28 15:15:03.376,0.8611,0.86122,1.50,2.63
2012.03.28 15:15:03.446,0.86109,0.86123,1.50,3.83
2012.03.28 15:15:04.366,0.86109,0.86121,1.50,2.16
2012.03.28 15:15:04.580,0.86104,0.86117,2.25,2.25
2012.03.28 15:15:04.657,0.86108,0.8612,1.50,2.25
2012.03.28 15:15:05.262,0.86103,0.86117,1.50,1.50
