2010.12.20 05:00:00.060,0.82845,0.82869,1.31,2.25
2010.12.20 05:00:00.619,0.82848,0.82872,1.50,1.84
2010.12.20 05:00:01.680,0.82848,0.82872,1.88,1.09
2010.12.20 05:00:02.061,0.82848,0.82873,3.38,13.84
2010.12.20 05:00:02.399,0.82852,0.82874,1.50,1.09
2010.12.20 05:00:02.869,0.82853,0.82881,2.06,2.44
2010.12.20 05:00:03.324,0.82853,0.82881,2.21,2.44
2010.12.20 05:00:03.551,0.82853,0.82881,2.06,2.44
2010.12.20 05:00:03.915,0.82854,0.82877,2.06,1.09
2010.12.20 05:00:04.249,0.82853,0.82881,2.06,2.44
2010.12.20 05:00:04.852,0.82853,0.82878,1.31,1.69
2010.12.20 05:00:04.973,0.82854,0.82881,1.39,1.69
2010.12.20 05:00:05.203,0.82856,0.82881,1.69,1.31
2010.12.20 05:00:05.321,0.82855,0.82878,2.25,1.31
2010.12.20 05:00:05.439,0.82853,0.82875,1.50,1.69
2010.12.20 05:00:05.558,0.82854,0.82877,1.50,3.19
2010.12.20 05:00:06.180,0.82853,0.82877,1.50,3.19
2010.12.20 05:00:08.548,0.8285,0.82875,3.19,1.31
2010.12.20 05:00:09.229,0.82848,0.82872,2.25,1.31
2010.12.20 05:00:09.636,0.82847,0.82871,3.38,2.25
2010.12.20 05:00:09.757,0.82846,0.82872,2.25,3.56
2010.12.20 05:00:09.980,0.82847,0.82872,1.50,2.81
2010.12.20 05:00:10.429,0.82845,0.82871,2.25,1.31
2010.12.20 05:00:10.688,0.82845,0.82864,1.50,2.62
2010.12.20 05:00:10.806,0.82843,0.82868,2.81,2.62
2010.12.20 05:00:11.138,0.82846,0.82868,1.50,2.62
2010.12.20 05:00:11.617,0.82847,0.82864,1.50,1.50
2010.12.20 05:00:11.961,0.82846,0.82873,2.81,4.31
2010.12.20 05:00:12.082,0.82847,0.82873,2.81,3.94
2010.12.20 05:00:12.310,0.82854,0.82882,1.31,1.12
2010.12.20 05:00:12.851,0.82854,0.82882,1.31,1.12
2010.12.20 05:00:16.939,0.82856,0.82879,3.00,1.31
2010.12.20 05:00:17.280,0.82854,0.82876,1.50,1.31
2010.12.20 05:00:17.672,0.82847,0.82871,3.00,2.81
2010.12.20 05:00:20.851,0.82848,0.82873,3.56,1.50
2010.12.20 05:00:21.518,0.82849,0.82874,1.69,4.69
2010.12.20 05:00:22.463,0.82848,0.82873,1.50,1.31
2010.12.20 05:00:22.908,0.82846,0.82871,3.75,2.81
2010.12.20 05:00:23.024,0.82846,0.82862,3.00,1.31
2010.12.20 05:00:23.140,0.82842,0.82862,1.50,3.56
2010.12.20 05:00:23.463,0.82837,0.82862,3.19,3.56
2010.12.20 05:00:24.020,0.82834,0.82858,2.25,3.56
2010.12.20 05:00:24.249,0.82837,0.82857,1.50,1.31
2010.12.20 05:00:26.269,0.82837,0.82858,1.69,3.00
2010.12.20 05:00:26.835,0.82837,0.82858,1.50,1.69
2010.12.20 05:00:29.758,0.82837,0.82857,1.50,3.94
2010.12.20 05:00:29.867,0.82834,0.82857,1.50,3.94
2010.12.20 05:00:30.300,0.82834,0.82857,1.88,3.94
2010.12.20 05:00:30.641,0.82834,0.82854,1.88,1.50
2010.12.20 05:00:31.341,0.82835,0.82854,2.25,1.69
2010.12.20 05:00:31.790,0.82837,0.82854,1.50,1.69
2010.12.20 05:00:32.470,0.82837,0.82853,1.50,1.31
2010.12.20 05:00:32.705,0.82834,0.82854,2.25,2.06
2010.12.20 05:00:33.081,0.8283,0.82847,1.50,3.19
2010.12.20 05:00:33.378,0.82824,0.82845,3.00,1.31
2010.12.20 05:00:33.492,0.82827,0.82849,2.25,3.56
2010.12.20 05:00:33.721,0.82827,0.82845,2.25,1.31
2010.12.20 05:00:34.329,0.82826,0.82843,2.25,1.69
2010.12.20 05:00:34.988,0.82826,0.82845,2.25,1.31
2010.12.20 05:00:37.291,0.82827,0.82848,1.12,2.25
2010.12.20 05:00:37.520,0.82829,0.8285,1.50,1.31
2010.12.20 05:00:37.749,0.82828,0.82849,2.62,2.44
2010.12.20 05:00:44.998,0.82832,0.82853,1.50,2.81
2010.12.20 05:00:45.107,0.8283,0.82853,1.50,2.81
2010.12.20 05:00:45.219,0.8283,0.82853,1.88,1.50
2010.12.20 05:00:45.328,0.82833,0.82853,2.25,1.50
2010.12.20 05:00:45.785,0.82834,0.82858,3.00,3.56
2010.12.20 05:00:45.899,0.82834,0.82858,3.00,2.81
2010.12.20 05:00:47.867,0.82834,0.82854,3.00,1.50
2010.12.20 05:00:48.332,0.82834,0.82847,1.50,1.31
2010.12.20 05:00:48.451,0.82825,0.82847,1.50,1.31
2010.12.20 05:00:49.017,0.82824,0.82847,3.00,1.31
2010.12.20 05:00:49.558,0.82824,0.82847,3.00,1.31
2010.12.20 05:00:50.198,0.82824,0.82848,3.00,2.81
2010.12.20 05:00:53.127,0.82824,0.82843,1.50,1.50
2010.12.20 05:00:55.918,0.82824,0.82843,1.50,1.88
2010.12.20 05:00:56.248,0.82821,0.82842,1.50,2.62
2010.12.20 05:00:58.598,0.82821,0.82842,1.50,2.81
2010.12.20 05:00:59.288,0.82821,0.82842,1.50,2.25
2010.12.20 05:00:59.858,0.82821,0.82843,1.50,1.50
2010.12.20 05:01:00.418,0.82821,0.82847,1.50,1.31
2010.12.20 05:01:02.211,0.82823,0.82849,1.31,1.12
2010.12.20 05:01:02.453,0.82821,0.82842,1.50,1.31
2010.12.20 05:01:02.935,0.82817,0.82843,3.00,1.31
2010.12.20 05:01:04.310,0.82817,0.82845,3.00,2.06
2010.12.20 05:01:08.438,0.82817,0.82841,1.50,2.81
2010.12.20 05:01:19.698,0.82817,0.82841,1.50,3.56
2010.12.20 05:01:20.273,0.82818,0.82842,2.25,3.56
2010.12.20 05:01:20.993,0.8282,0.82842,1.50,3.56
2010.12.20 05:01:21.578,0.8282,0.82842,2.06,2.25
2010.12.20 05:01:22.127,0.8282,0.82844,2.06,1.84
2010.12.20 05:01:26.089,0.82821,0.82847,2.25,1.46
2010.12.20 05:01:26.210,0.82821,0.82849,2.81,3.34
2010.12.20 05:01:26.329,0.82824,0.82851,1.50,3.56
2010.12.20 05:01:26.450,0.82824,0.82849,3.00,1.09
2010.12.20 05:01:26.857,0.82827,0.82849,2.25,1.09
2010.12.20 05:01:33.870,0.82826,0.82844,1.50,1.65
2010.12.20 05:01:34.482,0.82824,0.82849,1.50,1.09
2010.12.20 05:01:35.087,0.82826,0.82849,1.50,1.09
2010.12.20 05:01:39.130,0.82826,0.82849,1.88,1.09
2010.12.20 05:01:39.690,0.82827,0.82854,1.12,2.07
2010.12.20 05:01:40.297,0.82832,0.82854,2.25,1.88
2010.12.20 05:01:43.971,0.82828,0.82853,2.81,1.74
2010.12.20 05:01:47.009,0.82824,0.82852,1.50,1.46
2010.12.20 05:01:47.323,0.82824,0.82847,1.50,2.78
2010.12.20 05:01:47.563,0.8282,0.82836,1.12,1.50
2010.12.20 05:01:47.685,0.82818,0.82846,5.25,2.59
2010.12.20 05:01:47.911,0.82821,0.82846,1.50,4.46
2010.12.20 05:01:49.568,0.82822,0.82843,1.12,1.84
2010.12.20 05:01:49.898,0.82824,0.82843,1.50,1.65
2010.12.20 05:01:50.449,0.82824,0.82848,1.50,2.59
2010.12.20 05:01:58.019,0.82824,0.82842,1.50,1.09
2010.12.20 05:01:58.242,0.82818,0.82845,1.12,2.96
2010.12.20 05:01:58.361,0.82818,0.82844,1.12,1.84
2010.12.20 05:01:59.173,0.82821,0.82847,2.06,1.09
2010.12.20 05:02:01.452,0.82822,0.82843,3.56,1.65
2010.12.20 05:02:01.791,0.82823,0.82849,1.88,1.46
2010.12.20 05:02:02.020,0.82825,0.82851,1.31,3.15
2010.12.20 05:02:02.798,0.82825,0.82854,1.50,3.94
2010.12.20 05:02:04.668,0.82826,0.82852,2.25,1.31
2010.12.20 05:02:05.232,0.82824,0.82849,1.50,1.31
2010.12.20 05:02:05.920,0.82824,0.82844,1.50,1.69
2010.12.20 05:02:07.391,0.82824,0.82844,1.50,2.06
2010.12.20 05:02:07.620,0.8282,0.82842,1.50,1.31
2010.12.20 05:02:07.738,0.8282,0.82846,1.50,2.81
2010.12.20 05:02:08.309,0.82818,0.82843,1.88,2.44
2010.12.20 05:02:15.400,0.82818,0.82844,1.50,2.06
2010.12.20 05:02:15.788,0.82818,0.82841,1.50,1.31
2010.12.20 05:02:16.118,0.82816,0.82834,1.50,1.69
2010.12.20 05:02:17.000,0.82816,0.82841,1.50,2.81
2010.12.20 05:02:21.518,0.82818,0.82843,1.12,2.44
2010.12.20 05:02:22.060,0.82819,0.82843,1.88,1.69
2010.12.20 05:02:22.632,0.8282,0.82843,1.12,1.69
2010.12.20 05:02:22.861,0.82822,0.82849,1.12,3.71
2010.12.20 05:02:23.419,0.82822,0.82849,1.88,1.27
2010.12.20 05:02:23.540,0.82825,0.82852,1.50,2.59
2010.12.20 05:02:24.769,0.82826,0.82854,1.69,3.14
2010.12.20 05:02:25.318,0.82832,0.82856,1.12,1.15
2010.12.20 05:02:25.668,0.82832,0.82856,1.12,1.15
2010.12.20 05:02:27.045,0.82827,0.82854,1.88,1.27
2010.12.20 05:02:27.270,0.82825,0.82849,1.50,1.46
2010.12.20 05:02:27.502,0.82819,0.82846,1.50,1.65
2010.12.20 05:02:27.619,0.82817,0.82846,3.00,3.53
2010.12.20 05:02:36.933,0.82819,0.82844,1.12,2.44
2010.12.20 05:02:37.051,0.82819,0.82847,1.88,3.15
2010.12.20 05:02:37.390,0.82827,0.82848,1.50,1.46
2010.12.20 05:02:37.980,0.82827,0.82846,1.50,2.21
2010.12.20 05:02:38.318,0.8282,0.82846,1.50,2.21
2010.12.20 05:02:38.428,0.8282,0.82846,1.50,5.40
2010.12.20 05:02:38.968,0.8282,0.82843,1.50,1.50
2010.12.20 05:02:41.112,0.82823,0.82843,1.50,1.50
2010.12.20 05:02:41.448,0.82823,0.82849,2.25,1.46
2010.12.20 05:02:41.668,0.82827,0.82849,1.50,1.46
2010.12.20 05:02:44.248,0.82827,0.82846,1.50,1.46
2010.12.20 05:02:47.460,0.82822,0.82843,1.50,1.31
2010.12.20 05:02:47.831,0.82819,0.82843,1.50,1.31
2010.12.20 05:02:47.949,0.82819,0.82843,1.50,2.81
2010.12.20 05:02:48.215,0.82814,0.82838,3.00,1.31
2010.12.20 05:02:49.578,0.82813,0.82838,1.50,1.31
2010.12.20 05:02:49.687,0.82817,0.82838,1.50,1.31
2010.12.20 05:02:52.410,0.82817,0.82838,1.50,1.69
2010.12.20 05:02:52.811,0.82813,0.82832,1.50,1.31
2010.12.20 05:02:53.368,0.82812,0.82832,1.50,1.31
2010.12.20 05:03:02.198,0.82812,0.82833,1.50,2.44
2010.12.20 05:03:04.218,0.82814,0.82841,1.31,2.06
2010.12.20 05:03:04.751,0.82814,0.82841,1.31,2.81
2010.12.20 05:03:05.142,0.82814,0.82841,2.06,2.81
2010.12.20 05:03:05.371,0.82817,0.82842,2.25,2.06
2010.12.20 05:03:05.599,0.82818,0.82844,1.88,1.84
2010.12.20 05:03:05.723,0.82818,0.82844,1.88,1.69
2010.12.20 05:03:08.450,0.82818,0.82845,1.88,1.46
2010.12.20 05:03:12.615,0.82818,0.82837,1.50,1.31
2010.12.20 05:03:12.729,0.82816,0.82837,1.50,1.31
2010.12.20 05:03:13.070,0.82816,0.82838,1.50,1.31
2010.12.20 05:03:18.520,0.82816,0.82839,1.50,3.19
2010.12.20 05:03:21.847,0.82818,0.82841,1.50,2.25
2010.12.20 05:03:21.960,0.82819,0.82843,1.50,1.69
2010.12.20 05:03:26.880,0.82821,0.82845,1.12,5.44
2010.12.20 05:03:26.999,0.82821,0.82845,1.31,4.69
2010.12.20 05:03:27.781,0.82825,0.82847,2.25,1.31
2010.12.20 05:03:28.163,0.82826,0.82847,1.50,1.31
2010.12.20 05:03:29.188,0.82828,0.82848,1.12,2.25
2010.12.20 05:03:29.300,0.82828,0.82852,1.12,1.31
2010.12.20 05:03:29.967,0.82827,0.82853,2.06,1.50
2010.12.20 05:03:30.093,0.82828,0.82854,3.00,1.31
2010.12.20 05:03:30.214,0.82828,0.82854,1.50,1.31
2010.12.20 05:03:32.299,0.8283,0.82855,1.12,1.69
2010.12.20 05:03:32.421,0.82831,0.82857,2.06,2.06
2010.12.20 05:03:32.759,0.82829,0.82854,2.25,2.06
2010.12.20 05:03:35.153,0.82828,0.82853,1.50,2.81
2010.12.20 05:03:35.489,0.82826,0.8285,1.50,4.31
2010.12.20 05:03:38.958,0.82826,0.82845,1.50,1.31
2010.12.20 05:03:39.178,0.82821,0.82845,1.50,1.31
2010.12.20 05:03:39.287,0.82821,0.82846,1.50,1.31
2010.12.20 05:03:39.698,0.82827,0.82846,1.50,1.31
2010.12.20 05:03:40.438,0.82827,0.82846,1.50,1.69
2010.12.20 05:03:40.640,0.82821,0.82844,1.50,1.31
2010.12.20 05:03:40.765,0.82819,0.82845,1.12,1.31
2010.12.20 05:03:45.459,0.82819,0.82844,1.12,2.06
2010.12.20 05:03:46.093,0.82818,0.82844,1.50,2.06
2010.12.20 05:03:49.747,0.82816,0.82842,4.50,1.31
2010.12.20 05:04:09.479,0.82818,0.82843,1.31,2.25
2010.12.20 05:04:09.589,0.8282,0.82845,2.62,1.12
2010.12.20 05:04:10.138,0.8282,0.82843,2.62,1.50
2010.12.20 05:04:13.689,0.82818,0.82843,1.50,2.06
2010.12.20 05:04:14.017,0.82817,0.82841,2.25,1.12
2010.12.20 05:04:14.134,0.82817,0.82841,1.50,1.31
2010.12.20 05:04:14.690,0.82817,0.82837,1.50,1.31
2010.12.20 05:04:20.208,0.8281,0.82837,1.31,1.31
2010.12.20 05:04:20.648,0.82817,0.82837,1.50,1.31
2010.12.20 05:04:22.519,0.82817,0.82834,1.50,2.06
2010.12.20 05:04:22.959,0.82806,0.82832,2.62,1.31
2010.12.20 05:04:30.662,0.82809,0.82833,1.31,2.25
2010.12.20 05:04:31.128,0.82817,0.82837,1.50,2.62
2010.12.20 05:04:34.758,0.82817,0.82832,1.50,1.12
2010.12.20 05:04:35.089,0.82807,0.82832,1.88,1.12
2010.12.20 05:04:41.041,0.82813,0.82835,1.31,2.25
2010.12.20 05:04:41.273,0.82809,0.82832,2.62,2.81
2010.12.20 05:04:41.634,0.82807,0.82834,1.31,2.25
2010.12.20 05:04:41.751,0.82806,0.82834,2.81,1.12
2010.12.20 05:04:42.099,0.82817,0.82836,1.50,1.12
2010.12.20 05:04:50.168,0.8281,0.82833,1.31,1.50
2010.12.20 05:05:00.442,0.8281,0.82833,1.12,1.69
2010.12.20 05:05:00.561,0.82809,0.82833,1.50,2.06
2010.12.20 05:05:01.637,0.82808,0.82834,1.50,2.62
2010.12.20 05:05:02.323,0.82807,0.82834,1.12,1.88
2010.12.20 05:05:02.660,0.82806,0.82834,2.25,2.44
2010.12.20 05:05:03.001,0.82806,0.82832,1.50,1.12
2010.12.20 05:05:03.289,0.82806,0.82832,1.88,1.12
2010.12.20 05:05:03.619,0.82806,0.82832,1.50,1.50
2010.12.20 05:05:04.095,0.82801,0.82825,1.50,3.19
2010.12.20 05:05:04.684,0.82799,0.82825,1.50,3.38
2010.12.20 05:05:04.803,0.82799,0.82825,3.00,2.06
2010.12.20 05:05:05.386,0.82796,0.82823,2.25,1.31
2010.12.20 05:05:05.893,0.82796,0.82823,2.25,2.81
2010.12.20 05:05:06.360,0.82792,0.8282,1.50,1.69
2010.12.20 05:05:06.918,0.82796,0.8282,1.50,1.69
2010.12.20 05:05:10.209,0.82792,0.8282,1.50,1.69
2010.12.20 05:05:10.758,0.82792,0.82813,1.50,1.50
2010.12.20 05:05:11.547,0.82793,0.8282,1.12,1.12
2010.12.20 05:05:11.770,0.82792,0.82819,1.50,2.06
2010.12.20 05:05:12.077,0.82796,0.8281,1.50,1.12
2010.12.20 05:05:12.199,0.82787,0.8281,1.50,1.12
2010.12.20 05:05:12.751,0.82786,0.8281,1.50,1.69
2010.12.20 05:05:13.009,0.82782,0.8281,1.50,1.69
2010.12.20 05:05:13.138,0.82781,0.82806,1.12,1.12
2010.12.20 05:05:13.256,0.8278,0.82806,1.50,1.12
2010.12.20 05:05:13.479,0.8278,0.82807,1.88,1.31
2010.12.20 05:05:13.599,0.82787,0.82807,1.50,1.12
2010.12.20 05:05:13.720,0.8278,0.82806,1.50,1.12
2010.12.20 05:05:14.061,0.82787,0.82806,1.50,1.12
2010.12.20 05:05:14.371,0.82787,0.82806,1.50,1.31
2010.12.20 05:05:14.930,0.8278,0.82807,1.88,1.31
2010.12.20 05:05:15.270,0.8278,0.82803,1.50,1.88
2010.12.20 05:05:15.938,0.8278,0.82803,1.88,1.50
2010.12.20 05:05:16.810,0.8278,0.82803,1.50,1.88
2010.12.20 05:05:17.571,0.82781,0.82803,1.12,1.50
2010.12.20 05:05:18.128,0.8278,0.82803,1.50,1.88
2010.12.20 05:05:18.679,0.8278,0.82803,1.50,1.88
2010.12.20 05:05:19.677,0.82779,0.82803,1.50,1.88
2010.12.20 05:05:20.284,0.82778,0.82803,1.50,1.88
2010.12.20 05:05:21.414,0.82779,0.82803,1.12,1.50
2010.12.20 05:05:21.749,0.8278,0.82811,1.69,2.62
2010.12.20 05:05:22.308,0.82786,0.82809,1.88,2.25
2010.12.20 05:05:22.717,0.82797,0.82823,5.44,2.25
2010.12.20 05:05:22.841,0.82803,0.82829,2.44,2.44
2010.12.20 05:05:22.960,0.82803,0.82829,3.19,2.25
2010.12.20 05:05:23.081,0.82802,0.82826,2.25,2.44
2010.12.20 05:05:23.483,0.82799,0.82824,3.94,1.50
2010.12.20 05:05:23.948,0.82799,0.82828,2.44,1.50
2010.12.20 05:05:24.170,0.82799,0.82824,2.44,1.50
2010.12.20 05:05:24.873,0.828,0.82824,2.25,1.50
2010.12.20 05:05:25.213,0.828,0.82821,1.50,1.69
2010.12.20 05:05:25.334,0.828,0.8282,1.50,1.88
2010.12.20 05:05:25.928,0.82796,0.82821,1.50,1.69
2010.12.20 05:05:26.259,0.82793,0.82822,2.06,2.06
2010.12.20 05:05:26.368,0.82793,0.82814,2.06,1.50
2010.12.20 05:05:29.237,0.82794,0.82813,1.12,1.50
2010.12.20 05:05:29.351,0.82794,0.82821,1.12,1.88
2010.12.20 05:05:29.838,0.82793,0.82814,1.50,1.50
2010.12.20 05:05:30.449,0.82792,0.82814,1.50,1.50
2010.12.20 05:05:36.704,0.8279,0.82814,2.25,2.81
2010.12.20 05:05:37.258,0.82789,0.82815,1.50,2.06
2010.12.20 05:05:38.448,0.82789,0.82814,2.06,1.50
2010.12.20 05:05:38.890,0.82789,0.82814,2.06,1.50
2010.12.20 05:05:42.696,0.82793,0.82814,1.12,1.50
2010.12.20 05:05:42.824,0.82792,0.82819,2.44,1.12
2010.12.20 05:05:43.270,0.8279,0.82813,1.50,1.50
2010.12.20 05:05:45.352,0.82793,0.82813,1.12,1.50
2010.12.20 05:05:45.469,0.82791,0.82813,1.12,1.50
2010.12.20 05:05:45.908,0.82791,0.82816,1.12,4.12
2010.12.20 05:05:46.498,0.82791,0.82814,1.12,1.50
2010.12.20 05:05:47.939,0.82794,0.82814,1.12,1.50
2010.12.20 05:05:48.281,0.82794,0.82818,1.31,1.50
2010.12.20 05:05:48.648,0.82797,0.82818,1.50,1.50
2010.12.20 05:05:50.542,0.82797,0.82818,1.50,2.06
2010.12.20 05:05:50.811,0.8279,0.82816,2.06,4.31
2010.12.20 05:05:51.168,0.8279,0.82813,2.06,1.50
2010.12.20 05:05:52.050,0.82792,0.82813,1.69,1.50
2010.12.20 05:05:52.280,0.8279,0.82813,1.69,1.50
2010.12.20 05:05:52.398,0.8279,0.82818,1.69,1.31
2010.12.20 05:05:52.948,0.8279,0.82813,1.50,1.50
2010.12.20 05:05:54.079,0.82793,0.82813,1.31,1.50
2010.12.20 05:05:54.518,0.82793,0.82819,1.31,2.25
2010.12.20 05:05:54.640,0.82796,0.82819,1.50,2.25
2010.12.20 05:05:56.880,0.82796,0.82819,1.50,2.62
2010.12.20 05:05:57.329,0.8279,0.82819,1.88,2.81
2010.12.20 05:05:58.981,0.82793,0.82814,1.12,1.50
2010.12.20 05:05:59.579,0.82795,0.82814,1.12,1.50
2010.12.20 05:05:59.688,0.82795,0.8282,1.12,1.88
2010.12.20 05:06:17.468,0.82795,0.82823,1.31,4.31
2010.12.20 05:06:17.582,0.82799,0.82823,1.12,3.19
2010.12.20 05:06:18.250,0.82797,0.82822,1.50,2.81
2010.12.20 05:06:18.370,0.82797,0.82822,1.50,1.31
2010.12.20 05:06:19.195,0.82794,0.82823,2.06,2.62
2010.12.20 05:06:28.279,0.82794,0.82821,1.50,4.69
2010.12.20 05:06:28.604,0.82794,0.82821,1.88,2.06
2010.12.20 05:06:30.039,0.82794,0.82821,1.50,4.69
2010.12.20 05:06:30.368,0.82793,0.82815,1.50,2.81
2010.12.20 05:06:31.048,0.82792,0.82814,1.50,2.06
2010.12.20 05:06:31.820,0.82791,0.82814,1.50,2.06
2010.12.20 05:06:32.210,0.82783,0.82805,1.12,1.69
2010.12.20 05:06:32.332,0.82783,0.8281,1.31,1.50
2010.12.20 05:06:32.910,0.82785,0.82811,1.31,1.12
2010.12.20 05:06:34.309,0.82784,0.82808,1.50,3.56
2010.12.20 05:06:34.710,0.82787,0.82808,2.06,2.25
2010.12.20 05:06:34.836,0.8279,0.82813,1.31,1.50
2010.12.20 05:06:35.278,0.82791,0.82817,1.31,3.38
2010.12.20 05:06:37.831,0.82789,0.82814,1.50,1.31
2010.12.20 05:06:39.035,0.82787,0.82808,1.69,1.50
2010.12.20 05:06:39.644,0.82787,0.82809,1.69,1.50
2010.12.20 05:06:40.959,0.82789,0.82809,1.69,1.50
2010.12.20 05:06:41.178,0.82789,0.82813,2.06,2.25
2010.12.20 05:06:41.288,0.82791,0.82816,1.31,1.31
2010.12.20 05:06:41.510,0.82793,0.82817,1.31,4.50
2010.12.20 05:06:42.022,0.82794,0.82813,1.31,1.50
2010.12.20 05:06:42.359,0.82794,0.8282,1.31,2.62
2010.12.20 05:06:42.688,0.82794,0.82813,1.31,1.50
2010.12.20 05:06:43.527,0.82794,0.82812,1.31,2.25
2010.12.20 05:06:43.793,0.8279,0.82812,1.31,2.25
2010.12.20 05:06:43.914,0.82792,0.82815,1.69,1.50
2010.12.20 05:06:44.250,0.82793,0.82813,1.31,1.50
2010.12.20 05:06:44.480,0.82795,0.82819,1.31,1.12
2010.12.20 05:06:44.709,0.82795,0.82813,1.12,1.50
2010.12.20 05:06:45.490,0.82794,0.82817,2.81,3.75
2010.12.20 05:06:47.060,0.82796,0.82815,1.69,1.50
2010.12.20 05:06:47.548,0.82796,0.82815,1.50,2.44
2010.12.20 05:06:47.912,0.82794,0.82811,1.50,1.88
2010.12.20 05:06:48.034,0.82788,0.82809,1.69,1.50
2010.12.20 05:06:48.353,0.82788,0.82812,1.69,4.12
2010.12.20 05:06:49.499,0.82788,0.82809,1.69,1.50
2010.12.20 05:06:49.611,0.82786,0.82809,3.56,1.50
2010.12.20 05:06:51.244,0.82786,0.82809,1.50,2.06
2010.12.20 05:06:51.361,0.82786,0.82806,1.50,1.50
2010.12.20 05:06:51.720,0.82786,0.82804,1.50,1.50
2010.12.20 05:06:51.833,0.82783,0.82804,1.69,1.50
2010.12.20 05:06:57.658,0.82783,0.82807,1.69,1.50
2010.12.20 05:06:57.802,0.82783,0.82807,1.50,1.69
2010.12.20 05:06:58.140,0.82779,0.82804,1.69,4.12
2010.12.20 05:06:58.260,0.82779,0.82803,1.50,1.31
2010.12.20 05:07:00.759,0.82782,0.828,1.69,2.25
2010.12.20 05:07:00.870,0.82782,0.82804,1.69,3.00
2010.12.20 05:07:00.988,0.82782,0.82806,1.69,1.50
2010.12.20 05:07:01.099,0.82782,0.82803,1.69,1.50
2010.12.20 05:07:03.330,0.82782,0.82806,1.50,2.81
2010.12.20 05:07:03.779,0.82783,0.82808,1.69,2.62
2010.12.20 05:07:03.998,0.82783,0.82803,1.69,1.50
2010.12.20 05:07:04.624,0.82785,0.82803,2.06,1.50
2010.12.20 05:07:04.743,0.82786,0.82811,1.69,1.50
2010.12.20 05:07:06.701,0.82789,0.82811,1.31,1.50
2010.12.20 05:07:07.075,0.82791,0.82815,1.31,1.88
2010.12.20 05:07:07.301,0.8279,0.82815,1.50,2.06
2010.12.20 05:07:07.643,0.82791,0.82814,1.31,1.50
2010.12.20 05:07:08.534,0.82791,0.82812,1.50,2.06
2010.12.20 05:07:19.709,0.82789,0.82806,1.50,1.31
2010.12.20 05:07:20.040,0.82783,0.828,1.50,2.81
2010.12.20 05:07:20.160,0.8278,0.828,1.50,2.81
2010.12.20 05:07:20.718,0.82779,0.828,1.50,2.81
2010.12.20 05:07:25.161,0.82779,0.82804,1.69,3.56
2010.12.20 05:07:37.448,0.82782,0.82804,2.44,1.50
2010.12.20 05:07:37.563,0.82784,0.82811,2.44,3.64
2010.12.20 05:07:37.898,0.82784,0.82803,2.44,1.50
2010.12.20 05:07:38.229,0.82786,0.82803,1.50,1.50
2010.12.20 05:07:45.531,0.82783,0.82803,2.44,1.50
2010.12.20 05:07:50.882,0.82783,0.82803,1.50,1.50
2010.12.20 05:07:51.110,0.82781,0.82803,1.50,1.50
2010.12.20 05:07:51.694,0.82781,0.82804,1.50,2.62
2010.12.20 05:07:52.619,0.82781,0.82803,1.50,1.50
2010.12.20 05:08:01.238,0.82782,0.82803,1.31,1.50
2010.12.20 05:08:01.569,0.82783,0.82808,1.69,1.88
2010.12.20 05:08:01.929,0.82783,0.82804,3.19,1.50
2010.12.20 05:08:02.710,0.82783,0.82804,1.69,1.88
2010.12.20 05:08:02.831,0.82783,0.82804,1.69,1.50
2010.12.20 05:08:03.848,0.82783,0.82804,1.69,1.88
2010.12.20 05:08:04.071,0.82778,0.82802,2.25,2.06
2010.12.20 05:08:04.403,0.82777,0.82794,3.00,1.50
2010.12.20 05:08:08.382,0.82777,0.82802,1.50,2.81
2010.12.20 05:08:08.504,0.82778,0.82803,1.69,1.31
2010.12.20 05:08:08.951,0.82785,0.82804,1.31,3.75
2010.12.20 05:08:09.205,0.82785,0.82807,1.31,1.50
2010.12.20 05:08:09.661,0.82786,0.82801,1.69,2.62
2010.12.20 05:08:09.832,0.82786,0.82801,1.50,2.62
2010.12.20 05:08:09.957,0.82783,0.828,1.50,1.88
2010.12.20 05:08:10.075,0.82776,0.82799,1.69,2.25
2010.12.20 05:08:13.730,0.82776,0.82797,1.69,1.12
2010.12.20 05:08:13.851,0.82773,0.82797,3.19,3.38
2010.12.20 05:08:14.478,0.82771,0.82793,1.69,1.50
2010.12.20 05:08:19.838,0.82775,0.82793,1.50,1.50
2010.12.20 05:08:24.578,0.82775,0.82793,3.00,1.50
2010.12.20 05:08:26.633,0.82775,0.82801,3.38,6.56
2010.12.20 05:08:27.910,0.82776,0.828,2.25,1.31
2010.12.20 05:08:28.276,0.82773,0.82792,2.25,2.81
2010.12.20 05:08:28.396,0.82771,0.82795,2.81,1.12
2010.12.20 05:08:29.022,0.82772,0.82794,2.44,1.50
2010.12.20 05:08:30.387,0.82775,0.82794,1.50,1.50
2010.12.20 05:08:31.069,0.82775,0.82794,1.50,2.25
2010.12.20 05:08:31.189,0.82771,0.82793,1.50,3.56
2010.12.20 05:08:35.391,0.82771,0.82793,1.50,3.19
2010.12.20 05:08:35.731,0.82774,0.82797,2.06,1.50
2010.12.20 05:08:35.849,0.82774,0.82799,2.06,2.25
2010.12.20 05:08:35.962,0.82775,0.82795,1.50,2.06
2010.12.20 05:08:36.311,0.82772,0.82794,1.69,1.50
2010.12.20 05:08:40.789,0.82775,0.82794,1.31,1.50
2010.12.20 05:08:41.010,0.82775,0.828,2.62,2.06
2010.12.20 05:08:41.231,0.82781,0.828,3.19,1.88
2010.12.20 05:08:41.350,0.82781,0.828,2.62,1.69
2010.12.20 05:08:41.773,0.82778,0.82801,1.12,3.19
2010.12.20 05:08:41.894,0.82779,0.82805,3.19,2.62
2010.12.20 05:08:46.181,0.8278,0.82801,1.50,1.12
2010.12.20 05:08:46.521,0.8278,0.82802,1.69,2.25
2010.12.20 05:08:46.640,0.8278,0.82804,1.69,1.88
2010.12.20 05:08:47.422,0.8278,0.82803,1.69,1.50
2010.12.20 05:08:51.983,0.82792,0.82803,1.31,1.50
2010.12.20 05:08:52.101,0.82792,0.82806,1.31,2.25
2010.12.20 05:08:52.223,0.82789,0.82812,3.94,1.88
2010.12.20 05:08:52.778,0.82797,0.82815,1.50,1.88
2010.12.20 05:08:54.798,0.82787,0.82808,1.50,1.12
2010.12.20 05:08:54.910,0.82789,0.8281,1.12,2.44
2010.12.20 05:08:55.039,0.82791,0.8281,1.31,3.00
2010.12.20 05:08:55.156,0.82791,0.82814,2.81,3.75
2010.12.20 05:08:55.922,0.82788,0.82813,1.69,1.88
2010.12.20 05:08:56.042,0.82787,0.82813,3.56,1.88
2010.12.20 05:09:05.059,0.82787,0.82816,3.00,3.19
2010.12.20 05:09:05.609,0.82786,0.82811,3.00,1.88
2010.12.20 05:09:08.478,0.82786,0.82811,2.44,1.88
2010.12.20 05:09:08.699,0.82783,0.82807,1.69,1.88
2010.12.20 05:09:08.924,0.82782,0.82807,1.50,1.88
2010.12.20 05:09:09.152,0.8278,0.82803,1.69,1.50
2010.12.20 05:09:09.491,0.82791,0.82803,1.31,1.50
2010.12.20 05:09:09.611,0.82791,0.82808,2.81,2.25
2010.12.20 05:09:09.841,0.82782,0.82808,1.31,1.50
2010.12.20 05:09:09.961,0.82783,0.82808,1.69,1.50
2010.12.20 05:09:10.548,0.82787,0.82807,1.69,1.50
2010.12.20 05:09:12.661,0.82787,0.82807,1.69,1.88
2010.12.20 05:09:12.781,0.82781,0.82807,1.69,1.88
2010.12.20 05:09:12.899,0.82781,0.82803,1.69,1.50
2010.12.20 05:09:13.428,0.82778,0.82803,2.06,2.25
2010.12.20 05:09:15.338,0.82778,0.82803,4.31,2.25
2010.12.20 05:09:22.060,0.82778,0.82803,4.31,2.25
2010.12.20 05:09:22.869,0.82778,0.82803,1.69,2.62
2010.12.20 05:09:22.981,0.82777,0.82803,1.69,2.81
2010.12.20 05:09:23.212,0.82779,0.82802,3.56,1.50
2010.12.20 05:09:23.498,0.82779,0.82804,3.56,2.62
2010.12.20 05:09:23.938,0.8278,0.82803,1.69,1.50
2010.12.20 05:09:24.269,0.82789,0.82812,3.19,1.50
2010.12.20 05:09:24.492,0.82794,0.82812,2.44,1.50
2010.12.20 05:09:24.719,0.82794,0.82821,2.44,2.25
2010.12.20 05:09:25.074,0.82797,0.8282,1.69,2.25
2010.12.20 05:09:25.519,0.82796,0.8282,1.69,2.25
2010.12.20 05:09:27.891,0.82797,0.8282,1.50,2.25
2010.12.20 05:09:28.678,0.82797,0.82814,1.50,1.50
2010.12.20 05:09:28.793,0.82789,0.82814,2.44,2.25
2010.12.20 05:09:32.636,0.82793,0.82813,2.25,2.25
2010.12.20 05:09:33.235,0.82789,0.82815,2.44,2.25
2010.12.20 05:09:44.319,0.82789,0.82814,3.64,2.62
2010.12.20 05:09:44.651,0.82793,0.8282,1.31,2.62
2010.12.20 05:09:45.361,0.82797,0.8282,1.69,1.12
2010.12.20 05:09:52.559,0.82797,0.82816,1.69,1.12
2010.12.20 05:09:52.669,0.8279,0.82816,2.44,1.12
2010.12.20 05:09:53.501,0.82789,0.82814,3.94,1.50
2010.12.20 05:09:53.891,0.82793,0.82814,1.31,1.50
2010.12.20 05:09:54.338,0.82794,0.82819,1.31,2.62
2010.12.20 05:09:56.479,0.82797,0.82819,2.06,2.25
2010.12.20 05:09:56.810,0.82796,0.82821,1.69,1.50
2010.12.20 05:09:57.151,0.82797,0.82817,1.50,1.12
2010.12.20 05:09:57.271,0.82797,0.8282,1.50,2.62
2010.12.20 05:09:57.389,0.82793,0.8282,1.31,1.12
2010.12.20 05:09:57.932,0.82796,0.8282,1.69,1.12
2010.12.20 05:09:58.512,0.82796,0.82821,2.06,2.25
2010.12.20 05:09:59.068,0.82797,0.82822,2.06,2.25
2010.12.20 05:09:59.179,0.82797,0.82822,2.06,2.25
2010.12.20 05:10:02.059,0.82796,0.82822,2.44,1.50
2010.12.20 05:10:02.312,0.82793,0.82822,1.50,2.81
2010.12.20 05:10:02.430,0.82791,0.82818,1.69,1.31
2010.12.20 05:10:07.759,0.82792,0.82819,2.06,2.25
2010.12.20 05:10:07.979,0.82791,0.82818,1.69,1.31
2010.12.20 05:10:08.418,0.82791,0.82813,1.69,1.50
2010.12.20 05:10:13.958,0.82789,0.82813,2.06,1.50
2010.12.20 05:10:16.196,0.82789,0.82813,2.06,1.50
2010.12.20 05:10:16.451,0.82795,0.8282,1.31,3.75
2010.12.20 05:10:16.576,0.82797,0.82823,1.31,1.12
2010.12.20 05:10:26.709,0.82796,0.82821,2.25,2.81
2010.12.20 05:10:27.032,0.82791,0.8282,1.69,1.69
2010.12.20 05:10:27.588,0.82791,0.82813,1.69,1.50
2010.12.20 05:10:29.551,0.82791,0.82813,1.50,1.88
2010.12.20 05:10:29.780,0.82788,0.82812,1.50,2.06
2010.12.20 05:10:34.018,0.82786,0.82812,4.50,2.81
2010.12.20 05:10:34.671,0.82786,0.82812,4.50,2.81
2010.12.20 05:10:35.026,0.82788,0.82812,1.12,2.44
2010.12.20 05:10:35.144,0.82789,0.82814,1.31,1.88
2010.12.20 05:10:53.319,0.82788,0.82813,3.00,1.31
2010.12.20 05:10:55.030,0.82789,0.82814,1.31,1.69
2010.12.20 05:10:55.546,0.82789,0.82813,1.31,1.50
2010.12.20 05:10:56.174,0.82789,0.82814,1.31,1.69
2010.12.20 05:11:01.630,0.82789,0.82814,1.31,1.50
2010.12.20 05:11:04.921,0.82789,0.82814,1.31,1.50
2010.12.20 05:11:05.480,0.82797,0.82819,1.50,2.25
2010.12.20 05:11:18.034,0.8279,0.82813,2.06,1.50
2010.12.20 05:11:33.952,0.82791,0.82813,1.12,1.69
2010.12.20 05:11:34.178,0.82787,0.82813,4.50,2.06
2010.12.20 05:11:34.289,0.82787,0.82809,3.00,1.31
2010.12.20 05:11:40.628,0.82787,0.82804,1.50,1.50
2010.12.20 05:11:43.329,0.82786,0.82804,1.50,1.50
2010.12.20 05:11:45.580,0.82786,0.82804,1.50,1.31
2010.12.20 05:11:45.692,0.82783,0.82804,1.50,1.31
2010.12.20 05:11:46.273,0.82784,0.82804,1.12,2.44
2010.12.20 05:11:46.392,0.82785,0.82811,2.06,1.31
2010.12.20 05:11:46.516,0.82785,0.82809,3.00,1.31
2010.12.20 05:11:46.741,0.82785,0.82812,3.56,1.31
2010.12.20 05:11:46.970,0.82787,0.82814,2.06,2.25
2010.12.20 05:11:47.529,0.8279,0.82813,1.31,1.50
2010.12.20 05:12:00.430,0.8279,0.82814,1.31,1.50
2010.12.20 05:12:02.129,0.82788,0.82814,2.81,3.75
2010.12.20 05:12:02.698,0.82788,0.82812,2.81,1.50
2010.12.20 05:12:06.700,0.82788,0.82812,2.25,2.06
2010.12.20 05:12:06.930,0.82787,0.82814,2.81,2.25
2010.12.20 05:12:15.159,0.82787,0.82813,4.88,3.94
2010.12.20 05:12:15.269,0.82787,0.82813,4.50,2.81
2010.12.20 05:12:17.740,0.82787,0.82805,2.25,1.31
2010.12.20 05:12:18.080,0.82785,0.82806,1.31,3.00
2010.12.20 05:12:18.420,0.82783,0.82804,1.50,1.50
2010.12.20 05:12:20.381,0.82783,0.82804,1.50,1.88
2010.12.20 05:12:20.722,0.8278,0.82804,1.50,2.06
2010.12.20 05:12:20.839,0.8278,0.82805,1.50,2.81
2010.12.20 05:12:24.031,0.8278,0.82795,1.50,1.31
2010.12.20 05:12:24.276,0.82769,0.82795,4.69,1.31
2010.12.20 05:12:24.624,0.82769,0.82793,3.64,1.50
2010.12.20 05:12:25.003,0.82775,0.82793,2.81,1.50
2010.12.20 05:12:25.123,0.82777,0.82803,3.56,1.69
2010.12.20 05:12:25.242,0.82778,0.82795,2.25,1.31
2010.12.20 05:12:25.580,0.82776,0.82798,1.50,2.06
2010.12.20 05:12:26.322,0.82777,0.82799,1.50,1.31
2010.12.20 05:12:26.759,0.82777,0.82798,1.50,1.31
2010.12.20 05:12:41.681,0.82778,0.82803,1.31,3.56
2010.12.20 05:12:42.073,0.82782,0.82803,1.50,2.06
2010.12.20 05:12:42.439,0.82782,0.82803,1.50,1.88
2010.12.20 05:12:42.663,0.82782,0.82803,1.50,2.81
2010.12.20 05:12:43.220,0.82782,0.82801,1.50,1.31
2010.12.20 05:12:43.450,0.82778,0.82803,2.06,2.06
2010.12.20 05:12:46.158,0.82778,0.82804,1.69,2.44
2010.12.20 05:12:47.680,0.82779,0.82803,1.12,1.88
2010.12.20 05:13:04.489,0.82778,0.82803,1.50,1.88
2010.12.20 05:13:05.039,0.82778,0.82803,1.50,1.69
2010.12.20 05:13:07.728,0.82781,0.82803,1.50,1.69
2010.12.20 05:13:08.060,0.82781,0.82803,3.00,2.44
2010.12.20 05:13:13.430,0.82782,0.82803,1.31,1.50
2010.12.20 05:13:13.548,0.82782,0.82809,1.31,1.31
2010.12.20 05:13:14.028,0.82782,0.82803,1.31,1.50
2010.12.20 05:13:19.378,0.82782,0.82804,1.31,1.50
2010.12.20 05:13:20.468,0.82782,0.82808,1.31,1.69
2010.12.20 05:13:20.813,0.82783,0.82804,1.31,1.50
2010.12.20 05:13:20.933,0.82784,0.82808,2.81,1.50
2010.12.20 05:13:21.489,0.82786,0.82811,2.06,2.25
2010.12.20 05:13:22.283,0.82786,0.82811,2.25,2.06
2010.12.20 05:13:23.060,0.82787,0.82809,1.50,2.06
2010.12.20 05:13:25.692,0.82787,0.82808,1.50,1.31
2010.12.20 05:13:25.920,0.82781,0.82805,1.50,1.31
2010.12.20 05:13:26.249,0.8278,0.82804,2.44,1.69
2010.12.20 05:13:40.699,0.82781,0.82804,1.50,1.69
2010.12.20 05:13:49.141,0.82781,0.82802,1.50,1.50
2010.12.20 05:13:49.263,0.82779,0.82801,1.69,1.50
2010.12.20 05:13:49.710,0.82778,0.82803,1.31,1.69
2010.12.20 05:13:49.930,0.82777,0.828,3.94,1.88
2010.12.20 05:13:50.262,0.82777,0.82802,2.62,1.69
2010.12.20 05:13:50.380,0.82777,0.82804,3.56,3.38
2010.12.20 05:13:50.493,0.82777,0.82802,2.25,1.31
2010.12.20 05:13:50.829,0.82778,0.82802,1.31,1.50
2010.12.20 05:14:05.684,0.82779,0.82802,1.69,2.25
2010.12.20 05:14:05.803,0.82777,0.82798,2.25,1.31
2010.12.20 05:14:06.225,0.82773,0.82793,3.00,1.50
2010.12.20 05:14:25.713,0.82774,0.82793,1.12,1.50
2010.12.20 05:14:25.832,0.82775,0.82797,1.31,3.00
2010.12.20 05:14:26.391,0.82778,0.82801,1.31,1.50
2010.12.20 05:14:26.511,0.82777,0.82799,3.00,1.31
2010.12.20 05:14:26.851,0.82778,0.828,1.31,1.50
2010.12.20 05:14:27.079,0.82779,0.82804,1.12,4.12
2010.12.20 05:14:27.195,0.82779,0.82794,1.12,1.50
2010.12.20 05:14:28.061,0.82775,0.82794,1.50,1.50
2010.12.20 05:14:32.385,0.82775,0.82794,1.50,1.69
2010.12.20 05:14:32.631,0.82778,0.82801,1.31,1.50
2010.12.20 05:14:32.753,0.8278,0.82801,2.06,1.50
2010.12.20 05:14:32.981,0.82784,0.82804,3.00,1.50
2010.12.20 05:14:33.807,0.82784,0.82801,2.25,1.31
2010.12.20 05:14:34.032,0.8278,0.82803,1.69,1.69
2010.12.20 05:14:34.628,0.8278,0.82802,1.69,1.50
2010.12.20 05:14:35.417,0.82783,0.82804,2.06,1.50
2010.12.20 05:14:35.640,0.82784,0.82808,3.56,2.06
2010.12.20 05:14:35.762,0.82785,0.82808,1.31,1.50
2010.12.20 05:14:36.102,0.82787,0.82813,1.31,4.31
2010.12.20 05:14:36.638,0.82788,0.82813,1.31,2.81
2010.12.20 05:14:38.173,0.82787,0.82812,3.00,1.88
2010.12.20 05:14:38.953,0.82787,0.8281,3.00,2.81
2010.12.20 05:14:42.019,0.82787,0.82808,1.50,2.06
2010.12.20 05:14:54.682,0.82786,0.82808,1.50,2.06
2010.12.20 05:15:07.380,0.82786,0.82808,1.50,1.88
2010.12.20 05:15:07.881,0.82786,0.82807,1.50,1.50
2010.12.20 05:15:08.441,0.82786,0.82808,1.50,1.88
2010.12.20 05:15:09.398,0.82786,0.82807,1.50,1.50
2010.12.20 05:15:11.437,0.82786,0.8281,1.50,2.06
2010.12.20 05:15:15.790,0.82787,0.82808,1.50,1.88
2010.12.20 05:15:16.728,0.82787,0.82808,1.50,2.06
2010.12.20 05:15:29.551,0.82787,0.82806,1.50,1.31
2010.12.20 05:15:29.665,0.82783,0.82806,1.50,1.31
2010.12.20 05:15:30.260,0.82781,0.82803,1.50,1.50
2010.12.20 05:15:37.239,0.82781,0.82805,1.50,1.12
2010.12.20 05:15:37.462,0.82777,0.82799,1.50,1.50
2010.12.20 05:15:37.921,0.82777,0.82799,2.06,1.50
2010.12.20 05:15:38.150,0.82777,0.82801,2.06,1.50
2010.12.20 05:15:38.260,0.82777,0.82802,1.50,1.31
2010.12.20 05:15:38.802,0.82777,0.82799,1.50,1.50
2010.12.20 05:15:44.259,0.82777,0.82799,1.50,1.69
2010.12.20 05:16:08.660,0.82777,0.82801,1.50,1.31
2010.12.20 05:16:09.010,0.82774,0.82794,1.12,1.69
2010.12.20 05:16:09.126,0.82771,0.82793,2.06,1.69
2010.12.20 05:16:10.632,0.82771,0.82788,1.50,1.31
2010.12.20 05:16:10.759,0.82767,0.82789,1.50,1.50
2010.12.20 05:16:10.983,0.82767,0.82793,1.50,3.56
2010.12.20 05:16:11.660,0.82769,0.82793,1.12,3.94
2010.12.20 05:16:11.782,0.82769,0.82793,1.31,3.00
2010.12.20 05:16:12.010,0.82768,0.82794,1.50,2.06
2010.12.20 05:16:31.570,0.82769,0.82794,4.31,1.50
2010.12.20 05:16:35.165,0.82771,0.82794,1.69,1.50
2010.12.20 05:16:40.969,0.82773,0.82794,1.12,1.50
2010.12.20 05:16:41.474,0.82775,0.82803,1.31,2.06
2010.12.20 05:16:41.701,0.82775,0.82794,1.31,1.50
2010.12.20 05:16:42.152,0.82777,0.82794,1.50,1.50
2010.12.20 05:16:47.688,0.82777,0.82803,1.50,1.31
2010.12.20 05:16:49.415,0.82777,0.82803,3.00,3.19
2010.12.20 05:16:49.970,0.82773,0.82793,1.50,1.50
2010.12.20 05:16:56.956,0.82776,0.82803,2.44,1.31
2010.12.20 05:16:57.510,0.82777,0.82803,2.44,1.31
2010.12.20 05:17:18.848,0.82779,0.82803,1.50,2.81
2010.12.20 05:17:33.719,0.82778,0.82804,1.69,2.81
2010.12.20 05:17:33.831,0.82779,0.82803,1.69,1.50
2010.12.20 05:17:34.624,0.8278,0.82804,1.69,1.69
2010.12.20 05:17:35.830,0.82782,0.82804,1.50,1.69
2010.12.20 05:17:41.613,0.82779,0.82804,2.44,1.69
2010.12.20 05:17:49.694,0.82778,0.82803,2.06,1.50
2010.12.20 05:17:50.298,0.82778,0.82804,2.06,3.94
2010.12.20 05:17:51.868,0.82778,0.82803,2.06,1.50
2010.12.20 05:17:58.219,0.82779,0.82803,2.44,1.50
2010.12.20 05:17:58.684,0.82783,0.82808,2.06,1.31
2010.12.20 05:17:58.803,0.82783,0.82804,2.06,1.50
2010.12.20 05:18:01.023,0.82784,0.82804,1.50,2.06
2010.12.20 05:18:01.140,0.82781,0.82804,3.00,2.06
2010.12.20 05:18:01.255,0.82785,0.82807,3.56,1.50
2010.12.20 05:18:01.808,0.82786,0.82813,2.06,4.69
2010.12.20 05:18:04.700,0.82786,0.8281,1.50,2.06
2010.12.20 05:18:05.248,0.82785,0.8281,1.50,2.06
2010.12.20 05:18:05.732,0.82787,0.8281,1.50,2.06
2010.12.20 05:18:07.002,0.82784,0.82805,1.50,1.88
2010.12.20 05:18:07.560,0.82782,0.82804,1.31,1.50
2010.12.20 05:18:07.669,0.82782,0.82809,1.31,2.06
2010.12.20 05:18:08.010,0.82782,0.82804,1.31,1.50
2010.12.20 05:18:12.750,0.8278,0.82804,5.44,2.06
2010.12.20 05:18:13.321,0.8278,0.82804,1.69,2.06
2010.12.20 05:18:15.183,0.8278,0.82804,1.31,1.69
2010.12.20 05:18:15.300,0.8278,0.82806,2.06,2.25
2010.12.20 05:18:15.781,0.82783,0.82809,1.31,1.31
2010.12.20 05:18:15.900,0.82783,0.82803,1.31,1.50
2010.12.20 05:18:19.980,0.82783,0.82803,1.31,1.50
2010.12.20 05:18:20.529,0.82781,0.82804,1.50,1.31
2010.12.20 05:18:22.541,0.82783,0.82809,1.12,2.06
2010.12.20 05:18:22.659,0.82783,0.82809,1.12,1.31
2010.12.20 05:18:22.879,0.82787,0.82809,1.50,1.31
2010.12.20 05:18:23.700,0.82787,0.82811,1.88,2.44
2010.12.20 05:18:23.912,0.82787,0.82811,1.88,1.50
2010.12.20 05:18:24.469,0.82787,0.82814,1.12,2.81
2010.12.20 05:18:24.585,0.82788,0.82814,1.50,2.81
2010.12.20 05:18:24.703,0.8279,0.82814,1.31,1.50
2010.12.20 05:18:25.290,0.82791,0.82817,1.12,1.31
2010.12.20 05:18:25.400,0.82791,0.82814,1.12,1.50
2010.12.20 05:18:30.139,0.82791,0.82817,1.12,1.12
2010.12.20 05:18:30.581,0.82791,0.82814,1.12,1.50
2010.12.20 05:18:31.242,0.82788,0.82814,1.50,1.88
2010.12.20 05:18:38.522,0.82791,0.82813,1.12,1.50
2010.12.20 05:18:38.639,0.82791,0.82813,1.12,1.50
2010.12.20 05:18:40.691,0.82791,0.82813,1.88,1.69
2010.12.20 05:18:41.369,0.82792,0.82813,1.50,2.06
2010.12.20 05:18:41.921,0.82792,0.82813,1.50,4.69
2010.12.20 05:18:42.260,0.82786,0.82805,1.50,2.81
2010.12.20 05:18:42.370,0.82783,0.82803,3.00,2.06
2010.12.20 05:18:42.980,0.82783,0.82803,1.50,2.06
2010.12.20 05:18:44.252,0.82783,0.82803,1.50,2.06
2010.12.20 05:18:45.249,0.82783,0.82803,1.50,1.88
2010.12.20 05:18:53.511,0.82786,0.82812,1.50,1.31
2010.12.20 05:18:53.639,0.8278,0.82804,1.50,2.06
2010.12.20 05:18:53.970,0.8278,0.82803,1.50,2.06
2010.12.20 05:19:07.923,0.82782,0.82803,1.50,1.69
2010.12.20 05:19:08.043,0.82783,0.82803,1.50,1.69
2010.12.20 05:19:09.061,0.8278,0.82803,2.25,2.81
2010.12.20 05:19:09.509,0.82776,0.82803,1.50,1.31
2010.12.20 05:19:10.200,0.82777,0.82801,2.25,1.31
2010.12.20 05:19:10.802,0.82778,0.82803,1.31,2.81
2010.12.20 05:19:11.338,0.82779,0.82803,1.31,2.06
2010.12.20 05:19:13.729,0.82779,0.82804,1.12,2.06
2010.12.20 05:19:26.382,0.8278,0.82804,1.12,1.69
2010.12.20 05:19:26.939,0.8278,0.82809,1.31,1.12
2010.12.20 05:19:27.339,0.8278,0.82803,1.31,1.50
2010.12.20 05:19:34.951,0.82782,0.82809,1.12,1.12
2010.12.20 05:19:35.071,0.82783,0.82811,1.31,2.25
2010.12.20 05:19:35.190,0.82787,0.82814,2.06,1.50
2010.12.20 05:19:35.414,0.82791,0.82814,1.12,1.50
2010.12.20 05:19:36.010,0.82791,0.82813,1.12,1.50
2010.12.20 05:19:40.361,0.82793,0.82822,1.31,2.62
2010.12.20 05:19:40.735,0.82795,0.82822,1.31,1.12
2010.12.20 05:19:41.365,0.82797,0.82822,1.50,1.12
2010.12.20 05:19:44.923,0.82797,0.82823,1.88,3.94
2010.12.20 05:19:45.480,0.82799,0.82823,1.31,1.50
2010.12.20 05:19:46.534,0.82798,0.82823,3.94,2.33
2010.12.20 05:19:46.774,0.82798,0.8282,1.50,1.69
2010.12.20 05:19:46.894,0.82798,0.8282,1.50,2.44
2010.12.20 05:19:47.324,0.82798,0.82813,1.50,1.50
2010.12.20 05:19:47.550,0.82798,0.82822,1.50,1.69
2010.12.20 05:19:47.899,0.82798,0.82813,1.50,1.50
2010.12.20 05:19:51.530,0.82798,0.82824,1.50,2.44
2010.12.20 05:19:58.061,0.82796,0.82823,2.25,2.25
2010.12.20 05:20:09.746,0.82797,0.82823,1.50,2.33
2010.12.20 05:20:15.794,0.82796,0.82824,2.25,3.94
2010.12.20 05:20:18.670,0.828,0.82824,1.31,3.75
2010.12.20 05:20:19.023,0.82803,0.82833,1.69,3.75
2010.12.20 05:20:19.148,0.82798,0.8283,3.19,2.44
2010.12.20 05:20:19.481,0.82805,0.82833,1.69,3.75
2010.12.20 05:20:19.603,0.82805,0.82833,1.69,3.75
2010.12.20 05:20:19.948,0.82804,0.82824,1.50,1.50
2010.12.20 05:20:20.303,0.82807,0.82834,1.69,1.50
2010.12.20 05:20:22.709,0.82808,0.82834,1.12,1.88
2010.12.20 05:20:26.418,0.82807,0.82833,3.00,1.88
2010.12.20 05:20:28.880,0.82808,0.82833,1.12,1.88
2010.12.20 05:20:29.158,0.82812,0.82834,1.12,1.50
2010.12.20 05:20:29.493,0.82818,0.82844,1.12,2.44
2010.12.20 05:20:30.131,0.82818,0.82843,1.69,2.25
2010.12.20 05:20:30.261,0.82818,0.82846,1.31,1.20
2010.12.20 05:20:30.773,0.8282,0.82844,1.31,2.25
2010.12.20 05:20:31.761,0.82818,0.82844,1.50,2.89
2010.12.20 05:20:32.212,0.82816,0.82843,2.44,3.34
2010.12.20 05:20:32.415,0.82816,0.82841,2.25,2.06
2010.12.20 05:20:32.931,0.82816,0.82841,2.25,2.14
2010.12.20 05:20:33.476,0.82816,0.82836,1.50,1.50
2010.12.20 05:20:34.519,0.82812,0.82836,1.31,1.50
2010.12.20 05:20:34.849,0.82817,0.82836,1.50,1.50
2010.12.20 05:20:34.959,0.82812,0.82834,1.31,1.50
2010.12.20 05:20:35.509,0.82811,0.82833,1.50,1.50
2010.12.20 05:20:37.921,0.82808,0.82832,1.50,1.50
2010.12.20 05:20:38.032,0.82807,0.82832,2.25,2.06
2010.12.20 05:20:38.153,0.82807,0.82831,1.50,1.88
2010.12.20 05:20:38.743,0.82805,0.8283,1.50,1.12
2010.12.20 05:20:39.300,0.82807,0.8283,1.50,1.12
2010.12.20 05:20:40.218,0.82805,0.8283,1.50,1.12
2010.12.20 05:20:41.104,0.82806,0.8283,3.19,1.12
2010.12.20 05:20:41.331,0.82807,0.82833,1.31,3.00
2010.12.20 05:20:42.763,0.82807,0.8283,3.00,1.88
2010.12.20 05:20:43.100,0.82807,0.82828,2.25,1.50
2010.12.20 05:20:44.551,0.82807,0.82828,2.25,1.88
2010.12.20 05:20:45.230,0.82807,0.82826,1.50,1.50
2010.12.20 05:20:46.430,0.82807,0.82825,1.50,1.50
2010.12.20 05:20:47.349,0.82807,0.82825,1.50,1.88
2010.12.20 05:20:48.029,0.828,0.82826,1.88,2.06
2010.12.20 05:20:48.580,0.828,0.82823,1.88,1.50
2010.12.20 05:20:52.666,0.828,0.82825,1.50,1.31
2010.12.20 05:20:53.047,0.828,0.82823,1.88,3.75
2010.12.20 05:20:53.708,0.828,0.82824,1.88,1.88
2010.12.20 05:20:55.533,0.828,0.82823,1.88,1.50
2010.12.20 05:21:02.991,0.82801,0.82823,1.31,1.50
2010.12.20 05:21:03.112,0.82801,0.82829,1.31,2.25
2010.12.20 05:21:03.450,0.82801,0.82824,1.31,1.50
2010.12.20 05:21:03.781,0.82805,0.82824,3.56,1.50
2010.12.20 05:21:03.900,0.82805,0.82833,3.56,2.62
2010.12.20 05:21:05.770,0.82806,0.82829,1.50,1.31
2010.12.20 05:21:06.212,0.82804,0.82829,1.12,2.81
2010.12.20 05:21:06.439,0.82806,0.82829,1.50,2.81
2010.12.20 05:21:07.710,0.82806,0.82829,1.50,1.31
2010.12.20 05:21:07.820,0.82802,0.82826,1.50,1.12
2010.12.20 05:21:08.486,0.82802,0.82823,1.50,1.50
2010.12.20 05:21:13.463,0.828,0.82823,1.69,1.50
2010.12.20 05:21:13.582,0.82802,0.82827,1.31,2.25
2010.12.20 05:21:13.868,0.82803,0.82829,1.31,1.50
2010.12.20 05:21:14.309,0.82803,0.82824,1.31,1.50
2010.12.20 05:21:15.321,0.82802,0.82824,1.50,3.00
2010.12.20 05:21:15.880,0.82799,0.82823,1.69,1.50
2010.12.20 05:21:17.713,0.82799,0.82823,1.69,1.88
2010.12.20 05:21:18.049,0.82796,0.82819,1.50,1.50
2010.12.20 05:21:18.379,0.82796,0.82817,1.50,1.50
2010.12.20 05:21:20.413,0.82797,0.8282,2.25,2.06
2010.12.20 05:21:20.639,0.82797,0.82817,2.25,1.50
2010.12.20 05:21:23.899,0.82797,0.82819,2.25,1.50
2010.12.20 05:21:24.651,0.82799,0.82819,1.50,1.50
2010.12.20 05:21:24.775,0.82803,0.82823,1.31,1.50
2010.12.20 05:21:24.893,0.82801,0.82826,2.44,1.31
2010.12.20 05:21:27.151,0.828,0.82824,1.50,2.25
2010.12.20 05:21:27.492,0.82795,0.82819,1.50,1.31
2010.12.20 05:21:27.831,0.82796,0.82822,2.25,2.81
2010.12.20 05:21:31.790,0.82797,0.82821,2.25,2.06
2010.12.20 05:21:32.139,0.82792,0.8282,1.50,2.81
2010.12.20 05:21:32.259,0.82794,0.8282,1.31,2.25
2010.12.20 05:21:32.373,0.82794,0.82814,1.31,1.50
2010.12.20 05:21:32.712,0.82795,0.82814,1.88,1.50
2010.12.20 05:21:32.831,0.82795,0.82823,1.88,2.81
2010.12.20 05:21:44.302,0.82798,0.82824,1.31,2.25
2010.12.20 05:21:44.709,0.82797,0.82824,2.25,2.06
2010.12.20 05:22:06.150,0.82798,0.82824,1.12,2.06
2010.12.20 05:22:06.765,0.828,0.82823,1.31,1.50
2010.12.20 05:22:20.580,0.82799,0.82823,1.69,1.88
2010.12.20 05:22:26.189,0.82799,0.8282,2.44,1.88
2010.12.20 05:22:26.301,0.828,0.82824,1.31,1.88
2010.12.20 05:22:29.600,0.828,0.82824,1.31,1.88
2010.12.20 05:22:30.709,0.828,0.82823,1.31,1.50
2010.12.20 05:22:31.433,0.82801,0.82823,1.31,1.50
2010.12.20 05:22:31.771,0.82801,0.8283,2.06,2.62
2010.12.20 05:22:32.162,0.82803,0.82824,2.06,1.50
2010.12.20 05:22:33.602,0.82803,0.82831,2.06,1.12
2010.12.20 05:22:33.941,0.82803,0.82823,2.06,1.50
2010.12.20 05:22:43.458,0.82805,0.82833,1.31,1.01
2010.12.20 05:22:43.578,0.82807,0.82834,1.31,2.70
2010.12.20 05:22:44.021,0.82806,0.82834,3.00,6.26
2010.12.20 05:22:46.761,0.82808,0.82834,1.31,1.88
2010.12.20 05:22:48.940,0.82808,0.82834,1.31,1.50
2010.12.20 05:22:49.423,0.82813,0.82833,1.69,1.50
2010.12.20 05:22:49.761,0.82813,0.82842,2.06,3.00
2010.12.20 05:22:50.091,0.82815,0.82844,2.06,4.50
2010.12.20 05:22:50.413,0.82815,0.82834,2.06,1.50
2010.12.20 05:22:54.244,0.82818,0.82834,1.12,1.50
2010.12.20 05:22:54.365,0.82816,0.82843,2.06,1.88
2010.12.20 05:22:54.482,0.82816,0.82843,1.12,1.88
2010.12.20 05:22:55.539,0.82816,0.82844,2.25,3.00
2010.12.20 05:22:55.979,0.82815,0.82833,1.50,1.50
2010.12.20 05:23:01.770,0.82813,0.82833,1.50,1.50
2010.12.20 05:23:08.901,0.82813,0.82833,1.50,1.88
2010.12.20 05:23:13.830,0.82809,0.82833,1.69,2.06
2010.12.20 05:23:32.774,0.82812,0.82833,1.31,1.50
2010.12.20 05:23:32.889,0.82812,0.82839,1.31,2.78
2010.12.20 05:23:33.289,0.82812,0.82834,1.31,1.50
2010.12.20 05:23:41.913,0.82814,0.82834,1.69,1.50
2010.12.20 05:23:42.680,0.82814,0.8284,1.69,2.59
2010.12.20 05:23:42.932,0.82814,0.82833,1.69,1.50
2010.12.20 05:23:46.861,0.82815,0.82833,1.31,1.50
2010.12.20 05:23:46.982,0.82814,0.82841,1.50,1.46
2010.12.20 05:23:47.539,0.82814,0.82841,1.50,1.39
2010.12.20 05:23:48.519,0.82817,0.82841,1.50,1.39
2010.12.20 05:23:52.654,0.82815,0.82843,1.31,1.27
2010.12.20 05:23:53.215,0.82814,0.82841,2.44,3.08
2010.12.20 05:23:53.396,0.82814,0.82841,1.50,3.26
2010.12.20 05:23:53.949,0.82814,0.82841,1.50,3.26
2010.12.20 05:23:54.959,0.82816,0.82841,1.50,1.46
2010.12.20 05:24:15.852,0.82817,0.82839,1.50,1.12
2010.12.20 05:24:29.434,0.82817,0.82842,1.31,2.62
2010.12.20 05:24:29.880,0.82817,0.82841,1.31,2.25
2010.12.20 05:24:33.629,0.82817,0.82842,4.31,1.88
2010.12.20 05:25:31.719,0.82821,0.82843,1.31,1.50
2010.12.20 05:25:31.941,0.82817,0.82844,1.69,2.81
2010.12.20 05:25:32.454,0.82819,0.82844,1.31,2.44
2010.12.20 05:25:32.572,0.82819,0.82844,2.44,2.81
2010.12.20 05:25:32.910,0.8282,0.82844,1.31,2.25
2010.12.20 05:25:33.791,0.82821,0.82843,1.31,1.50
2010.12.20 05:25:37.801,0.82818,0.82843,3.19,1.88
2010.12.20 05:25:38.020,0.82817,0.82843,2.06,2.62
2010.12.20 05:25:39.209,0.82817,0.82843,2.06,4.31
2010.12.20 05:25:42.465,0.82817,0.82841,1.69,1.12
2010.12.20 05:25:42.584,0.82815,0.82841,2.44,3.56
2010.12.20 05:25:42.702,0.82813,0.82838,2.25,1.31
2010.12.20 05:25:43.151,0.8281,0.82834,2.44,1.88
2010.12.20 05:26:37.005,0.82807,0.82824,2.25,1.31
2010.12.20 05:26:37.124,0.82804,0.82823,1.50,2.06
2010.12.20 05:26:37.244,0.82802,0.82823,1.50,3.56
2010.12.20 05:26:37.362,0.828,0.82823,1.50,2.06
2010.12.20 05:26:37.787,0.82797,0.82819,2.25,1.31
2010.12.20 05:26:38.284,0.82796,0.82814,1.50,1.50
2010.12.20 05:26:40.440,0.82794,0.82814,1.50,1.50
2010.12.20 05:26:43.292,0.82794,0.82814,1.50,1.12
2010.12.20 05:26:43.631,0.82791,0.82813,1.50,1.88
2010.12.20 05:26:44.210,0.82788,0.82813,1.31,2.62
2010.12.20 05:26:44.320,0.82787,0.82813,3.56,2.62
2010.12.20 05:26:45.689,0.82787,0.8281,3.56,1.50
2010.12.20 05:26:50.059,0.82787,0.82812,3.56,2.25
2010.12.20 05:26:53.690,0.82787,0.82811,2.62,1.69
2010.12.20 05:26:54.021,0.82787,0.82809,2.06,1.50
2010.12.20 05:26:54.590,0.82785,0.82808,3.00,1.31
2010.12.20 05:26:55.142,0.82783,0.82803,1.31,1.50
2010.12.20 05:26:56.365,0.8278,0.82803,3.19,1.50
2010.12.20 05:26:56.919,0.8278,0.82804,3.19,1.88
2010.12.20 05:27:04.210,0.82779,0.82804,2.06,1.88
2010.12.20 05:27:08.107,0.82779,0.82804,2.06,1.50
2010.12.20 05:27:08.562,0.82783,0.82804,1.31,1.50
2010.12.20 05:27:21.011,0.82781,0.82807,2.44,2.06
2010.12.20 05:27:21.231,0.82787,0.82806,1.31,1.50
2010.12.20 05:27:21.452,0.82786,0.82809,1.69,1.31
2010.12.20 05:27:26.200,0.82787,0.82807,1.50,1.12
2010.12.20 05:27:26.531,0.8278,0.82807,1.69,1.31
2010.12.20 05:27:27.130,0.8278,0.82804,1.69,1.88
2010.12.20 05:27:35.191,0.82781,0.82804,1.31,1.50
2010.12.20 05:27:35.520,0.82781,0.82808,2.06,1.12
2010.12.20 05:27:35.861,0.82787,0.82808,1.50,1.12
2010.12.20 05:27:36.216,0.82787,0.82807,1.50,2.81
2010.12.20 05:27:36.454,0.82778,0.82804,3.94,1.12
2010.12.20 05:27:38.165,0.82779,0.82804,1.31,3.75
2010.12.20 05:27:38.392,0.82782,0.82804,1.31,2.25
2010.12.20 05:27:38.980,0.82782,0.82803,1.31,1.50
2010.12.20 05:27:40.090,0.82781,0.82803,1.31,1.50
2010.12.20 05:27:42.089,0.82781,0.82809,1.31,2.62
2010.12.20 05:27:42.666,0.82781,0.82803,1.31,1.50
2010.12.20 05:27:45.950,0.82779,0.82803,2.81,1.50
2010.12.20 05:27:46.062,0.82779,0.82804,2.81,1.12
2010.12.20 05:28:41.305,0.8278,0.82806,1.31,2.25
2010.12.20 05:28:47.133,0.82779,0.82804,2.81,2.62
2010.12.20 05:28:47.803,0.82778,0.82803,1.69,1.88
2010.12.20 05:28:48.359,0.82778,0.82801,1.50,1.88
2010.12.20 05:28:50.381,0.82778,0.82801,2.44,1.88
2010.12.20 05:28:50.652,0.82778,0.82803,2.81,1.50
2010.12.20 05:28:51.443,0.82778,0.82803,1.88,1.69
2010.12.20 05:28:51.591,0.82778,0.82803,1.50,2.06
2010.12.20 05:28:51.919,0.82776,0.82793,1.69,1.50
2010.12.20 05:28:52.557,0.82775,0.82793,2.06,1.50
2010.12.20 05:28:52.789,0.82775,0.82802,2.06,1.12
2010.12.20 05:28:53.041,0.82777,0.82803,1.31,2.62
2010.12.20 05:28:55.283,0.82777,0.82802,1.50,1.12
2010.12.20 05:28:55.911,0.82775,0.82794,1.69,1.50
2010.12.20 05:28:58.033,0.82781,0.82794,1.31,1.50
2010.12.20 05:28:58.152,0.82781,0.82794,1.12,1.50
2010.12.20 05:28:58.382,0.82779,0.82804,2.06,1.88
2010.12.20 05:28:58.502,0.82781,0.82804,1.31,1.50
2010.12.20 05:28:59.231,0.82783,0.82803,1.69,1.50
2010.12.20 05:29:00.644,0.82783,0.82809,1.69,1.12
2010.12.20 05:29:00.862,0.82783,0.82804,1.69,1.50
2010.12.20 05:29:01.859,0.82781,0.82809,1.50,3.38
2010.12.20 05:29:01.971,0.8278,0.82806,1.69,1.12
2010.12.20 05:29:03.762,0.82781,0.82807,1.31,2.25
2010.12.20 05:29:04.392,0.82781,0.82803,1.31,1.50
2010.12.20 05:29:05.647,0.8278,0.82803,1.69,1.88
2010.12.20 05:29:06.901,0.82774,0.82794,1.31,1.50
2010.12.20 05:29:07.280,0.82778,0.82794,1.31,1.50
2010.12.20 05:29:07.610,0.82777,0.82803,2.06,1.88
2010.12.20 05:29:08.246,0.82777,0.82798,3.00,1.69
2010.12.20 05:29:08.368,0.8277,0.82795,2.62,4.12
2010.12.20 05:29:08.491,0.8277,0.82795,1.88,4.88
2010.12.20 05:29:08.844,0.82761,0.82792,1.69,3.19
2010.12.20 05:29:08.962,0.82761,0.82783,1.69,1.50
2010.12.20 05:29:10.871,0.82761,0.82788,1.50,2.44
2010.12.20 05:29:11.090,0.82761,0.82784,1.50,1.50
2010.12.20 05:29:11.834,0.82761,0.82783,2.06,1.50
2010.12.20 05:29:13.973,0.82763,0.82783,1.31,1.50
2010.12.20 05:29:14.090,0.82763,0.82791,1.31,1.12
2010.12.20 05:29:14.774,0.82767,0.82791,1.50,2.62
2010.12.20 05:29:16.240,0.82767,0.82791,1.88,2.25
2010.12.20 05:29:16.352,0.82767,0.82791,2.06,1.50
2010.12.20 05:29:16.581,0.82767,0.82793,2.06,1.50
2010.12.20 05:29:17.130,0.82769,0.82794,1.31,1.50
2010.12.20 05:29:17.723,0.82767,0.82794,1.50,2.81
2010.12.20 05:29:17.951,0.82766,0.82794,2.25,4.31
2010.12.20 05:29:18.390,0.82767,0.82793,2.62,1.69
2010.12.20 05:29:18.987,0.82767,0.82793,1.31,1.50
2010.12.20 05:29:19.322,0.82765,0.82787,1.50,1.31
2010.12.20 05:29:19.553,0.82759,0.82786,3.00,1.31
2010.12.20 05:29:20.002,0.82757,0.82783,5.06,1.88
2010.12.20 05:29:24.113,0.82757,0.82783,3.56,4.12
2010.12.20 05:29:26.371,0.82757,0.82783,3.38,5.06
2010.12.20 05:29:26.710,0.82757,0.8278,1.50,1.31
2010.12.20 05:29:27.170,0.82757,0.82774,1.50,1.50
2010.12.20 05:29:28.951,0.82759,0.82774,1.69,1.50
2010.12.20 05:29:29.281,0.82762,0.82774,1.69,1.50
2010.12.20 05:29:29.561,0.82762,0.82784,1.69,1.50
2010.12.20 05:29:29.671,0.82764,0.82784,1.12,1.50
2010.12.20 05:29:29.781,0.82764,0.82792,2.06,1.31
2010.12.20 05:29:30.112,0.82766,0.82783,2.25,1.50
2010.12.20 05:29:31.440,0.82765,0.82783,1.50,1.50
2010.12.20 05:29:32.254,0.82764,0.82783,1.50,1.50
2010.12.20 05:29:33.821,0.82764,0.82783,2.06,1.50
2010.12.20 05:29:36.190,0.82764,0.82783,1.88,1.50
2010.12.20 05:29:36.632,0.8276,0.82787,2.06,1.88
2010.12.20 05:29:36.750,0.8276,0.82784,2.06,1.50
2010.12.20 05:29:39.901,0.8276,0.82784,1.88,1.69
2010.12.20 05:29:40.120,0.82759,0.82786,1.50,2.06
2010.12.20 05:29:40.631,0.82757,0.82782,3.19,2.44
2010.12.20 05:29:59.134,0.8276,0.82785,1.31,1.50
2010.12.20 05:29:59.719,0.8276,0.82783,1.31,1.50
2010.12.20 05:30:02.353,0.82758,0.82783,2.25,2.06
2010.12.20 05:30:03.471,0.8276,0.82783,1.31,3.75
2010.12.20 05:30:04.023,0.82764,0.82789,1.12,3.94
2010.12.20 05:30:04.251,0.82764,0.82784,1.31,1.50
2010.12.20 05:30:06.282,0.82763,0.82784,2.44,1.50
2010.12.20 05:30:06.610,0.8276,0.82786,2.06,4.69
2010.12.20 05:30:06.982,0.8276,0.82784,2.06,1.50
2010.12.20 05:30:08.233,0.8276,0.82784,1.69,1.88
2010.12.20 05:30:08.350,0.82759,0.82783,2.25,2.81
2010.12.20 05:30:10.672,0.8276,0.82783,1.31,3.75
2010.12.20 05:30:11.219,0.8276,0.82782,1.12,1.69
2010.12.20 05:30:11.339,0.8276,0.82782,1.12,1.69
2010.12.20 05:30:11.455,0.82758,0.82778,1.50,4.12
2010.12.20 05:30:11.695,0.82754,0.82781,1.69,2.81
2010.12.20 05:30:12.172,0.82754,0.82774,2.25,1.50
2010.12.20 05:30:17.414,0.82753,0.8277,1.50,3.56
2010.12.20 05:30:17.538,0.82747,0.8277,1.31,2.25
2010.12.20 05:30:17.766,0.82748,0.82774,2.06,3.56
2010.12.20 05:30:18.321,0.82748,0.82773,2.06,1.69
2010.12.20 05:30:20.691,0.82748,0.82774,3.38,2.81
2010.12.20 05:30:21.035,0.82745,0.8277,1.50,2.06
2010.12.20 05:30:24.577,0.82748,0.82773,1.50,2.06
2010.12.20 05:30:24.692,0.82747,0.82773,2.25,2.06
2010.12.20 05:30:25.282,0.82748,0.82773,1.50,2.81
2010.12.20 05:30:31.245,0.82748,0.82773,2.81,1.50
2010.12.20 05:30:31.853,0.82748,0.82774,2.81,1.88
2010.12.20 05:30:33.036,0.82748,0.82774,2.81,2.06
2010.12.20 05:30:33.584,0.8275,0.82774,1.50,2.06
2010.12.20 05:30:39.532,0.8275,0.82765,3.00,1.31
2010.12.20 05:30:39.656,0.82744,0.82763,1.50,1.31
2010.12.20 05:30:39.887,0.82744,0.82764,1.50,1.69
2010.12.20 05:30:40.259,0.82751,0.82774,1.31,2.25
2010.12.20 05:30:40.711,0.82751,0.82777,1.31,2.25
2010.12.20 05:30:40.931,0.82751,0.82773,2.06,1.50
2010.12.20 05:30:41.514,0.82751,0.82774,2.06,1.50
2010.12.20 05:30:42.813,0.82754,0.82774,1.31,1.50
2010.12.20 05:30:45.291,0.82754,0.82781,1.31,1.31
2010.12.20 05:30:45.621,0.82754,0.82773,1.12,1.50
2010.12.20 05:30:48.582,0.82753,0.82779,1.50,2.06
2010.12.20 05:30:48.803,0.82752,0.82778,1.50,2.06
2010.12.20 05:30:50.632,0.8275,0.82773,1.50,2.25
2010.12.20 05:30:51.016,0.82743,0.8277,1.69,1.12
2010.12.20 05:30:51.243,0.82744,0.82771,1.31,1.31
2010.12.20 05:30:51.361,0.82746,0.82771,1.50,1.31
2010.12.20 05:30:51.689,0.82746,0.82763,1.50,1.50
2010.12.20 05:30:52.023,0.82748,0.82774,1.12,2.25
2010.12.20 05:30:52.560,0.82748,0.82773,1.12,1.50
2010.12.20 05:30:53.511,0.82747,0.82773,2.25,2.06
2010.12.20 05:30:58.893,0.82748,0.82773,1.12,1.69
2010.12.20 05:30:59.482,0.82746,0.82774,1.50,2.81
2010.12.20 05:31:00.272,0.82748,0.82773,1.31,1.50
2010.12.20 05:31:00.721,0.82746,0.82773,1.50,2.06
2010.12.20 05:31:03.192,0.82748,0.82773,1.31,1.50
2010.12.20 05:31:03.421,0.82748,0.82773,1.12,1.69
2010.12.20 05:31:03.983,0.82748,0.82773,1.31,1.50
2010.12.20 05:31:04.434,0.82748,0.82774,1.31,1.50
2010.12.20 05:31:07.702,0.82749,0.82774,1.50,1.69
2010.12.20 05:31:08.058,0.82746,0.82774,2.81,2.25
2010.12.20 05:31:08.171,0.82746,0.82773,2.44,1.12
2010.12.20 05:31:08.283,0.82746,0.82773,2.25,1.31
2010.12.20 05:31:08.954,0.82747,0.82773,1.50,2.81
2010.12.20 05:31:09.744,0.82747,0.82773,2.06,2.25
2010.12.20 05:31:12.894,0.82747,0.82773,1.69,3.00
2010.12.20 05:31:13.012,0.82744,0.82771,3.00,2.06
2010.12.20 05:31:13.513,0.82741,0.82763,1.88,1.50
2010.12.20 05:31:13.859,0.82739,0.82761,1.50,2.25
2010.12.20 05:31:14.300,0.82741,0.82763,2.25,1.50
2010.12.20 05:31:15.750,0.82741,0.82767,2.25,1.12
2010.12.20 05:31:16.079,0.82741,0.82764,2.25,1.50
2010.12.20 05:31:17.943,0.82741,0.82762,2.25,2.62
2010.12.20 05:31:18.903,0.82742,0.82763,1.12,1.50
2010.12.20 05:31:19.027,0.82742,0.82766,2.81,2.25
2010.12.20 05:31:19.143,0.82745,0.82766,2.25,2.25
2010.12.20 05:31:19.260,0.82745,0.82769,2.25,2.25
2010.12.20 05:31:19.895,0.82747,0.82769,1.50,2.25
2010.12.20 05:31:20.600,0.82747,0.82766,1.50,2.81
2010.12.20 05:31:21.150,0.82744,0.82764,1.50,1.50
2010.12.20 05:31:21.851,0.82744,0.82769,1.69,2.25
2010.12.20 05:31:22.072,0.82742,0.82765,2.25,1.31
2010.12.20 05:31:24.723,0.82742,0.82766,3.19,2.62
2010.12.20 05:31:25.035,0.82743,0.8277,1.31,5.06
2010.12.20 05:31:25.594,0.82746,0.8277,1.50,5.06
2010.12.20 05:31:25.714,0.82746,0.8277,1.50,5.06
2010.12.20 05:31:28.210,0.82748,0.8277,1.50,5.06
2010.12.20 05:31:30.000,0.82748,0.8277,2.81,3.75
2010.12.20 05:31:30.220,0.82752,0.82774,1.50,4.88
2010.12.20 05:31:30.331,0.82754,0.82773,1.50,1.50
2010.12.20 05:31:31.012,0.82754,0.82774,1.50,4.12
2010.12.20 05:31:32.140,0.82754,0.82773,1.50,1.50
2010.12.20 05:31:33.354,0.82753,0.82773,2.25,1.50
2010.12.20 05:31:35.313,0.82753,0.82778,2.81,4.31
2010.12.20 05:31:35.541,0.82755,0.82774,2.44,1.50
2010.12.20 05:31:36.402,0.82757,0.82774,1.12,1.50
2010.12.20 05:31:36.959,0.82757,0.82784,1.31,2.06
2010.12.20 05:31:38.201,0.82759,0.82784,3.00,2.06
2010.12.20 05:31:45.505,0.82761,0.82783,1.31,1.50
2010.12.20 05:31:45.621,0.82761,0.82787,1.31,3.38
2010.12.20 05:31:45.734,0.82759,0.82787,1.69,1.31
2010.12.20 05:31:50.283,0.82761,0.82784,1.31,1.50
2010.12.20 05:31:51.071,0.82761,0.82783,1.31,1.50
2010.12.20 05:31:51.395,0.82763,0.82783,1.50,1.50
2010.12.20 05:31:53.613,0.82761,0.82783,1.50,1.88
2010.12.20 05:31:53.875,0.82757,0.82783,2.81,1.88
2010.12.20 05:31:57.989,0.82756,0.82783,2.06,1.12
2010.12.20 05:31:59.298,0.82754,0.82778,3.00,1.31
2010.12.20 05:31:59.525,0.82751,0.82777,1.50,1.31
2010.12.20 05:32:00.103,0.82751,0.82774,1.50,1.50
2010.12.20 05:32:26.895,0.82753,0.82779,1.12,4.31
2010.12.20 05:32:27.017,0.82753,0.82779,1.31,1.12
2010.12.20 05:32:27.350,0.82753,0.82774,1.31,1.50
2010.12.20 05:32:36.790,0.8275,0.82774,1.50,1.88
2010.12.20 05:32:47.870,0.8275,0.82773,1.50,1.50
2010.12.20 05:32:47.982,0.82748,0.82772,1.69,1.12
2010.12.20 05:32:48.242,0.8274,0.82768,2.06,1.88
2010.12.20 05:32:48.473,0.8274,0.82763,2.06,1.50
2010.12.20 05:32:49.463,0.8274,0.82763,1.50,1.88
2010.12.20 05:32:49.691,0.82737,0.82763,3.56,2.62
2010.12.20 05:32:50.859,0.82739,0.82763,1.12,2.25
2010.12.20 05:32:51.202,0.82737,0.82763,3.56,2.62
2010.12.20 05:32:53.592,0.82737,0.82763,3.19,3.00
2010.12.20 05:32:53.822,0.82734,0.82757,1.69,2.62
2010.12.20 05:32:54.043,0.82736,0.8276,1.12,1.50
2010.12.20 05:32:54.275,0.82736,0.82761,2.06,3.00
2010.12.20 05:32:54.744,0.82739,0.82763,2.81,1.50
2010.12.20 05:32:55.204,0.82738,0.82764,3.56,1.50
2010.12.20 05:32:56.152,0.82738,0.82764,3.19,1.88
2010.12.20 05:32:56.274,0.82738,0.82764,2.25,2.06
2010.12.20 05:32:56.641,0.82736,0.82761,3.56,5.06
2010.12.20 05:32:56.758,0.82735,0.82759,1.31,1.50
2010.12.20 05:32:56.873,0.82737,0.82761,1.50,6.56
2010.12.20 05:33:04.579,0.82735,0.82761,1.31,5.81
2010.12.20 05:33:04.695,0.82734,0.82753,1.50,2.81
2010.12.20 05:33:04.812,0.82729,0.82753,2.25,4.31
2010.12.20 05:33:16.653,0.8273,0.82753,1.12,3.94
2010.12.20 05:33:16.995,0.82734,0.82757,1.31,3.00
2010.12.20 05:33:17.324,0.82734,0.8276,2.81,2.25
2010.12.20 05:33:18.171,0.82737,0.82759,1.69,1.12
2010.12.20 05:33:18.391,0.82735,0.82757,1.50,2.62
2010.12.20 05:33:18.940,0.82736,0.82757,1.50,2.62
2010.12.20 05:33:23.883,0.82736,0.82757,1.50,2.25
2010.12.20 05:33:24.001,0.82736,0.82761,1.69,3.19
2010.12.20 05:33:29.472,0.82736,0.82759,1.50,1.31
2010.12.20 05:33:29.582,0.82733,0.82758,4.69,2.81
2010.12.20 05:33:30.016,0.82743,0.82758,1.31,2.25
2010.12.20 05:33:30.134,0.82743,0.82766,1.31,2.25
2010.12.20 05:33:30.257,0.82739,0.8276,2.25,1.31
2010.12.20 05:33:30.593,0.82738,0.82758,1.31,2.25
2010.12.20 05:33:30.712,0.82738,0.82765,1.31,2.25
2010.12.20 05:33:31.461,0.82739,0.82764,2.44,2.62
2010.12.20 05:33:31.791,0.82739,0.82764,2.06,4.50
2010.12.20 05:33:32.186,0.82743,0.82764,1.31,1.50
2010.12.20 05:33:32.525,0.82742,0.82764,3.00,1.50
2010.12.20 05:33:34.265,0.82744,0.82764,1.31,1.50
2010.12.20 05:33:34.382,0.82744,0.82769,1.31,1.31
2010.12.20 05:33:34.503,0.82747,0.8277,1.31,3.00
2010.12.20 05:33:34.621,0.82747,0.82772,1.31,2.25
2010.12.20 05:33:34.964,0.82747,0.82773,1.31,2.25
2010.12.20 05:33:35.584,0.82749,0.82774,1.69,4.12
2010.12.20 05:33:36.273,0.8275,0.82774,1.69,4.12
2010.12.20 05:33:36.516,0.82749,0.82773,2.06,1.88
2010.12.20 05:33:36.852,0.82751,0.82774,1.50,4.12
2010.12.20 05:33:38.452,0.82752,0.82774,1.69,4.12
2010.12.20 05:33:38.682,0.82753,0.82778,2.06,2.62
2010.12.20 05:33:38.912,0.82755,0.82781,1.31,1.50
2010.12.20 05:33:39.480,0.82757,0.82782,2.06,3.38
2010.12.20 05:33:46.611,0.82757,0.82781,2.06,1.50
2010.12.20 05:33:47.714,0.82757,0.82782,2.81,3.38
2010.12.20 05:33:47.940,0.82761,0.82784,1.31,2.25
2010.12.20 05:33:48.491,0.82761,0.82783,1.31,1.50
2010.12.20 05:33:48.600,0.82759,0.82783,2.06,1.50
2010.12.20 05:33:50.301,0.82759,0.82787,2.06,1.12
2010.12.20 05:33:52.843,0.82759,0.82784,2.06,3.75
2010.12.20 05:33:54.701,0.82759,0.82784,1.69,2.62
2010.12.20 05:33:54.812,0.82758,0.82784,1.31,1.12
2010.12.20 05:33:56.823,0.82757,0.82783,3.19,3.38
2010.12.20 05:33:57.164,0.82754,0.8278,1.12,1.88
2010.12.20 05:33:57.559,0.82753,0.8278,1.50,2.44
2010.12.20 05:33:57.787,0.82749,0.82775,2.06,1.12
2010.12.20 05:34:03.758,0.82749,0.82774,1.69,1.88
2010.12.20 05:34:04.102,0.82746,0.82773,1.50,1.12
2010.12.20 05:34:09.654,0.82747,0.82772,2.25,1.31
2010.12.20 05:34:28.051,0.82748,0.8277,1.12,3.94
2010.12.20 05:34:28.271,0.82748,0.82773,2.06,2.25
2010.12.20 05:34:29.312,0.82747,0.82773,4.69,2.62
2010.12.20 05:34:29.532,0.82747,0.8277,2.25,2.62
2010.12.20 05:35:00.721,0.82747,0.82764,1.50,1.50
2010.12.20 05:35:00.834,0.82747,0.82769,1.50,2.06
2010.12.20 05:35:12.553,0.82747,0.82765,1.50,2.81
2010.12.20 05:35:13.057,0.82741,0.82765,1.69,2.81
2010.12.20 05:35:13.173,0.82741,0.82763,1.69,1.50
2010.12.20 05:35:14.210,0.82741,0.82765,1.69,2.81
2010.12.20 05:35:14.945,0.82741,0.82764,1.69,1.50
2010.12.20 05:35:17.143,0.82741,0.82764,1.69,1.50
2010.12.20 05:35:17.480,0.82745,0.82769,2.44,2.44
2010.12.20 05:35:18.031,0.82747,0.82769,1.50,2.44
2010.12.20 05:35:33.811,0.82748,0.82773,1.31,4.88
2010.12.20 05:35:34.034,0.82749,0.82773,1.31,2.62
2010.12.20 05:35:34.264,0.8275,0.82774,1.31,1.50
2010.12.20 05:35:34.784,0.82753,0.82773,1.12,1.50
2010.12.20 05:35:36.802,0.82754,0.82773,1.12,2.25
2010.12.20 05:35:37.033,0.82757,0.82782,1.12,1.69
2010.12.20 05:35:37.153,0.82756,0.82777,2.25,1.31
2010.12.20 05:35:37.548,0.82754,0.82781,1.69,2.06
2010.12.20 05:35:37.882,0.82754,0.82773,3.19,1.50
2010.12.20 05:35:38.684,0.82754,0.8278,1.50,1.31
2010.12.20 05:35:38.812,0.82759,0.82778,1.31,1.50
2010.12.20 05:35:39.046,0.82758,0.82784,2.06,2.62
2010.12.20 05:35:39.521,0.82758,0.82781,1.50,2.06
2010.12.20 05:35:39.641,0.82755,0.82779,1.50,2.62
2010.12.20 05:35:40.194,0.82757,0.82773,1.31,1.50
2010.12.20 05:35:40.532,0.82757,0.82773,2.06,1.50
2010.12.20 05:35:41.611,0.82757,0.82782,2.06,2.62
2010.12.20 05:35:41.722,0.82757,0.82782,1.69,2.62
2010.12.20 05:35:42.061,0.82757,0.82783,3.56,5.81
2010.12.20 05:35:44.765,0.82757,0.8278,3.00,1.31
2010.12.20 05:35:45.542,0.82757,0.8278,2.25,1.31
2010.12.20 05:35:48.403,0.82754,0.82774,3.19,1.50
2010.12.20 05:35:52.380,0.82757,0.82782,2.81,1.12
2010.12.20 05:35:55.306,0.82757,0.82782,2.89,1.31
2010.12.20 05:35:55.712,0.82758,0.82782,1.50,1.31
2010.12.20 05:35:59.599,0.82757,0.82782,2.62,1.31
2010.12.20 05:36:07.724,0.82757,0.82783,3.38,3.56
2010.12.20 05:36:26.776,0.82762,0.82783,1.50,5.06
2010.12.20 05:36:27.004,0.82762,0.82783,1.50,3.94
2010.12.20 05:36:27.591,0.82763,0.82784,1.50,1.69
2010.12.20 05:36:27.815,0.82763,0.82784,2.81,1.50
2010.12.20 05:36:28.044,0.82769,0.8279,2.06,2.25
2010.12.20 05:36:28.165,0.82772,0.82793,1.50,2.25
2010.12.20 05:36:28.282,0.82772,0.82794,1.50,3.94
2010.12.20 05:36:30.973,0.82772,0.8279,2.25,1.31
2010.12.20 05:36:34.102,0.8277,0.82786,3.00,3.19
2010.12.20 05:36:34.323,0.82766,0.82788,2.25,1.69
2010.12.20 05:36:38.465,0.82767,0.8279,2.25,3.19
2010.12.20 05:36:38.583,0.82771,0.8279,6.56,2.25
2010.12.20 05:36:38.707,0.82774,0.82794,1.50,1.31
2010.12.20 05:36:38.934,0.8277,0.82794,2.81,3.56
2010.12.20 05:36:43.923,0.82773,0.82798,2.81,3.00
2010.12.20 05:36:44.049,0.82777,0.82803,1.88,6.00
2010.12.20 05:36:44.169,0.82779,0.82803,1.50,4.50
2010.12.20 05:36:44.285,0.82779,0.82803,1.50,3.75
2010.12.20 05:36:44.402,0.82781,0.82803,1.50,3.75
2010.12.20 05:36:44.971,0.82781,0.82803,1.88,1.50
2010.12.20 05:36:45.841,0.82779,0.82803,2.25,2.06
2010.12.20 05:36:45.955,0.82779,0.82803,1.31,1.50
2010.12.20 05:36:46.074,0.82779,0.82808,2.81,5.06
2010.12.20 05:36:46.302,0.82781,0.82803,1.12,1.50
2010.12.20 05:36:48.038,0.82781,0.82803,1.31,1.50
2010.12.20 05:36:49.150,0.82781,0.82803,1.31,1.50
2010.12.20 05:36:49.371,0.82784,0.82811,1.31,1.31
2010.12.20 05:36:49.591,0.82786,0.82811,2.81,1.31
2010.12.20 05:36:49.976,0.82786,0.82812,3.56,2.81
2010.12.20 05:36:53.261,0.82789,0.82812,1.31,1.50
2010.12.20 05:36:53.373,0.82789,0.82814,1.31,2.44
2010.12.20 05:36:56.401,0.8279,0.82814,1.12,2.44
2010.12.20 05:36:56.935,0.82788,0.82812,1.50,2.81
2010.12.20 05:36:59.253,0.82788,0.82809,1.50,1.31
2010.12.20 05:36:59.483,0.82785,0.82809,1.50,1.31
2010.12.20 05:37:08.171,0.82786,0.82804,1.50,1.31
2010.12.20 05:37:08.391,0.82782,0.82804,1.50,1.31
2010.12.20 05:37:09.350,0.82782,0.82803,1.50,1.88
2010.12.20 05:37:23.492,0.82783,0.82803,2.81,1.50
2010.12.20 05:37:23.611,0.82784,0.82808,2.06,1.50
2010.12.20 05:37:24.335,0.82786,0.82812,1.69,2.06
2010.12.20 05:37:41.771,0.82787,0.82812,1.50,2.81
2010.12.20 05:37:44.880,0.82787,0.82807,1.50,2.25
2010.12.20 05:37:45.003,0.82779,0.82803,2.25,3.94
2010.12.20 05:37:45.236,0.82778,0.828,1.50,1.31
2010.12.20 05:37:45.352,0.82777,0.828,2.25,1.31
2010.12.20 05:37:54.731,0.82778,0.82803,1.31,1.50
2010.12.20 05:37:54.951,0.82779,0.82803,1.50,1.50
2010.12.20 05:38:04.401,0.82778,0.82803,1.31,2.25
2010.12.20 05:38:06.512,0.82779,0.82803,1.50,1.50
2010.12.20 05:38:36.149,0.82779,0.82803,1.50,2.81
2010.12.20 05:38:36.268,0.82779,0.82802,1.50,2.06
2010.12.20 05:38:36.493,0.82777,0.82793,1.50,1.50
2010.12.20 05:38:54.741,0.82777,0.82794,1.50,1.50
2010.12.20 05:38:58.461,0.82777,0.82802,1.50,2.14
2010.12.20 05:39:00.431,0.82777,0.82802,1.50,5.32
2010.12.20 05:39:00.763,0.82776,0.828,2.25,1.46
2010.12.20 05:39:00.881,0.82771,0.828,1.50,1.46
2010.12.20 05:39:01.102,0.82771,0.82799,1.50,1.76
2010.12.20 05:39:01.435,0.82771,0.8279,1.50,1.31
2010.12.20 05:39:01.553,0.82769,0.82794,1.50,1.31
2010.12.20 05:39:02.091,0.82768,0.82793,1.50,2.81
2010.12.20 05:39:04.333,0.82769,0.82793,1.31,1.50
2010.12.20 05:39:04.453,0.82769,0.82796,1.31,1.31
2010.12.20 05:39:04.959,0.82769,0.82793,1.31,1.50
2010.12.20 05:39:10.292,0.82769,0.82796,1.31,1.31
2010.12.20 05:39:11.115,0.82769,0.82794,1.31,1.50
2010.12.20 05:39:13.141,0.82769,0.82794,1.31,1.50
2010.12.20 05:39:18.743,0.82768,0.82794,1.50,1.88
2010.12.20 05:39:19.313,0.82769,0.82793,1.50,1.88
2010.12.20 05:39:20.221,0.82769,0.82793,1.88,1.50
2010.12.20 05:39:30.370,0.82769,0.82796,1.88,1.12
2010.12.20 05:39:30.710,0.82769,0.82793,1.88,1.50
2010.12.20 05:39:31.721,0.82772,0.82793,2.62,1.50
2010.12.20 05:39:32.052,0.82772,0.82801,3.56,1.27
2010.12.20 05:39:32.271,0.82777,0.828,1.50,2.40
2010.12.20 05:39:32.602,0.82777,0.82801,1.50,1.95
2010.12.20 05:39:34.193,0.82777,0.82801,1.50,1.95
2010.12.20 05:39:34.535,0.82773,0.82798,1.69,1.88
2010.12.20 05:39:34.659,0.82774,0.82798,1.31,1.50
2010.12.20 05:39:34.773,0.82773,0.82798,1.50,2.06
2010.12.20 05:39:35.152,0.82777,0.82799,1.50,2.06
2010.12.20 05:39:41.803,0.82777,0.82797,1.50,1.50
2010.12.20 05:39:42.334,0.82777,0.82798,1.50,1.50
2010.12.20 05:39:50.351,0.82775,0.82798,1.12,1.69
2010.12.20 05:39:50.924,0.82776,0.82798,1.50,1.69
2010.12.20 05:39:52.734,0.82777,0.82798,1.31,1.50
2010.12.20 05:39:52.963,0.82777,0.82801,5.06,1.50
2010.12.20 05:39:53.521,0.82777,0.82803,3.56,2.25
2010.12.20 05:39:54.194,0.82777,0.82802,3.19,1.12
2010.12.20 05:39:54.313,0.82776,0.82801,4.50,2.81
2010.12.20 05:39:54.542,0.82776,0.82797,1.50,1.31
2010.12.20 05:39:54.822,0.82777,0.82798,1.50,2.06
2010.12.20 05:39:54.935,0.82774,0.82799,1.31,1.69
2010.12.20 05:39:55.163,0.82775,0.82799,1.31,1.69
2010.12.20 05:39:55.282,0.82775,0.82799,2.06,1.50
2010.12.20 05:39:55.392,0.82776,0.82802,2.06,2.25
2010.12.20 05:39:55.942,0.82778,0.82804,1.31,1.50
2010.12.20 05:39:56.160,0.82781,0.82804,1.50,1.50
2010.12.20 05:40:00.252,0.82781,0.82806,1.50,2.81
2010.12.20 05:40:00.854,0.82781,0.82803,1.50,1.50
2010.12.20 05:40:09.243,0.82782,0.82803,1.31,1.50
2010.12.20 05:40:09.353,0.82782,0.82806,1.31,2.25
2010.12.20 05:40:09.803,0.82782,0.82803,1.31,1.50
2010.12.20 05:40:10.033,0.82781,0.82803,2.25,1.69
2010.12.20 05:40:11.590,0.8278,0.82808,1.50,2.06
2010.12.20 05:40:11.811,0.8278,0.82803,1.50,1.50
2010.12.20 05:40:28.669,0.82785,0.82803,1.50,1.50
2010.12.20 05:40:28.783,0.82793,0.82807,1.31,2.25
2010.12.20 05:40:29.014,0.82793,0.82816,5.81,1.50
2010.12.20 05:40:29.134,0.82797,0.82818,1.50,1.50
2010.12.20 05:40:31.876,0.82797,0.82818,2.25,1.88
2010.12.20 05:40:32.262,0.82795,0.82813,1.50,1.31
2010.12.20 05:40:32.383,0.8279,0.82813,1.31,1.50
2010.12.20 05:40:32.603,0.82788,0.82813,1.88,2.06
2010.12.20 05:40:32.724,0.82788,0.8281,1.12,1.50
2010.12.20 05:40:39.222,0.82787,0.8281,1.50,2.06
2010.12.20 05:40:39.812,0.82787,0.82807,1.50,1.50
2010.12.20 05:40:40.322,0.82786,0.82807,1.50,1.50
2010.12.20 05:40:41.787,0.82786,0.82808,1.50,1.50
2010.12.20 05:40:42.145,0.82777,0.82806,1.50,8.44
2010.12.20 05:40:42.262,0.82776,0.82806,2.25,8.44
2010.12.20 05:40:42.924,0.82776,0.82802,2.25,1.31
2010.12.20 05:40:45.301,0.82777,0.82802,1.50,1.31
2010.12.20 05:40:45.851,0.82776,0.82802,2.25,1.31
2010.12.20 05:40:47.526,0.82776,0.82803,2.62,1.12
2010.12.20 05:40:47.863,0.82781,0.8281,1.12,1.12
2010.12.20 05:40:47.982,0.82783,0.8281,1.50,1.12
2010.12.20 05:40:48.312,0.82786,0.82804,2.25,1.50
2010.12.20 05:40:48.422,0.82786,0.82811,2.25,1.12
2010.12.20 05:40:48.822,0.82784,0.82804,1.50,1.50
2010.12.20 05:40:49.044,0.82786,0.82812,1.12,2.25
2010.12.20 05:40:50.782,0.82786,0.8281,2.25,1.31
2010.12.20 05:40:51.113,0.82787,0.82814,2.06,2.25
2010.12.20 05:40:51.407,0.82786,0.82814,3.38,3.56
2010.12.20 05:40:51.961,0.82787,0.82812,2.25,1.50
2010.12.20 05:41:00.242,0.82786,0.82811,1.88,1.69
2010.12.20 05:41:00.580,0.82789,0.82813,1.31,3.00
2010.12.20 05:41:01.131,0.82787,0.82813,1.50,2.06
2010.12.20 05:41:01.682,0.82787,0.82815,3.00,2.81
2010.12.20 05:41:02.088,0.82787,0.82807,1.50,1.31
2010.12.20 05:41:02.205,0.82783,0.82804,3.00,2.62
2010.12.20 05:41:02.446,0.82783,0.82806,1.50,1.50
2010.12.20 05:41:02.562,0.82783,0.82803,1.50,1.50
2010.12.20 05:41:05.650,0.82783,0.82803,1.50,1.50
2010.12.20 05:41:06.062,0.82783,0.82803,1.50,1.50
2010.12.20 05:41:06.724,0.82781,0.82803,1.50,2.06
2010.12.20 05:41:07.506,0.82783,0.82804,2.06,3.75
2010.12.20 05:41:07.623,0.82784,0.82808,4.31,2.25
2010.12.20 05:41:08.607,0.82786,0.82809,1.50,1.50
2010.12.20 05:41:09.036,0.82786,0.82809,2.25,1.50
2010.12.20 05:41:09.264,0.82789,0.82812,1.31,1.50
2010.12.20 05:41:11.553,0.82787,0.82812,3.00,4.31
2010.12.20 05:41:11.673,0.82787,0.82809,3.00,1.50
2010.12.20 05:41:13.784,0.82787,0.82809,1.50,2.06
2010.12.20 05:41:14.014,0.82783,0.82809,1.50,4.31
2010.12.20 05:41:14.351,0.82787,0.82808,1.50,2.06
2010.12.20 05:41:17.322,0.82787,0.82809,1.50,3.94
2010.12.20 05:41:17.543,0.82785,0.82811,1.31,1.84
2010.12.20 05:41:18.087,0.82787,0.82809,1.50,1.50
2010.12.20 05:41:18.202,0.82787,0.82811,1.50,1.69
2010.12.20 05:41:18.418,0.82787,0.82809,1.50,1.50
2010.12.20 05:41:18.973,0.82787,0.8281,1.50,1.50
2010.12.20 05:41:22.571,0.82787,0.8281,2.25,1.50
2010.12.20 05:41:22.901,0.82787,0.82812,3.00,1.50
2010.12.20 05:41:23.462,0.82787,0.82812,3.00,1.84
2010.12.20 05:41:24.135,0.82787,0.82811,3.00,1.76
2010.12.20 05:41:30.972,0.82795,0.82811,1.31,1.58
2010.12.20 05:41:31.193,0.82795,0.82818,1.31,2.25
2010.12.20 05:41:31.318,0.82795,0.8282,2.06,1.50
2010.12.20 05:41:31.876,0.828,0.82821,1.12,1.58
2010.12.20 05:41:33.512,0.82798,0.82821,1.50,2.06
2010.12.20 05:41:33.845,0.82797,0.82821,2.25,2.62
2010.12.20 05:41:34.049,0.82797,0.82819,2.25,1.50
2010.12.20 05:41:37.016,0.82796,0.82819,1.50,1.65
2010.12.20 05:41:37.803,0.82793,0.82819,1.50,2.21
2010.12.20 05:41:37.921,0.82796,0.82819,1.50,2.21
2010.12.20 05:41:39.541,0.82796,0.82819,1.50,2.59
2010.12.20 05:41:39.873,0.82793,0.82814,1.50,2.06
2010.12.20 05:41:46.641,0.82789,0.82815,1.50,2.89
2010.12.20 05:41:54.712,0.8279,0.8281,1.50,1.50
2010.12.20 05:41:55.341,0.82786,0.8281,3.38,1.50
2010.12.20 05:42:01.604,0.82786,0.82811,3.38,2.06
2010.12.20 05:42:02.052,0.82786,0.82814,3.38,2.06
2010.12.20 05:42:26.783,0.82791,0.82814,1.12,1.69
2010.12.20 05:42:29.194,0.82791,0.82815,1.12,2.81
2010.12.20 05:42:29.953,0.8279,0.82808,1.50,1.31
2010.12.20 05:42:30.074,0.82787,0.82808,2.25,1.31
2010.12.20 05:42:30.302,0.82787,0.8281,2.25,2.06
2010.12.20 05:42:30.742,0.82783,0.82811,1.50,2.81
2010.12.20 05:42:38.665,0.82784,0.82809,1.69,1.88
2010.12.20 05:42:38.784,0.82785,0.82809,1.31,1.50
2010.12.20 05:42:38.904,0.82786,0.82812,2.06,2.25
2010.12.20 05:42:39.308,0.82786,0.82811,3.00,1.31
2010.12.20 05:42:39.642,0.82786,0.82809,2.25,2.06
2010.12.20 05:42:43.232,0.82784,0.82806,1.50,1.88
2010.12.20 05:42:43.574,0.82786,0.82808,1.69,1.88
2010.12.20 05:42:43.693,0.82786,0.8281,2.06,2.25
2010.12.20 05:42:43.816,0.82784,0.82805,1.50,1.31
2010.12.20 05:42:44.262,0.82781,0.82805,1.50,1.31
2010.12.20 05:42:44.378,0.82781,0.82806,1.88,1.12
2010.12.20 05:42:45.123,0.82781,0.82807,1.88,1.88
2010.12.20 05:42:45.925,0.82782,0.82807,1.69,1.88
2010.12.20 05:42:47.905,0.82786,0.82806,1.69,1.88
2010.12.20 05:42:48.245,0.82786,0.82808,1.50,2.62
2010.12.20 05:42:48.891,0.82786,0.82805,1.50,1.50
2010.12.20 05:42:50.383,0.82786,0.82801,1.50,1.69
2010.12.20 05:42:50.493,0.82781,0.82801,1.88,1.69
2010.12.20 05:42:50.613,0.82781,0.82806,2.06,1.88
2010.12.20 05:43:16.603,0.82781,0.82805,1.88,1.50
2010.12.20 05:43:16.838,0.82781,0.82804,1.50,2.81
2010.12.20 05:43:17.174,0.82777,0.82802,1.50,2.06
2010.12.20 05:43:17.538,0.82774,0.82799,1.50,1.12
2010.12.20 05:43:19.118,0.82774,0.82796,1.50,2.06
2010.12.20 05:43:21.092,0.8277,0.82796,1.50,2.06
2010.12.20 05:43:21.201,0.82772,0.82796,1.12,1.69
2010.12.20 05:43:21.751,0.82772,0.82797,1.31,1.88
2010.12.20 05:43:24.251,0.82774,0.82797,1.50,1.88
2010.12.20 05:43:25.692,0.82774,0.82796,1.50,1.50
2010.12.20 05:43:26.422,0.82774,0.82796,1.50,1.69
2010.12.20 05:43:33.552,0.82775,0.82796,1.50,1.69
2010.12.20 05:43:33.882,0.82777,0.82798,1.50,2.81
2010.12.20 05:43:35.902,0.82777,0.82797,1.50,1.31
2010.12.20 05:43:36.291,0.82775,0.82797,1.31,1.50
2010.12.20 05:43:36.410,0.82775,0.828,1.31,1.50
2010.12.20 05:43:36.526,0.82775,0.828,1.12,2.44
2010.12.20 05:43:36.875,0.82778,0.82798,1.50,1.31
2010.12.20 05:43:44.735,0.82778,0.82799,1.50,4.12
2010.12.20 05:43:45.000,0.82778,0.82803,1.50,6.56
2010.12.20 05:43:45.664,0.82779,0.82803,1.12,6.19
2010.12.20 05:43:45.787,0.82781,0.82803,1.31,1.50
2010.12.20 05:43:45.902,0.82782,0.82805,1.12,2.25
2010.12.20 05:43:46.236,0.82781,0.82808,2.81,2.06
2010.12.20 05:43:58.074,0.8278,0.82807,1.50,2.06
2010.12.20 05:43:58.307,0.8278,0.82807,1.88,2.81
2010.12.20 05:43:58.535,0.8278,0.82807,1.88,5.81
2010.12.20 05:44:01.101,0.8278,0.82801,1.50,1.31
2010.12.20 05:44:01.672,0.8278,0.82799,1.50,2.81
2010.12.20 05:44:16.574,0.82778,0.82798,1.50,1.12
2010.12.20 05:44:16.701,0.82775,0.82794,1.69,1.50
2010.12.20 05:44:16.934,0.82775,0.82798,1.69,2.81
2010.12.20 05:44:22.266,0.82775,0.82798,1.69,2.81
2010.12.20 05:44:22.505,0.82775,0.82795,1.50,1.50
2010.12.20 05:44:22.737,0.82775,0.82797,1.50,1.50
2010.12.20 05:44:23.305,0.82775,0.82799,1.50,4.31
2010.12.20 05:44:33.721,0.82776,0.82799,1.50,4.01
2010.12.20 05:44:33.944,0.82784,0.82807,2.06,1.50
2010.12.20 05:44:34.065,0.82783,0.82806,3.75,1.88
2010.12.20 05:44:34.184,0.82784,0.82806,1.69,1.88
2010.12.20 05:44:34.518,0.82787,0.8281,1.69,2.06
2010.12.20 05:44:36.607,0.82794,0.8281,1.31,3.00
2010.12.20 05:44:36.724,0.82794,0.82817,1.31,2.25
2010.12.20 05:44:36.848,0.82795,0.82817,1.69,1.50
2010.12.20 05:44:37.402,0.82795,0.82818,1.69,1.50
2010.12.20 05:44:37.911,0.82795,0.82819,1.69,1.50
2010.12.20 05:44:38.336,0.82795,0.82819,1.69,2.33
2010.12.20 05:44:39.964,0.82795,0.82818,1.69,2.25
2010.12.20 05:44:40.815,0.82795,0.82818,1.69,2.33
2010.12.20 05:44:41.412,0.82795,0.82818,1.69,2.33
2010.12.20 05:44:47.947,0.82795,0.82818,1.69,2.40
2010.12.20 05:44:48.175,0.82795,0.82818,1.69,2.40
2010.12.20 05:44:48.618,0.82793,0.82817,1.88,2.51
2010.12.20 05:44:48.739,0.82793,0.82813,1.69,1.50
2010.12.20 05:44:49.333,0.82793,0.82815,1.69,1.69
2010.12.20 05:44:52.020,0.82797,0.8282,2.25,1.31
2010.12.20 05:44:52.135,0.82797,0.8282,1.50,1.31
2010.12.20 05:44:53.375,0.82797,0.82817,1.50,1.50
2010.12.20 05:44:53.931,0.82797,0.82819,1.50,1.69
2010.12.20 05:44:54.912,0.82799,0.8282,1.12,1.09
2010.12.20 05:44:55.026,0.82801,0.82821,1.31,2.25
2010.12.20 05:44:55.257,0.82806,0.82828,1.31,1.50
2010.12.20 05:44:55.445,0.82806,0.8283,1.31,1.09
2010.12.20 05:44:55.570,0.82807,0.82832,1.31,2.62
2010.12.20 05:44:56.055,0.82805,0.82827,1.31,1.50
2010.12.20 05:44:56.181,0.82802,0.82829,1.88,1.31
2010.12.20 05:44:56.515,0.82802,0.82828,1.50,2.25
2010.12.20 05:44:56.854,0.82798,0.82823,1.50,2.81
2010.12.20 05:44:57.397,0.82798,0.82823,1.50,2.81
2010.12.20 05:44:57.953,0.82799,0.82823,1.12,3.94
2010.12.20 05:44:58.184,0.82797,0.82823,1.31,2.81
2010.12.20 05:44:58.305,0.82797,0.82823,1.31,2.81
2010.12.20 05:44:59.203,0.82801,0.82823,1.31,3.75
2010.12.20 05:44:59.434,0.82801,0.82826,1.31,1.69
2010.12.20 05:44:59.993,0.82801,0.82826,2.44,1.69
2010.12.20 05:45:00.323,0.82808,0.82833,1.31,1.50
2010.12.20 05:45:00.553,0.82808,0.82835,1.31,2.25
2010.12.20 05:45:01.172,0.82809,0.82834,1.31,2.25
2010.12.20 05:45:01.985,0.82809,0.82833,1.31,1.50
2010.12.20 05:45:02.409,0.82807,0.82832,3.38,1.88
2010.12.20 05:45:03.102,0.82807,0.8283,1.88,1.50
2010.12.20 05:45:03.622,0.82807,0.82829,2.06,1.50
2010.12.20 05:45:03.892,0.82807,0.82831,2.06,2.25
2010.12.20 05:45:05.023,0.82807,0.82831,2.06,2.51
2010.12.20 05:45:11.261,0.82807,0.82831,3.56,1.76
2010.12.20 05:45:13.694,0.82808,0.82833,1.12,4.84
2010.12.20 05:45:13.813,0.82809,0.82833,1.31,2.25
2010.12.20 05:45:14.602,0.82809,0.82834,1.31,2.25
2010.12.20 05:45:15.472,0.82808,0.82836,1.31,2.25
2010.12.20 05:45:17.932,0.82809,0.82835,2.81,2.33
2010.12.20 05:45:18.269,0.82817,0.82839,3.75,1.01
2010.12.20 05:45:18.521,0.82817,0.82838,1.50,2.44
2010.12.20 05:45:18.762,0.82807,0.82826,1.50,2.81
2010.12.20 05:45:19.026,0.828,0.82824,1.50,3.56
2010.12.20 05:45:24.644,0.82802,0.82824,1.31,2.25
2010.12.20 05:45:25.345,0.82802,0.82827,1.31,5.06
2010.12.20 05:45:27.272,0.82801,0.82823,2.25,1.31
2010.12.20 05:45:29.023,0.82802,0.82823,1.12,2.25
2010.12.20 05:45:29.132,0.82802,0.82829,1.12,1.31
2010.12.20 05:45:29.243,0.82805,0.8283,1.50,1.31
2010.12.20 05:45:36.738,0.82805,0.82826,1.50,1.12
2010.12.20 05:45:37.087,0.82803,0.82819,4.31,1.50
2010.12.20 05:45:37.208,0.82803,0.82828,3.94,1.12
2010.12.20 05:45:37.322,0.82802,0.82829,1.12,2.81
2010.12.20 05:45:37.543,0.82802,0.82829,1.12,1.31
2010.12.20 05:45:38.523,0.82804,0.82824,1.50,1.31
2010.12.20 05:45:39.962,0.82804,0.82824,1.50,2.81
2010.12.20 05:45:40.072,0.82802,0.82824,1.50,2.81
2010.12.20 05:45:41.470,0.82804,0.82824,1.50,1.50
2010.12.20 05:45:44.793,0.82804,0.82829,1.50,1.31
2010.12.20 05:45:44.902,0.82804,0.82823,1.50,1.50
2010.12.20 05:45:56.504,0.82804,0.82823,1.50,1.88
2010.12.20 05:45:56.914,0.828,0.82823,1.50,1.88
2010.12.20 05:45:57.263,0.82795,0.82821,1.50,1.31
2010.12.20 05:45:57.374,0.82795,0.82821,1.50,2.81
2010.12.20 05:45:57.932,0.82792,0.82814,1.50,2.06
2010.12.20 05:46:00.474,0.82792,0.82818,1.50,2.81
2010.12.20 05:46:01.303,0.82792,0.82819,1.50,1.12
2010.12.20 05:46:01.852,0.82792,0.82813,1.50,1.50
2010.12.20 05:46:02.072,0.82791,0.82813,1.12,1.50
2010.12.20 05:46:02.661,0.82789,0.82813,1.50,2.06
2010.12.20 05:46:06.236,0.8279,0.82813,1.12,1.69
2010.12.20 05:46:06.465,0.82792,0.82818,1.50,1.12
2010.12.20 05:46:07.176,0.82793,0.82821,1.12,3.56
2010.12.20 05:46:07.608,0.82796,0.82821,2.62,1.88
2010.12.20 05:46:08.265,0.82805,0.82821,1.31,1.50
2010.12.20 05:46:08.495,0.82805,0.8283,2.81,2.25
2010.12.20 05:46:08.847,0.82806,0.82833,2.06,2.44
2010.12.20 05:46:09.192,0.82807,0.82831,1.69,1.12
2010.12.20 05:46:09.413,0.82807,0.82832,1.88,2.25
2010.12.20 05:46:11.748,0.82807,0.82831,1.50,1.31
2010.12.20 05:46:12.303,0.82806,0.82831,1.50,3.56
2010.12.20 05:46:16.203,0.82806,0.82831,1.50,8.49
2010.12.20 05:46:16.323,0.82806,0.82831,1.50,8.21
2010.12.20 05:46:16.442,0.82806,0.8283,1.50,1.39
2010.12.20 05:46:16.554,0.82806,0.8283,1.50,3.26
2010.12.20 05:46:16.941,0.82806,0.82825,1.50,1.31
2010.12.20 05:46:17.057,0.82801,0.82825,1.50,1.31
2010.12.20 05:46:17.429,0.82806,0.82827,1.50,2.21
2010.12.20 05:46:17.544,0.82806,0.82827,1.50,1.88
2010.12.20 05:46:17.876,0.82804,0.82829,1.12,1.88
2010.12.20 05:46:18.432,0.82806,0.82829,2.25,2.06
2010.12.20 05:46:18.545,0.82806,0.82832,2.81,2.44
2010.12.20 05:46:19.907,0.82806,0.82832,2.81,2.25
2010.12.20 05:46:24.807,0.82813,0.82837,2.62,3.19
2010.12.20 05:46:24.932,0.82814,0.82837,1.69,1.50
2010.12.20 05:46:25.043,0.82814,0.82838,1.50,1.12
2010.12.20 05:46:25.155,0.82812,0.82837,1.12,1.50
2010.12.20 05:46:25.272,0.82817,0.82837,1.50,1.50
2010.12.20 05:46:25.606,0.82817,0.82835,1.50,1.31
2010.12.20 05:46:29.172,0.82817,0.82835,1.50,1.31
2010.12.20 05:46:29.391,0.82808,0.82835,1.31,1.31
2010.12.20 05:46:29.956,0.82808,0.82833,1.31,1.50
2010.12.20 05:46:31.414,0.82809,0.82833,1.50,1.50
2010.12.20 05:46:31.758,0.82814,0.82837,1.69,1.50
2010.12.20 05:46:31.878,0.82808,0.8283,2.62,1.31
2010.12.20 05:46:31.994,0.82809,0.82831,1.12,2.44
2010.12.20 05:46:32.333,0.82817,0.82834,1.50,2.06
2010.12.20 05:46:35.261,0.82817,0.82834,1.50,1.31
2010.12.20 05:46:36.034,0.82817,0.82835,1.50,2.25
2010.12.20 05:46:36.472,0.82817,0.82837,1.50,1.31
2010.12.20 05:47:08.543,0.82817,0.82839,1.69,2.44
2010.12.20 05:47:09.133,0.82817,0.8284,3.19,1.69
2010.12.20 05:47:11.712,0.82818,0.8284,2.06,1.50
2010.12.20 05:47:12.056,0.82821,0.82845,1.12,1.69
2010.12.20 05:47:30.786,0.82821,0.82843,1.12,1.50
2010.12.20 05:47:34.061,0.8282,0.82843,3.19,1.88
2010.12.20 05:47:34.282,0.82818,0.82843,1.50,2.81
2010.12.20 05:47:36.156,0.82817,0.82842,1.12,2.06
2010.12.20 05:47:37.501,0.82816,0.82842,5.06,1.31
2010.12.20 05:47:37.838,0.82816,0.82833,2.25,1.31
2010.12.20 05:47:37.959,0.82812,0.82833,1.50,2.06
2010.12.20 05:47:38.075,0.82812,0.82833,2.06,1.50
2010.12.20 05:47:38.413,0.82813,0.82837,1.88,1.50
2010.12.20 05:47:38.523,0.82816,0.82834,2.62,1.50
2010.12.20 05:47:38.634,0.82816,0.8284,2.62,2.25
2010.12.20 05:47:40.751,0.82816,0.8284,4.31,2.25
2010.12.20 05:47:41.089,0.82816,0.82835,2.25,1.31
2010.12.20 05:47:41.596,0.82806,0.82831,4.50,1.31
2010.12.20 05:47:42.164,0.82807,0.82831,1.50,2.81
2010.12.20 05:47:42.993,0.82807,0.82832,1.50,3.56
2010.12.20 05:47:44.187,0.82807,0.82832,1.88,3.19
2010.12.20 05:47:44.306,0.82808,0.82832,2.62,2.25
2010.12.20 05:47:46.326,0.82808,0.82833,2.81,1.01
2010.12.20 05:47:47.061,0.82808,0.82824,2.25,1.31
2010.12.20 05:47:47.179,0.82805,0.82824,1.50,1.31
2010.12.20 05:47:47.299,0.82803,0.82829,4.50,1.31
2010.12.20 05:47:47.972,0.82806,0.82829,1.50,1.31
2010.12.20 05:47:50.802,0.82806,0.82829,2.25,1.31
2010.12.20 05:47:52.695,0.82807,0.82832,1.31,1.31
2010.12.20 05:47:53.282,0.82806,0.82833,1.31,2.06
2010.12.20 05:47:54.462,0.82808,0.82833,1.12,2.06
2010.12.20 05:48:04.738,0.82806,0.82833,3.00,1.31
2010.12.20 05:48:05.076,0.82804,0.82827,1.50,1.31
2010.12.20 05:48:08.743,0.82804,0.8282,1.50,1.31
2010.12.20 05:48:09.180,0.82801,0.82824,1.50,2.06
2010.12.20 05:48:09.413,0.828,0.8282,3.75,1.31
2010.12.20 05:48:10.252,0.828,0.82822,2.25,1.31
2010.12.20 05:48:10.958,0.82802,0.82823,1.50,2.06
2010.12.20 05:48:11.843,0.82802,0.82823,2.25,2.06
2010.12.20 05:48:19.855,0.82807,0.82834,2.44,2.44
2010.12.20 05:48:19.975,0.82812,0.82834,1.50,2.44
2010.12.20 05:48:20.238,0.82803,0.82831,1.69,1.69
2010.12.20 05:48:20.573,0.82803,0.82834,1.69,4.31
2010.12.20 05:48:21.803,0.82813,0.82834,1.50,2.25
2010.12.20 05:48:22.188,0.82811,0.82833,1.50,3.94
2010.12.20 05:48:22.743,0.82813,0.82833,1.50,2.25
2010.12.20 05:48:33.333,0.82812,0.82834,1.50,3.94
2010.12.20 05:48:33.945,0.82807,0.82832,3.75,1.69
2010.12.20 05:48:34.065,0.82806,0.82832,1.50,1.69
2010.12.20 05:48:34.720,0.82807,0.82832,1.50,1.69
2010.12.20 05:48:36.503,0.82807,0.82833,1.50,2.81
2010.12.20 05:48:40.151,0.82803,0.82833,1.50,1.39
2010.12.20 05:48:40.592,0.82813,0.82834,1.50,2.33
2010.12.20 05:48:40.814,0.82806,0.82834,1.50,2.81
2010.12.20 05:48:44.879,0.82806,0.82832,1.50,1.12
2010.12.20 05:48:45.104,0.82802,0.82828,1.50,1.69
2010.12.20 05:48:45.443,0.82802,0.82824,1.50,1.50
2010.12.20 05:48:52.682,0.82798,0.82824,1.50,1.50
2010.12.20 05:48:53.232,0.82798,0.82826,1.50,1.76
2010.12.20 05:48:53.454,0.82797,0.82824,3.00,1.01
2010.12.20 05:48:54.562,0.82796,0.82823,2.25,1.31
2010.12.20 05:48:54.692,0.82796,0.82821,1.50,2.06
2010.12.20 05:48:55.181,0.82792,0.82813,4.50,1.50
2010.12.20 05:48:55.622,0.82792,0.82813,4.50,1.50
2010.12.20 05:48:56.174,0.82792,0.82813,2.25,2.44
2010.12.20 05:48:56.408,0.82787,0.82812,1.50,1.31
2010.12.20 05:48:56.699,0.82793,0.82813,1.50,2.06
2010.12.20 05:48:56.816,0.82786,0.82813,1.50,1.31
2010.12.20 05:48:57.046,0.82786,0.82814,2.25,3.19
2010.12.20 05:48:57.163,0.82786,0.82816,3.19,3.56
2010.12.20 05:48:57.495,0.82788,0.82814,2.25,3.19
2010.12.20 05:48:57.723,0.82787,0.82814,3.94,2.25
2010.12.20 05:48:59.592,0.82787,0.82813,5.44,1.50
2010.12.20 05:49:02.314,0.82787,0.82813,4.50,2.44
2010.12.20 05:49:02.652,0.82786,0.8281,2.25,3.19
2010.12.20 05:49:02.985,0.82787,0.82807,1.50,1.69
2010.12.20 05:49:03.104,0.82787,0.82808,1.50,1.69
2010.12.20 05:49:03.707,0.82787,0.82811,1.50,1.31
2010.12.20 05:49:04.262,0.82787,0.82811,1.50,2.81
2010.12.20 05:49:05.714,0.82781,0.82811,1.50,2.81
2010.12.20 05:49:06.052,0.82787,0.82811,1.50,2.81
2010.12.20 05:49:06.445,0.82786,0.82813,3.00,3.75
2010.12.20 05:49:07.003,0.82786,0.82813,4.50,2.51
2010.12.20 05:49:09.517,0.82787,0.82813,1.69,2.25
2010.12.20 05:49:09.854,0.82787,0.82814,2.44,1.50
2010.12.20 05:49:14.064,0.82793,0.82814,2.44,1.50
2010.12.20 05:49:14.186,0.82793,0.82818,2.44,2.44
2010.12.20 05:49:14.303,0.82793,0.8282,2.44,2.44
2010.12.20 05:49:14.422,0.82796,0.82821,1.50,1.69
2010.12.20 05:49:18.866,0.82797,0.82824,1.69,1.88
2010.12.20 05:49:20.334,0.82797,0.82827,2.44,2.44
2010.12.20 05:49:20.562,0.82796,0.82824,3.19,1.50
2010.12.20 05:49:20.918,0.82803,0.82824,2.44,1.50
2010.12.20 05:49:21.034,0.82803,0.8283,2.44,2.51
2010.12.20 05:49:21.155,0.82807,0.8283,1.50,2.51
2010.12.20 05:49:25.642,0.82807,0.82826,1.50,1.69
2010.12.20 05:49:25.917,0.82799,0.82826,3.94,3.94
2010.12.20 05:49:26.033,0.82799,0.82826,3.19,3.94
2010.12.20 05:49:26.822,0.82799,0.82824,3.94,1.50
2010.12.20 05:49:26.933,0.82804,0.82827,2.25,2.25
2010.12.20 05:49:27.371,0.82807,0.82827,1.50,2.25
2010.12.20 05:49:32.713,0.828,0.82825,1.50,2.44
2010.12.20 05:49:33.262,0.828,0.82824,1.50,3.00
2010.12.20 05:49:35.383,0.82804,0.82824,2.25,1.50
2010.12.20 05:49:35.946,0.82804,0.82827,2.25,2.25
2010.12.20 05:49:36.287,0.82807,0.82827,1.50,2.25
2010.12.20 05:49:44.142,0.82807,0.82829,1.50,2.44
2010.12.20 05:49:53.628,0.82806,0.82829,1.50,1.69
2010.12.20 05:50:07.441,0.82806,0.8283,1.69,1.69
2010.12.20 05:50:08.952,0.82806,0.8283,1.50,2.44
2010.12.20 05:50:10.407,0.82806,0.82827,1.50,2.44
2010.12.20 05:50:10.525,0.82806,0.82827,1.50,1.69
2010.12.20 05:50:11.038,0.82806,0.82828,1.50,2.44
2010.12.20 05:50:11.482,0.828,0.82828,1.50,3.19
2010.12.20 05:50:12.822,0.828,0.82828,1.50,3.19
2010.12.20 05:50:13.129,0.828,0.82823,1.50,1.50
2010.12.20 05:50:14.866,0.828,0.8283,3.19,2.62
2010.12.20 05:50:14.988,0.828,0.8283,3.19,2.25
2010.12.20 05:50:15.107,0.82807,0.8283,1.50,2.25
2010.12.20 05:50:15.656,0.82803,0.82834,5.81,3.75
2010.12.20 05:50:15.884,0.82805,0.82834,3.19,1.50
2010.12.20 05:50:16.225,0.82808,0.82833,1.50,1.50
2010.12.20 05:50:18.035,0.82808,0.82833,1.50,2.81
2010.12.20 05:50:18.266,0.82804,0.82833,1.50,3.56
2010.12.20 05:50:19.900,0.82806,0.82831,2.44,1.50
2010.12.20 05:50:20.019,0.82807,0.82834,1.50,1.50
2010.12.20 05:50:20.572,0.82807,0.82833,3.00,1.50
2010.12.20 05:50:26.765,0.82807,0.82833,3.00,2.44
2010.12.20 05:50:27.044,0.82804,0.82833,1.50,3.19
2010.12.20 05:50:27.796,0.82807,0.82832,1.50,2.44
2010.12.20 05:50:35.544,0.82805,0.82833,2.44,2.25
2010.12.20 05:50:35.776,0.8281,0.82839,1.69,2.44
2010.12.20 05:50:35.896,0.8281,0.82839,1.69,2.44
2010.12.20 05:50:36.122,0.82816,0.82839,1.50,2.44
2010.12.20 05:50:36.235,0.82816,0.82838,1.50,1.69
2010.12.20 05:50:38.237,0.82819,0.8284,1.50,1.69
2010.12.20 05:50:38.357,0.82819,0.8284,1.50,1.50
2010.12.20 05:50:38.474,0.82819,0.82843,1.50,2.25
2010.12.20 05:50:39.033,0.82819,0.82841,1.50,1.50
2010.12.20 05:50:39.612,0.82819,0.82841,2.25,1.50
2010.12.20 05:50:40.224,0.82819,0.82842,2.25,1.50
2010.12.20 05:50:41.025,0.82819,0.82842,2.25,2.44
2010.12.20 05:50:41.306,0.82814,0.82841,1.50,2.44
2010.12.20 05:50:41.902,0.82817,0.82841,1.50,2.44
2010.12.20 05:50:42.347,0.82817,0.82838,1.50,2.44
2010.12.20 05:50:42.579,0.82812,0.82838,3.00,2.81
2010.12.20 05:50:42.974,0.82811,0.82824,1.50,5.06
2010.12.20 05:50:43.087,0.82794,0.8282,2.25,1.31
2010.12.20 05:50:43.476,0.82793,0.82813,1.50,2.06
2010.12.20 05:50:43.601,0.82785,0.82814,5.06,5.44
2010.12.20 05:50:43.933,0.82786,0.82814,3.19,1.69
2010.12.20 05:50:44.924,0.82788,0.82813,1.31,1.69
2010.12.20 05:50:45.047,0.82795,0.82821,2.25,2.51
2010.12.20 05:50:45.604,0.82795,0.82821,2.25,3.34
2010.12.20 05:50:46.173,0.82796,0.8282,1.50,2.44
2010.12.20 05:50:46.283,0.82796,0.82821,1.50,3.19
2010.12.20 05:50:46.832,0.82796,0.82821,1.50,1.69
2010.12.20 05:50:54.627,0.8279,0.82819,3.94,3.56
2010.12.20 05:50:54.746,0.828,0.82819,1.69,2.25
2010.12.20 05:50:54.866,0.82803,0.82831,1.69,3.19
2010.12.20 05:50:54.985,0.82799,0.82829,2.44,1.69
2010.12.20 05:50:55.105,0.82807,0.82829,1.50,1.69
2010.12.20 05:50:55.471,0.82807,0.82824,1.50,1.69
2010.12.20 05:50:55.707,0.82797,0.82824,3.19,1.69
2010.12.20 05:50:55.823,0.82797,0.82825,3.19,2.44
2010.12.20 05:50:56.183,0.82807,0.82825,1.50,2.44
2010.12.20 05:50:56.295,0.82797,0.82825,1.69,2.44
2010.12.20 05:50:57.974,0.82797,0.82823,1.50,1.69
2010.12.20 05:50:58.316,0.82793,0.82819,3.00,1.31
2010.12.20 05:50:58.653,0.82797,0.82818,1.50,1.69
2010.12.20 05:51:01.285,0.82797,0.8282,1.50,2.25
2010.12.20 05:51:01.513,0.82797,0.82823,1.50,4.31
2010.12.20 05:51:03.940,0.82795,0.82823,1.69,2.25
2010.12.20 05:51:04.532,0.82797,0.82823,2.25,2.81
2010.12.20 05:51:04.654,0.82798,0.82823,1.50,1.50
2010.12.20 05:51:04.995,0.82804,0.82829,1.50,1.09
2010.12.20 05:51:05.643,0.82803,0.82831,1.50,1.01
2010.12.20 05:51:06.006,0.82807,0.82831,1.50,1.01
2010.12.20 05:51:06.904,0.8281,0.82833,1.50,3.94
2010.12.20 05:51:07.026,0.8281,0.82833,1.50,3.94
2010.12.20 05:51:08.161,0.8281,0.82833,1.50,4.69
2010.12.20 05:51:09.247,0.8281,0.82827,1.50,1.69
2010.12.20 05:51:09.365,0.82802,0.82827,2.25,1.69
2010.12.20 05:51:09.544,0.82802,0.82827,2.25,1.69
2010.12.20 05:51:13.234,0.82802,0.82823,2.25,2.44
2010.12.20 05:51:13.573,0.82796,0.82824,3.00,2.06
2010.12.20 05:51:22.283,0.82796,0.8282,2.25,1.69
2010.12.20 05:51:28.061,0.82797,0.8282,1.50,1.69
2010.12.20 05:51:29.303,0.82798,0.8282,1.50,1.69
2010.12.20 05:51:29.824,0.82798,0.82824,1.69,2.44
2010.12.20 05:51:30.087,0.82799,0.82824,2.44,1.50
2010.12.20 05:51:31.029,0.82806,0.82823,1.50,1.50
2010.12.20 05:51:31.146,0.82807,0.82832,1.50,1.09
2010.12.20 05:51:32.404,0.82807,0.82827,1.50,1.12
2010.12.20 05:51:32.746,0.82801,0.82824,1.50,2.81
2010.12.20 05:51:32.977,0.82798,0.82823,3.00,2.44
2010.12.20 05:51:36.106,0.82803,0.82827,1.69,2.25
2010.12.20 05:51:36.224,0.82803,0.82827,1.69,1.50
2010.12.20 05:51:36.345,0.82807,0.82831,1.50,2.44
2010.12.20 05:51:37.014,0.82807,0.82834,2.44,3.19
2010.12.20 05:51:37.613,0.82807,0.82833,6.94,1.69
2010.12.20 05:51:38.687,0.82807,0.82833,6.75,2.44
2010.12.20 05:51:38.914,0.82807,0.82831,2.25,2.44
2010.12.20 05:51:39.555,0.82806,0.82829,1.50,1.69
2010.12.20 05:51:40.515,0.82801,0.82829,3.19,1.69
2010.12.20 05:51:40.633,0.82807,0.82829,1.50,1.69
2010.12.20 05:51:44.082,0.82807,0.8283,1.50,1.69
2010.12.20 05:51:46.005,0.82807,0.82833,1.69,2.25
2010.12.20 05:51:46.684,0.82807,0.82833,1.69,2.25
2010.12.20 05:51:47.745,0.82804,0.82831,1.69,2.25
2010.12.20 05:51:47.870,0.82804,0.82833,1.69,2.25
2010.12.20 05:51:48.205,0.82806,0.82834,2.44,2.25
2010.12.20 05:51:48.543,0.82807,0.82834,1.50,1.50
2010.12.20 05:51:49.466,0.82812,0.82839,2.25,2.25
2010.12.20 05:51:49.913,0.82816,0.82837,1.50,2.25
2010.12.20 05:51:54.804,0.82816,0.82833,1.50,1.69
2010.12.20 05:51:55.243,0.8281,0.82835,1.50,3.19
2010.12.20 05:52:09.553,0.82811,0.82833,1.50,4.01
2010.12.20 05:52:13.986,0.82811,0.82833,1.50,4.39
2010.12.20 05:52:14.104,0.82811,0.82829,1.50,2.44
2010.12.20 05:52:14.444,0.82803,0.8283,3.94,3.19
2010.12.20 05:52:14.676,0.82807,0.8283,1.50,3.19
2010.12.20 05:52:15.166,0.82807,0.82832,1.69,2.25
2010.12.20 05:52:16.964,0.82807,0.82832,1.69,2.25
2010.12.20 05:52:17.754,0.82807,0.82832,1.50,2.44
2010.12.20 05:52:22.125,0.82807,0.8283,1.50,3.56
2010.12.20 05:52:22.512,0.82801,0.82828,1.50,1.69
2010.12.20 05:52:22.952,0.82806,0.82828,1.50,1.69
2010.12.20 05:52:23.513,0.82806,0.82828,1.50,1.69
2010.12.20 05:52:24.435,0.82806,0.8283,1.50,1.31
2010.12.20 05:52:30.253,0.82801,0.8283,1.50,1.31
2010.12.20 05:52:30.583,0.82807,0.8283,1.50,1.31
2010.12.20 05:52:37.055,0.82807,0.82828,1.50,1.69
2010.12.20 05:52:37.395,0.82799,0.82825,1.50,1.50
2010.12.20 05:52:38.049,0.82799,0.82829,1.50,2.96
2010.12.20 05:52:38.170,0.82799,0.82824,1.50,1.50
2010.12.20 05:52:40.265,0.82799,0.82829,1.50,2.81
2010.12.20 05:52:40.621,0.82799,0.82823,1.50,1.50
2010.12.20 05:52:40.973,0.82799,0.82822,1.50,1.46
2010.12.20 05:52:41.359,0.82791,0.82818,1.50,2.44
2010.12.20 05:52:41.586,0.82793,0.82823,1.69,3.75
2010.12.20 05:52:41.815,0.82797,0.82823,2.44,1.50
2010.12.20 05:52:42.677,0.828,0.82827,1.50,1.69
2010.12.20 05:52:43.236,0.828,0.82823,1.50,1.50
2010.12.20 05:52:49.942,0.828,0.82827,1.50,1.69
2010.12.20 05:52:50.163,0.82804,0.82831,6.00,1.69
2010.12.20 05:52:50.273,0.82807,0.82831,1.50,1.69
2010.12.20 05:52:50.716,0.82801,0.82826,2.25,1.69
2010.12.20 05:52:51.053,0.82799,0.82824,1.50,2.44
2010.12.20 05:52:51.162,0.82798,0.82824,1.50,4.69
2010.12.20 05:52:59.243,0.82804,0.82824,2.25,2.44
2010.12.20 05:52:59.574,0.82804,0.8283,3.75,1.01
2010.12.20 05:52:59.793,0.82807,0.8283,1.50,1.01
2010.12.20 05:53:00.125,0.82807,0.82829,1.50,1.69
2010.12.20 05:53:03.226,0.82807,0.82829,1.50,1.69
2010.12.20 05:53:07.195,0.82807,0.82831,1.50,2.44
2010.12.20 05:53:07.533,0.82801,0.82832,4.69,1.69
2010.12.20 05:53:08.053,0.82804,0.82834,1.69,2.44
2010.12.20 05:53:08.164,0.82806,0.82834,2.25,2.44
2010.12.20 05:53:08.614,0.82807,0.82834,1.50,2.44
2010.12.20 05:53:10.953,0.82807,0.82832,1.50,1.69
2010.12.20 05:53:11.512,0.82804,0.82832,1.50,2.44
2010.12.20 05:53:12.434,0.8281,0.82834,2.25,1.69
2010.12.20 05:53:14.994,0.8281,0.82833,2.25,1.50
2010.12.20 05:53:23.769,0.82809,0.82832,1.50,1.69
2010.12.20 05:53:24.003,0.82807,0.82832,1.50,1.69
2010.12.20 05:53:25.923,0.82807,0.82832,1.69,1.69
2010.12.20 05:53:26.035,0.82811,0.82833,1.50,3.19
2010.12.20 05:53:26.592,0.8281,0.82833,3.75,3.19
2010.12.20 05:53:40.515,0.82808,0.82833,2.44,3.19
2010.12.20 05:53:40.853,0.82811,0.82833,1.50,3.19
2010.12.20 05:53:42.866,0.82811,0.82832,1.50,2.51
2010.12.20 05:53:42.988,0.82807,0.82832,1.50,2.44
2010.12.20 05:53:48.275,0.82807,0.82829,1.50,2.06
2010.12.20 05:53:48.613,0.82802,0.82828,1.50,1.69
2010.12.20 05:53:48.943,0.82807,0.82828,1.50,2.44
2010.12.20 05:53:50.234,0.82802,0.82828,1.50,2.44
2010.12.20 05:53:50.674,0.82807,0.82828,1.50,2.44
2010.12.20 05:53:53.025,0.82802,0.82823,1.50,1.69
2010.12.20 05:53:53.255,0.82799,0.82823,1.50,1.69
2010.12.20 05:54:07.616,0.82799,0.82827,1.50,1.69
2010.12.20 05:54:44.183,0.82799,0.82823,1.50,2.44
2010.12.20 05:54:44.513,0.82796,0.82823,2.25,1.69
2010.12.20 05:54:49.464,0.82795,0.8282,2.25,1.69
2010.12.20 05:54:50.013,0.82793,0.82814,1.50,1.69
2010.12.20 05:54:55.547,0.82793,0.82814,4.69,1.50
2010.12.20 05:54:55.884,0.82796,0.8282,2.25,1.69
2010.12.20 05:54:57.508,0.82797,0.82823,2.44,1.50
2010.12.20 05:54:58.064,0.82798,0.82824,1.69,1.69
2010.12.20 05:54:59.987,0.82804,0.82832,1.50,2.51
2010.12.20 05:55:00.507,0.82806,0.82832,1.50,1.01
2010.12.20 05:55:02.635,0.82804,0.8283,3.75,2.44
2010.12.20 05:55:02.866,0.82806,0.8283,1.50,2.44
2010.12.20 05:55:03.959,0.82806,0.82823,1.50,1.69
2010.12.20 05:55:04.186,0.82796,0.82823,3.75,1.69
2010.12.20 05:55:06.903,0.82799,0.82823,1.50,1.69
2010.12.20 05:55:07.470,0.828,0.82823,1.50,1.69
2010.12.20 05:55:10.084,0.82799,0.82823,1.50,1.69
2010.12.20 05:55:10.682,0.82802,0.82823,1.50,1.69
2010.12.20 05:55:11.212,0.828,0.82823,1.50,1.69
2010.12.20 05:55:11.324,0.82802,0.82823,1.50,1.69
2010.12.20 05:55:11.877,0.82801,0.82823,1.50,1.69
2010.12.20 05:55:11.995,0.82801,0.82824,1.50,2.44
2010.12.20 05:55:12.334,0.82804,0.82824,1.50,2.44
2010.12.20 05:55:20.162,0.82802,0.82824,1.50,1.69
2010.12.20 05:55:20.877,0.82801,0.82824,1.50,1.69
2010.12.20 05:55:25.113,0.82801,0.82824,1.50,2.44
2010.12.20 05:55:35.254,0.82801,0.82822,1.50,1.69
2010.12.20 05:55:35.364,0.82798,0.82822,1.50,1.69
2010.12.20 05:55:35.912,0.82796,0.82822,2.25,1.69
2010.12.20 05:55:47.894,0.82797,0.82823,2.44,1.01
2010.12.20 05:55:48.234,0.828,0.82825,1.50,3.19
2010.12.20 05:55:48.617,0.82799,0.82822,3.75,1.69
2010.12.20 05:55:48.955,0.82797,0.82823,3.94,2.44
2010.12.20 05:55:54.525,0.82797,0.82822,3.75,1.69
2010.12.20 05:55:59.584,0.82796,0.82824,3.94,2.44
2010.12.20 05:55:59.693,0.828,0.82824,1.50,2.44
2010.12.20 05:55:59.806,0.82802,0.8283,2.25,2.44
2010.12.20 05:55:59.924,0.82802,0.82831,3.75,1.84
2010.12.20 05:56:00.143,0.82803,0.82824,1.50,1.50
2010.12.20 05:56:01.734,0.82803,0.82829,2.25,1.01
2010.12.20 05:56:02.547,0.82801,0.82825,1.50,2.44
2010.12.20 05:56:02.919,0.82799,0.82824,2.25,1.31
2010.12.20 05:56:03.040,0.82797,0.82822,2.25,1.69
2010.12.20 05:56:05.534,0.82797,0.82823,1.69,3.94
2010.12.20 05:56:05.755,0.82798,0.82823,1.69,2.25
2010.12.20 05:56:05.985,0.82802,0.82829,2.44,1.76
2010.12.20 05:56:06.213,0.82803,0.82823,2.25,1.50
2010.12.20 05:56:07.662,0.82803,0.82829,2.25,1.69
2010.12.20 05:56:07.885,0.82807,0.82829,1.50,1.69
2010.12.20 05:56:12.547,0.82807,0.82833,1.50,2.44
2010.12.20 05:56:12.844,0.8281,0.82834,1.69,1.69
2010.12.20 05:56:12.955,0.82812,0.82834,2.25,1.69
2010.12.20 05:56:17.030,0.82812,0.82834,3.00,2.44
2010.12.20 05:56:17.144,0.82808,0.82834,3.75,5.44
2010.12.20 05:56:19.074,0.82811,0.82834,2.25,3.19
2010.12.20 05:56:19.654,0.82811,0.82838,3.19,2.44
2010.12.20 05:56:19.767,0.82811,0.82834,3.19,1.50
2010.12.20 05:56:23.263,0.82811,0.82834,3.00,2.44
2010.12.20 05:56:23.375,0.82808,0.82834,3.94,3.94
2010.12.20 05:56:25.488,0.82808,0.82833,3.75,2.44
2010.12.20 05:56:25.603,0.82807,0.82832,1.50,1.69
2010.12.20 05:56:30.716,0.82805,0.8283,1.69,1.69
2010.12.20 05:56:30.974,0.82807,0.82833,1.69,3.94
2010.12.20 05:56:32.287,0.82807,0.82833,3.19,2.25
2010.12.20 05:56:32.405,0.82807,0.82834,5.44,2.25
2010.12.20 05:56:32.517,0.82812,0.82834,2.25,3.19
2010.12.20 05:56:32.633,0.82807,0.82834,4.69,4.69
2010.12.20 05:56:33.995,0.82811,0.82834,3.19,3.75
2010.12.20 05:56:34.433,0.82811,0.82838,3.19,1.01
2010.12.20 05:56:34.715,0.82811,0.82834,3.19,1.50
2010.12.20 05:56:45.497,0.82811,0.82839,3.19,2.51
2010.12.20 05:56:45.922,0.82811,0.82833,3.19,1.50
2010.12.20 05:56:56.114,0.82812,0.82838,3.19,2.25
2010.12.20 05:56:56.226,0.82812,0.82841,3.00,1.31
2010.12.20 05:56:56.566,0.82816,0.82841,1.69,2.25
2010.12.20 05:56:59.316,0.82816,0.82843,1.69,1.76
2010.12.20 05:57:00.094,0.82816,0.82843,1.50,1.01
2010.12.20 05:57:05.312,0.82814,0.82843,3.19,2.44
2010.12.20 05:57:05.822,0.82817,0.82843,1.50,2.44
2010.12.20 05:57:06.155,0.82822,0.82849,3.75,2.44
2010.12.20 05:57:06.764,0.82821,0.82853,3.19,2.51
2010.12.20 05:57:07.094,0.82821,0.82843,3.00,1.50
2010.12.20 05:57:07.424,0.82822,0.82843,3.94,1.50
2010.12.20 05:57:07.686,0.82824,0.82853,1.50,1.31
2010.12.20 05:57:08.035,0.82826,0.82853,1.50,1.31
2010.12.20 05:57:11.303,0.82826,0.82853,1.50,1.69
2010.12.20 05:57:11.417,0.8283,0.82854,2.44,3.94
2010.12.20 05:57:12.375,0.8283,0.82854,2.44,4.01
2010.12.20 05:57:14.437,0.8283,0.82855,3.19,2.25
2010.12.20 05:57:14.776,0.82835,0.82857,2.25,2.25
2010.12.20 05:57:15.325,0.82836,0.82857,1.50,2.25
2010.12.20 05:57:18.005,0.82836,0.82854,1.50,1.31
2010.12.20 05:57:18.316,0.82827,0.82854,1.50,1.31
2010.12.20 05:57:18.830,0.82826,0.82854,1.50,2.81
2010.12.20 05:57:19.410,0.82827,0.82854,1.50,2.81
2010.12.20 05:57:19.530,0.82827,0.82854,1.50,2.81
2010.12.20 05:57:21.515,0.82827,0.82852,1.50,1.50
2010.12.20 05:57:21.637,0.8283,0.82852,2.25,1.50
2010.12.20 05:57:38.343,0.8283,0.82854,2.44,2.25
2010.12.20 05:57:38.650,0.8283,0.82854,2.25,2.44
2010.12.20 05:57:48.506,0.8283,0.82851,2.25,2.44
