2010.12.07 15:00:00.482,0.82215,0.82229,1.90,1.50
2010.12.07 15:00:00.608,0.82208,0.82226,1.90,1.50
2010.12.07 15:00:00.725,0.82209,0.82223,3.20,1.50
2010.12.07 15:00:01.315,0.82209,0.82232,1.90,2.90
2010.12.07 15:00:01.432,0.82209,0.82224,1.90,1.50
2010.12.07 15:00:02.126,0.82209,0.82225,1.90,2.30
2010.12.07 15:00:02.366,0.82207,0.82222,1.10,1.90
2010.12.07 15:00:02.488,0.82207,0.82229,1.10,5.70
2010.12.07 15:00:03.043,0.82207,0.82223,1.10,1.50
2010.12.07 15:00:03.205,0.82207,0.82228,1.10,2.70
2010.12.07 15:00:03.324,0.82208,0.82228,1.30,1.90
2010.12.07 15:00:04.091,0.8221,0.8223,1.30,2.70
2010.12.07 15:00:05.107,0.82207,0.8223,2.30,1.50
2010.12.07 15:00:06.676,0.82208,0.82224,1.50,2.30
2010.12.07 15:00:07.280,0.82216,0.82224,1.90,2.30
2010.12.07 15:00:07.399,0.82209,0.82224,1.90,2.30
2010.12.07 15:00:07.518,0.82209,0.82227,1.90,1.50
2010.12.07 15:00:08.134,0.82206,0.82228,1.90,1.50
2010.12.07 15:00:08.257,0.82204,0.82218,1.10,1.90
2010.12.07 15:00:09.129,0.82211,0.82233,1.10,2.30
2010.12.07 15:00:10.338,0.82208,0.8223,1.10,1.50
2010.12.07 15:00:11.203,0.82219,0.82234,1.50,2.30
2010.12.07 15:00:11.336,0.8222,0.82239,2.30,1.90
2010.12.07 15:00:12.037,0.82217,0.82239,1.90,3.40
2010.12.07 15:00:12.264,0.82215,0.82233,3.00,1.50
2010.12.07 15:00:13.305,0.82215,0.82239,1.10,1.50
2010.12.07 15:00:14.091,0.8222,0.82238,2.30,3.80
2010.12.07 15:00:14.210,0.82216,0.82238,2.30,3.00
2010.12.07 15:00:14.722,0.82215,0.82236,1.30,1.90
2010.12.07 15:00:14.841,0.82215,0.82235,1.10,3.40
2010.12.07 15:00:15.687,0.82217,0.82239,1.90,2.70
2010.12.07 15:00:15.925,0.82217,0.82239,2.10,2.70
2010.12.07 15:00:16.750,0.82215,0.82237,1.10,1.50
2010.12.07 15:00:17.609,0.82217,0.82237,1.10,2.70
2010.12.07 15:00:17.743,0.82218,0.8224,1.10,2.70
2010.12.07 15:00:18.078,0.82218,0.8224,1.10,3.60
2010.12.07 15:00:18.737,0.82213,0.8223,1.90,3.00
2010.12.07 15:00:18.867,0.82209,0.82224,1.10,1.50
2010.12.07 15:00:20.097,0.82208,0.8223,2.60,2.70
2010.12.07 15:00:20.693,0.82208,0.82231,1.10,2.90
2010.12.07 15:00:20.821,0.82205,0.82227,2.60,1.70
2010.12.07 15:00:21.578,0.82205,0.82223,1.10,1.50
2010.12.07 15:00:21.703,0.82203,0.82223,1.90,6.40
2010.12.07 15:00:22.499,0.82201,0.82215,1.90,2.30
2010.12.07 15:00:23.353,0.82201,0.82223,2.30,2.30
2010.12.07 15:00:24.274,0.822,0.82221,1.10,1.70
2010.12.07 15:00:25.122,0.822,0.82223,1.10,2.30
2010.12.07 15:00:25.241,0.82205,0.82224,2.30,2.30
2010.12.07 15:00:26.397,0.82206,0.82224,1.10,1.50
2010.12.07 15:00:26.624,0.82203,0.82224,1.10,2.30
2010.12.07 15:00:26.747,0.82208,0.82226,1.90,1.50
2010.12.07 15:00:27.628,0.82206,0.82223,1.10,2.30
2010.12.07 15:00:27.745,0.82206,0.82227,1.10,2.30
2010.12.07 15:00:28.624,0.82206,0.82223,1.10,1.50
2010.12.07 15:00:30.088,0.82209,0.82223,1.50,1.50
2010.12.07 15:00:30.867,0.82208,0.82232,3.00,4.00
2010.12.07 15:00:31.043,0.82211,0.82225,1.90,4.50
2010.12.07 15:00:31.158,0.82207,0.82226,1.90,2.50
2010.12.07 15:00:31.734,0.8221,0.82223,1.10,1.50
2010.12.07 15:00:32.531,0.82212,0.82224,1.90,1.50
2010.12.07 15:00:33.443,0.82214,0.82233,2.30,2.30
2010.12.07 15:00:33.774,0.82214,0.82234,3.00,1.50
2010.12.07 15:00:34.373,0.82214,0.82234,3.00,1.50
2010.12.07 15:00:35.050,0.82218,0.82239,1.10,4.00
2010.12.07 15:00:35.197,0.82208,0.8223,3.00,3.00
2010.12.07 15:00:35.424,0.82207,0.82229,1.10,1.70
2010.12.07 15:00:36.006,0.82206,0.82226,3.40,1.90
2010.12.07 15:00:37.737,0.82207,0.82225,2.30,4.90
2010.12.07 15:00:38.432,0.82212,0.82225,2.30,1.50
2010.12.07 15:00:39.356,0.82217,0.82233,1.10,1.50
2010.12.07 15:00:39.476,0.82216,0.82233,1.90,2.30
2010.12.07 15:00:40.036,0.82212,0.82233,3.00,2.30
2010.12.07 15:00:40.206,0.82208,0.8223,3.00,3.80
2010.12.07 15:00:43.260,0.82208,0.8223,2.70,4.00
2010.12.07 15:00:44.037,0.82207,0.82228,3.40,1.50
2010.12.07 15:00:46.385,0.82207,0.82228,1.90,1.50
2010.12.07 15:00:47.003,0.82206,0.82224,1.50,1.50
2010.12.07 15:00:49.708,0.82208,0.82226,1.90,1.50
2010.12.07 15:00:52.061,0.82208,0.82226,2.50,1.50
2010.12.07 15:00:52.604,0.8221,0.82226,1.40,1.50
2010.12.07 15:00:52.735,0.82217,0.82234,1.50,1.50
2010.12.07 15:00:55.227,0.82222,0.82236,3.40,1.90
2010.12.07 15:00:55.876,0.82222,0.82244,1.10,1.50
2010.12.07 15:00:56.080,0.82218,0.82238,1.90,1.50
2010.12.07 15:00:59.039,0.82218,0.82238,1.90,1.50
2010.12.07 15:01:00.088,0.82219,0.82241,1.10,4.00
2010.12.07 15:01:01.247,0.82222,0.82241,1.90,1.50
2010.12.07 15:01:01.902,0.82221,0.8224,1.10,1.90
2010.12.07 15:01:02.704,0.82215,0.8224,3.40,2.70
2010.12.07 15:01:02.830,0.82216,0.82239,3.40,1.50
2010.12.07 15:01:03.059,0.82231,0.8224,3.00,2.70
2010.12.07 15:01:03.712,0.82235,0.8224,1.10,1.90
2010.12.07 15:01:03.891,0.82236,0.82256,2.60,1.70
2010.12.07 15:01:04.729,0.82231,0.82251,2.30,1.70
2010.12.07 15:01:05.641,0.82227,0.82249,2.30,4.00
2010.12.07 15:01:05.874,0.82229,0.82249,1.90,1.70
2010.12.07 15:01:06.535,0.82231,0.8225,1.90,1.50
2010.12.07 15:01:06.658,0.82229,0.8225,2.30,1.50
2010.12.07 15:01:07.732,0.82235,0.82253,1.70,4.90
2010.12.07 15:01:08.565,0.82241,0.82261,1.90,1.50
2010.12.07 15:01:10.747,0.82239,0.82259,1.10,1.90
2010.12.07 15:01:11.468,0.82241,0.82261,2.30,1.50
2010.12.07 15:01:13.420,0.82243,0.82261,1.90,1.50
2010.12.07 15:01:13.587,0.82246,0.82261,1.90,1.50
2010.12.07 15:01:14.486,0.82247,0.82261,1.50,1.50
2010.12.07 15:01:14.976,0.8225,0.82261,1.90,1.50
2010.12.07 15:01:15.919,0.82252,0.82274,1.90,3.00
2010.12.07 15:01:16.818,0.82254,0.82274,1.90,1.50
2010.12.07 15:01:17.155,0.82253,0.82273,1.90,2.30
2010.12.07 15:01:18.762,0.82254,0.82274,1.90,1.50
2010.12.07 15:01:19.819,0.82255,0.82273,1.90,1.50
2010.12.07 15:01:20.385,0.82257,0.82273,1.40,1.50
2010.12.07 15:01:20.550,0.82256,0.82273,2.50,1.50
2010.12.07 15:01:20.664,0.82256,0.82279,2.80,1.50
2010.12.07 15:01:21.297,0.82256,0.8228,2.50,1.90
2010.12.07 15:01:22.032,0.8226,0.82284,1.90,3.40
2010.12.07 15:01:22.161,0.82269,0.82285,2.30,1.50
2010.12.07 15:01:22.684,0.82269,0.8229,2.30,2.80
2010.12.07 15:01:22.827,0.82266,0.82286,1.50,1.90
2010.12.07 15:01:23.572,0.82266,0.8229,2.50,2.70
2010.12.07 15:01:23.694,0.82268,0.82289,1.90,3.60
2010.12.07 15:01:23.803,0.82265,0.82289,2.70,4.40
2010.12.07 15:01:24.023,0.82262,0.82288,2.70,2.70
2010.12.07 15:01:24.571,0.82261,0.82287,2.70,1.90
2010.12.07 15:01:24.702,0.82266,0.82287,1.50,1.90
2010.12.07 15:01:24.928,0.82264,0.82288,1.90,4.20
2010.12.07 15:01:25.044,0.82267,0.82291,2.70,4.90
2010.12.07 15:01:25.614,0.8227,0.82289,2.30,2.70
2010.12.07 15:01:26.612,0.8227,0.82289,2.30,1.50
2010.12.07 15:01:26.732,0.8227,0.82292,2.30,1.90
2010.12.07 15:01:28.702,0.8227,0.82291,2.30,1.90
2010.12.07 15:01:29.802,0.82275,0.8229,3.60,1.50
2010.12.07 15:01:29.916,0.82278,0.82295,2.50,1.50
2010.12.07 15:01:30.574,0.82276,0.82298,1.50,1.90
2010.12.07 15:01:30.805,0.82276,0.82298,2.50,1.90
2010.12.07 15:01:31.643,0.82276,0.82297,1.50,1.90
2010.12.07 15:01:32.419,0.82278,0.82297,2.30,1.50
2010.12.07 15:01:32.554,0.82272,0.82293,2.70,1.50
2010.12.07 15:01:33.015,0.82271,0.82293,4.30,1.50
2010.12.07 15:01:33.352,0.82274,0.82296,2.50,1.50
2010.12.07 15:01:33.860,0.82274,0.82298,3.20,3.50
2010.12.07 15:01:33.976,0.82276,0.82298,1.50,3.40
2010.12.07 15:01:35.646,0.82276,0.82298,1.50,3.50
2010.12.07 15:01:35.782,0.82276,0.82298,1.50,4.10
2010.12.07 15:01:35.898,0.82276,0.82295,1.50,4.20
2010.12.07 15:01:36.543,0.82271,0.82293,1.90,1.50
2010.12.07 15:01:36.666,0.82271,0.82295,2.70,2.70
2010.12.07 15:01:36.897,0.82271,0.82294,1.90,1.50
2010.12.07 15:01:38.133,0.82271,0.82294,1.90,4.50
2010.12.07 15:01:38.294,0.82267,0.8229,2.10,1.90
2010.12.07 15:01:39.140,0.82269,0.82291,3.20,4.20
2010.12.07 15:01:39.699,0.82269,0.82288,3.20,1.50
2010.12.07 15:01:40.289,0.82269,0.8229,3.20,1.50
2010.12.07 15:01:41.373,0.8227,0.82291,2.10,2.70
2010.12.07 15:01:42.165,0.82266,0.82289,4.50,3.40
2010.12.07 15:01:42.284,0.82266,0.82286,4.50,1.50
2010.12.07 15:01:42.613,0.82266,0.82286,4.50,1.50
2010.12.07 15:01:43.829,0.82266,0.82286,2.30,1.50
2010.12.07 15:01:44.402,0.82266,0.82292,3.40,2.70
2010.12.07 15:01:45.298,0.82266,0.82288,1.50,1.90
2010.12.07 15:01:46.563,0.82267,0.82284,1.50,7.20
2010.12.07 15:01:46.680,0.82258,0.82282,2.30,2.30
2010.12.07 15:01:47.209,0.82258,0.82282,1.90,1.90
2010.12.07 15:01:47.347,0.82254,0.82277,1.40,1.90
2010.12.07 15:01:47.464,0.82256,0.8228,3.40,1.90
2010.12.07 15:01:48.293,0.82259,0.82282,1.90,1.50
2010.12.07 15:01:49.434,0.82256,0.8228,3.80,3.40
2010.12.07 15:01:50.123,0.82249,0.82273,2.50,2.70
2010.12.07 15:01:50.235,0.82257,0.82273,1.50,4.20
2010.12.07 15:01:50.467,0.82247,0.82271,6.10,1.90
2010.12.07 15:01:51.012,0.82247,0.82271,3.10,1.90
2010.12.07 15:01:51.157,0.82247,0.82268,1.10,1.90
2010.12.07 15:01:51.941,0.82246,0.82266,1.50,4.20
2010.12.07 15:01:52.571,0.82248,0.82268,5.30,1.90
2010.12.07 15:01:52.708,0.8225,0.8227,3.00,4.20
2010.12.07 15:01:52.824,0.82247,0.8227,1.90,4.20
2010.12.07 15:01:52.944,0.82247,0.8227,1.50,4.20
2010.12.07 15:01:54.744,0.82247,0.8227,1.50,4.40
2010.12.07 15:01:57.071,0.82247,0.82263,1.50,1.40
2010.12.07 15:01:57.219,0.82242,0.82262,1.90,1.90
2010.12.07 15:01:57.340,0.82242,0.82259,1.90,2.50
2010.12.07 15:01:57.561,0.82238,0.82259,1.90,2.50
2010.12.07 15:01:58.197,0.82237,0.82259,1.50,2.50
2010.12.07 15:02:00.269,0.8224,0.82259,1.40,2.30
2010.12.07 15:02:00.397,0.82244,0.82263,1.90,1.50
2010.12.07 15:02:00.893,0.8224,0.82265,1.30,1.90
2010.12.07 15:02:01.123,0.82241,0.82263,2.10,1.50
2010.12.07 15:02:02.091,0.82243,0.82267,3.20,1.50
2010.12.07 15:02:02.321,0.82243,0.82269,2.70,5.50
2010.12.07 15:02:02.440,0.8224,0.82265,1.10,1.90
2010.12.07 15:02:03.101,0.8224,0.82263,1.20,1.90
2010.12.07 15:02:03.966,0.8224,0.82264,2.70,2.30
2010.12.07 15:02:04.114,0.82239,0.82263,2.00,1.90
2010.12.07 15:02:04.787,0.82239,0.82263,2.10,1.90
2010.12.07 15:02:05.446,0.82239,0.82263,2.10,1.90
2010.12.07 15:02:06.697,0.82242,0.82264,1.90,2.30
2010.12.07 15:02:08.013,0.82243,0.82264,1.40,2.30
2010.12.07 15:02:08.737,0.82245,0.82268,2.50,1.90
2010.12.07 15:02:08.879,0.82254,0.82274,1.90,1.50
2010.12.07 15:02:13.083,0.82252,0.82274,1.90,1.50
2010.12.07 15:02:15.872,0.82254,0.82274,1.10,1.50
2010.12.07 15:02:17.323,0.82254,0.82276,1.10,1.50
2010.12.07 15:02:17.888,0.82254,0.82273,1.10,1.50
2010.12.07 15:02:19.890,0.82252,0.82273,3.00,2.30
2010.12.07 15:02:20.841,0.82252,0.82272,3.00,1.50
2010.12.07 15:02:21.729,0.82253,0.82274,1.10,3.00
2010.12.07 15:02:23.227,0.82258,0.82279,1.70,2.70
2010.12.07 15:02:23.346,0.82259,0.8228,1.10,2.30
2010.12.07 15:02:25.049,0.82259,0.82277,1.90,2.30
2010.12.07 15:02:25.536,0.82257,0.82277,2.70,3.00
2010.12.07 15:02:25.695,0.82256,0.82273,1.50,1.50
2010.12.07 15:02:31.214,0.82251,0.82272,1.10,3.00
2010.12.07 15:02:31.818,0.82249,0.82272,1.10,5.70
2010.12.07 15:02:32.972,0.82248,0.82269,1.10,3.20
2010.12.07 15:02:33.193,0.82247,0.82269,2.60,4.00
2010.12.07 15:02:36.017,0.82239,0.82256,1.10,2.10
2010.12.07 15:02:36.245,0.82236,0.82253,1.10,2.30
2010.12.07 15:02:36.814,0.82236,0.82254,3.00,1.50
2010.12.07 15:02:37.314,0.82239,0.82254,1.90,1.50
2010.12.07 15:02:37.536,0.82239,0.82254,5.80,1.50
2010.12.07 15:02:37.979,0.82239,0.82254,13.20,1.50
2010.12.07 15:02:38.120,0.82242,0.82264,2.30,1.50
2010.12.07 15:02:38.234,0.82242,0.82263,2.30,1.50
2010.12.07 15:02:38.579,0.82242,0.82267,3.00,2.30
2010.12.07 15:02:38.695,0.82245,0.82268,2.30,3.90
2010.12.07 15:02:38.814,0.82245,0.82263,2.30,1.50
2010.12.07 15:02:39.478,0.82247,0.82268,1.90,1.50
2010.12.07 15:02:39.708,0.82247,0.82271,2.60,1.70
2010.12.07 15:02:40.469,0.82251,0.82272,2.30,3.10
2010.12.07 15:02:40.705,0.82252,0.82273,1.90,1.50
2010.12.07 15:02:41.299,0.82253,0.82273,1.10,1.50
2010.12.07 15:02:42.144,0.8226,0.82282,1.90,2.30
2010.12.07 15:02:42.260,0.8226,0.82282,2.30,2.30
2010.12.07 15:02:44.754,0.82262,0.82283,1.10,3.10
2010.12.07 15:02:44.864,0.82264,0.82283,1.90,3.00
2010.12.07 15:02:45.481,0.82269,0.82286,1.90,1.50
2010.12.07 15:02:45.601,0.82267,0.82286,1.90,1.50
2010.12.07 15:02:46.242,0.82266,0.82282,1.90,1.40
2010.12.07 15:02:46.995,0.8226,0.82274,2.30,1.50
2010.12.07 15:02:47.121,0.8226,0.82282,1.90,3.80
2010.12.07 15:02:48.165,0.8226,0.82281,1.90,1.70
2010.12.07 15:02:49.049,0.8226,0.8228,2.30,1.50
2010.12.07 15:02:49.505,0.82264,0.82282,1.90,1.50
2010.12.07 15:02:50.323,0.82267,0.82287,2.30,1.50
2010.12.07 15:02:51.533,0.82264,0.82283,2.30,1.50
2010.12.07 15:02:51.711,0.82266,0.82283,1.10,1.50
2010.12.07 15:02:52.550,0.8227,0.82283,1.10,1.50
2010.12.07 15:02:52.670,0.8227,0.82292,1.10,1.60
2010.12.07 15:02:53.664,0.82271,0.82292,2.60,1.50
2010.12.07 15:02:54.835,0.8227,0.8229,1.10,1.50
2010.12.07 15:02:55.651,0.8227,0.82291,1.10,2.70
2010.12.07 15:02:56.518,0.8227,0.82292,1.10,3.60
2010.12.07 15:02:57.983,0.8227,0.82292,1.30,3.40
2010.12.07 15:02:59.323,0.8227,0.82292,1.10,5.70
2010.12.07 15:02:59.880,0.8227,0.82292,1.10,5.70
2010.12.07 15:03:00.214,0.8227,0.82291,1.10,2.70
2010.12.07 15:03:00.327,0.82267,0.82289,4.90,1.60
2010.12.07 15:03:01.295,0.82267,0.82289,3.40,1.60
2010.12.07 15:03:01.417,0.82269,0.8229,1.10,2.80
2010.12.07 15:03:02.166,0.82266,0.82287,1.10,1.70
2010.12.07 15:03:02.508,0.8227,0.8229,1.10,1.70
2010.12.07 15:03:02.736,0.82267,0.82291,2.30,3.90
2010.12.07 15:03:03.385,0.82269,0.82289,1.10,4.00
2010.12.07 15:03:03.511,0.82269,0.82291,1.10,3.50
2010.12.07 15:03:07.363,0.82269,0.82291,2.30,3.80
2010.12.07 15:03:07.476,0.82267,0.8229,1.90,3.60
2010.12.07 15:03:09.711,0.82267,0.82289,1.90,2.90
2010.12.07 15:03:10.859,0.82266,0.82289,2.60,3.00
2010.12.07 15:03:13.143,0.82266,0.82286,1.90,2.40
2010.12.07 15:03:14.984,0.82264,0.82283,1.10,1.50
2010.12.07 15:03:15.548,0.8226,0.82283,2.30,3.00
2010.12.07 15:03:16.343,0.82268,0.82283,3.20,1.90
2010.12.07 15:03:16.464,0.82274,0.82291,3.00,1.50
2010.12.07 15:03:16.586,0.82274,0.82293,1.90,2.30
2010.12.07 15:03:17.209,0.8227,0.82292,2.60,1.50
2010.12.07 15:03:18.642,0.82271,0.82292,1.10,1.50
2010.12.07 15:03:18.797,0.82269,0.8229,4.50,1.50
2010.12.07 15:03:19.669,0.82272,0.82292,1.10,2.70
2010.12.07 15:03:20.520,0.82271,0.82293,1.10,4.90
2010.12.07 15:03:21.074,0.82271,0.82293,1.10,4.20
2010.12.07 15:03:21.690,0.82271,0.82293,1.10,3.60
2010.12.07 15:03:23.718,0.82268,0.82291,1.10,1.70
2010.12.07 15:03:23.937,0.82266,0.82284,1.50,1.50
2010.12.07 15:03:24.565,0.82262,0.82284,1.10,1.50
2010.12.07 15:03:27.419,0.82265,0.82283,1.50,2.30
2010.12.07 15:03:28.001,0.82266,0.82283,1.90,1.50
2010.12.07 15:03:28.348,0.82268,0.82283,1.10,1.50
2010.12.07 15:03:30.318,0.82269,0.82283,1.10,1.50
2010.12.07 15:03:30.474,0.82269,0.82291,1.10,2.90
2010.12.07 15:03:31.685,0.82269,0.82289,1.10,1.40
2010.12.07 15:03:31.824,0.82267,0.82292,1.10,2.70
2010.12.07 15:03:31.943,0.82268,0.82292,1.10,2.70
2010.12.07 15:03:32.572,0.82268,0.82283,3.00,1.50
2010.12.07 15:03:32.686,0.82271,0.82291,1.50,1.20
2010.12.07 15:03:32.811,0.8227,0.8229,3.80,4.20
2010.12.07 15:03:33.339,0.8227,0.82292,2.30,2.90
2010.12.07 15:03:34.471,0.82269,0.82292,1.10,2.70
2010.12.07 15:03:34.919,0.82269,0.82285,1.10,4.50
2010.12.07 15:03:35.566,0.82269,0.82284,1.10,1.40
2010.12.07 15:03:35.737,0.82266,0.82289,2.60,2.20
2010.12.07 15:03:36.782,0.8227,0.82292,1.10,1.70
2010.12.07 15:03:41.552,0.82272,0.82291,1.30,1.50
2010.12.07 15:03:41.883,0.82272,0.82292,2.30,2.30
2010.12.07 15:03:42.556,0.82268,0.8229,1.30,1.50
2010.12.07 15:03:42.678,0.82269,0.82291,1.10,4.20
2010.12.07 15:03:44.093,0.8227,0.82292,3.00,1.50
2010.12.07 15:03:44.532,0.82271,0.82291,1.10,1.50
2010.12.07 15:03:47.152,0.82271,0.82291,1.10,1.90
2010.12.07 15:03:47.310,0.82268,0.82288,1.90,1.70
2010.12.07 15:03:50.097,0.82268,0.8229,2.30,1.50
2010.12.07 15:03:50.236,0.82276,0.82291,1.90,2.30
2010.12.07 15:03:50.354,0.82276,0.82294,2.30,2.30
2010.12.07 15:03:51.286,0.82276,0.82295,2.50,1.50
2010.12.07 15:03:51.407,0.82278,0.823,1.10,1.70
2010.12.07 15:03:52.539,0.8228,0.823,2.30,3.60
2010.12.07 15:03:52.770,0.82277,0.82296,1.50,1.70
2010.12.07 15:03:53.326,0.8227,0.82292,4.30,2.10
2010.12.07 15:03:53.571,0.82276,0.82294,1.30,2.10
2010.12.07 15:03:54.448,0.82276,0.82298,1.90,1.70
2010.12.07 15:03:55.444,0.82273,0.82298,3.00,1.50
2010.12.07 15:03:56.438,0.8228,0.82298,2.50,1.50
2010.12.07 15:03:56.994,0.82284,0.82303,3.80,1.50
2010.12.07 15:03:58.303,0.82288,0.82306,2.30,1.50
2010.12.07 15:03:58.986,0.82288,0.8231,2.60,1.50
2010.12.07 15:03:59.233,0.82291,0.8231,2.30,1.50
2010.12.07 15:03:59.903,0.82296,0.82317,2.30,1.60
2010.12.07 15:04:00.514,0.82297,0.82316,1.50,1.50
2010.12.07 15:04:01.096,0.82295,0.82316,1.10,1.50
2010.12.07 15:04:01.875,0.82297,0.82316,1.50,1.50
2010.12.07 15:04:01.998,0.82299,0.82317,1.90,1.50
2010.12.07 15:04:02.810,0.82307,0.82321,2.30,1.70
2010.12.07 15:04:02.979,0.82302,0.82323,1.40,1.50
2010.12.07 15:04:03.535,0.823,0.82323,2.50,1.50
2010.12.07 15:04:03.651,0.823,0.82323,1.30,3.40
2010.12.07 15:04:04.614,0.82306,0.82328,7.50,2.30
2010.12.07 15:04:04.738,0.82306,0.82324,7.50,1.90
2010.12.07 15:04:04.854,0.82306,0.8233,7.50,3.20
2010.12.07 15:04:06.503,0.82306,0.82326,4.90,1.90
2010.12.07 15:04:07.291,0.82316,0.82326,1.90,1.90
2010.12.07 15:04:07.417,0.82316,0.82334,1.90,1.90
2010.12.07 15:04:07.544,0.82316,0.82334,1.50,7.60
2010.12.07 15:04:07.657,0.82314,0.82332,1.10,4.90
2010.12.07 15:04:08.203,0.82312,0.82332,1.30,4.90
2010.12.07 15:04:08.338,0.8231,0.82334,1.10,1.70
2010.12.07 15:04:08.566,0.8231,0.82331,1.10,3.40
2010.12.07 15:04:09.121,0.82315,0.82331,2.30,3.40
2010.12.07 15:04:09.265,0.82315,0.82334,2.50,1.50
2010.12.07 15:04:09.383,0.82317,0.82334,1.50,1.50
2010.12.07 15:04:10.248,0.82313,0.82334,1.30,1.50
2010.12.07 15:04:11.034,0.82315,0.82332,1.90,1.50
2010.12.07 15:04:11.168,0.82317,0.82336,2.30,5.70
2010.12.07 15:04:11.970,0.82315,0.82336,3.00,4.20
2010.12.07 15:04:12.304,0.82315,0.82334,1.10,4.20
2010.12.07 15:04:12.937,0.82311,0.82332,2.30,2.30
2010.12.07 15:04:13.059,0.8231,0.82331,3.00,1.50
2010.12.07 15:04:14.657,0.82309,0.82327,1.90,1.50
2010.12.07 15:04:15.510,0.82307,0.82329,1.50,5.70
2010.12.07 15:04:15.676,0.82309,0.82329,1.90,1.50
2010.12.07 15:04:15.905,0.82305,0.82328,2.30,1.70
2010.12.07 15:04:16.565,0.82304,0.82324,4.50,1.50
2010.12.07 15:04:19.497,0.82303,0.82324,1.90,1.50
2010.12.07 15:04:19.637,0.823,0.82319,1.90,1.50
2010.12.07 15:04:20.438,0.82297,0.82319,5.30,4.20
2010.12.07 15:04:20.556,0.82296,0.82315,1.50,1.50
2010.12.07 15:04:21.245,0.82297,0.82315,1.90,1.50
2010.12.07 15:04:21.597,0.82292,0.8231,1.90,1.50
2010.12.07 15:04:22.055,0.82294,0.8231,1.90,1.50
2010.12.07 15:04:22.182,0.82294,0.82312,1.90,1.50
2010.12.07 15:04:23.237,0.82295,0.82313,1.90,1.50
2010.12.07 15:04:23.577,0.82297,0.82313,1.90,3.00
2010.12.07 15:04:24.233,0.82297,0.82312,2.70,1.50
2010.12.07 15:04:24.385,0.82312,0.82334,1.10,1.50
2010.12.07 15:04:25.130,0.82317,0.82332,1.50,1.50
2010.12.07 15:04:26.513,0.82312,0.82329,1.90,1.90
2010.12.07 15:04:26.689,0.82305,0.82328,1.30,1.50
2010.12.07 15:04:28.180,0.82304,0.82322,2.30,1.50
2010.12.07 15:04:28.736,0.82301,0.82322,2.30,1.50
2010.12.07 15:04:28.881,0.82295,0.82315,1.90,2.70
2010.12.07 15:04:28.995,0.82293,0.82315,2.30,2.70
2010.12.07 15:04:29.572,0.82296,0.82317,2.30,1.50
2010.12.07 15:04:30.567,0.82296,0.82318,1.90,1.50
2010.12.07 15:04:31.092,0.82303,0.82319,1.10,3.00
2010.12.07 15:04:31.218,0.82307,0.82329,2.80,1.50
2010.12.07 15:04:31.445,0.82307,0.82328,2.80,1.50
2010.12.07 15:04:32.060,0.82308,0.8233,2.30,4.40
2010.12.07 15:04:32.186,0.82297,0.8232,1.20,2.50
2010.12.07 15:04:32.310,0.82296,0.82318,2.60,1.90
2010.12.07 15:04:33.556,0.82296,0.82318,2.60,2.70
2010.12.07 15:04:33.746,0.82309,0.82332,2.30,3.90
2010.12.07 15:04:34.264,0.8231,0.82331,1.70,1.60
2010.12.07 15:04:35.213,0.8232,0.82337,2.60,3.10
2010.12.07 15:04:35.325,0.8232,0.82336,3.40,3.00
2010.12.07 15:04:35.445,0.8232,0.82336,2.50,3.00
2010.12.07 15:04:35.988,0.82327,0.82336,1.90,3.00
2010.12.07 15:04:36.666,0.82333,0.82346,1.10,1.90
2010.12.07 15:04:36.824,0.82334,0.82353,2.60,3.40
2010.12.07 15:04:36.947,0.82334,0.82353,2.30,3.40
2010.12.07 15:04:37.573,0.82324,0.82346,1.10,3.40
2010.12.07 15:04:38.471,0.82329,0.82353,1.10,1.50
2010.12.07 15:04:38.586,0.82329,0.82353,1.10,1.50
2010.12.07 15:04:39.229,0.82327,0.82351,2.10,2.70
2010.12.07 15:04:39.455,0.82327,0.82349,3.00,4.50
2010.12.07 15:04:40.025,0.82327,0.82349,1.90,3.80
2010.12.07 15:04:40.993,0.8233,0.82347,1.90,2.30
2010.12.07 15:04:41.114,0.8233,0.82343,1.90,1.50
2010.12.07 15:04:41.663,0.82319,0.82341,4.50,1.50
2010.12.07 15:04:41.792,0.82321,0.82343,2.30,2.30
2010.12.07 15:04:42.339,0.82322,0.82345,2.50,3.40
2010.12.07 15:04:42.575,0.82328,0.82353,3.00,1.50
2010.12.07 15:04:43.406,0.8233,0.82351,2.30,1.50
2010.12.07 15:04:43.644,0.82325,0.82346,1.10,1.90
2010.12.07 15:04:44.190,0.82327,0.82343,2.30,1.50
2010.12.07 15:04:44.646,0.8233,0.82343,1.90,1.50
2010.12.07 15:04:44.765,0.82328,0.82343,1.90,1.50
2010.12.07 15:04:45.717,0.8233,0.82348,4.20,1.50
2010.12.07 15:04:46.934,0.82328,0.82348,1.90,1.50
2010.12.07 15:04:47.543,0.82327,0.82345,1.50,1.50
2010.12.07 15:04:47.886,0.82324,0.82343,1.90,4.20
2010.12.07 15:04:48.453,0.82322,0.82344,3.00,2.30
2010.12.07 15:04:48.795,0.8232,0.82339,1.90,1.50
2010.12.07 15:04:49.481,0.82316,0.82336,1.50,2.70
2010.12.07 15:04:50.236,0.82316,0.82333,1.50,1.50
2010.12.07 15:04:51.130,0.82322,0.82337,1.90,1.50
2010.12.07 15:04:51.245,0.8232,0.82337,1.90,1.50
2010.12.07 15:04:52.625,0.82318,0.82336,3.80,1.50
2010.12.07 15:04:54.110,0.82313,0.82334,1.90,3.00
2010.12.07 15:04:54.341,0.82313,0.82329,1.90,1.50
2010.12.07 15:04:54.991,0.82306,0.82322,1.50,1.50
2010.12.07 15:04:55.105,0.82302,0.82321,1.90,1.50
2010.12.07 15:04:56.014,0.82306,0.82322,1.50,1.50
2010.12.07 15:04:56.140,0.82303,0.82322,1.90,1.50
2010.12.07 15:04:56.773,0.82309,0.82324,2.30,1.50
2010.12.07 15:04:56.995,0.82309,0.82327,2.30,1.50
2010.12.07 15:04:57.609,0.82302,0.82322,4.20,1.50
2010.12.07 15:04:58.344,0.82302,0.82314,1.90,1.50
2010.12.07 15:04:59.005,0.82296,0.82312,1.50,1.50
2010.12.07 15:04:59.145,0.82296,0.82308,1.50,1.50
2010.12.07 15:04:59.597,0.82294,0.82308,2.30,1.50
2010.12.07 15:05:00.149,0.8229,0.82308,1.90,1.50
2010.12.07 15:05:00.270,0.82288,0.82308,2.50,1.50
2010.12.07 15:05:00.497,0.82288,0.82308,3.30,1.50
2010.12.07 15:05:00.617,0.8229,0.82311,2.80,1.50
2010.12.07 15:05:00.734,0.82293,0.82311,2.30,1.50
2010.12.07 15:05:01.264,0.82293,0.82314,2.60,4.90
2010.12.07 15:05:01.402,0.82302,0.82321,2.30,1.50
2010.12.07 15:05:01.523,0.82302,0.82323,2.30,4.50
2010.12.07 15:05:02.326,0.82306,0.82327,1.90,1.50
2010.12.07 15:05:03.264,0.82306,0.82328,1.90,1.50
2010.12.07 15:05:04.211,0.82315,0.82333,2.30,2.70
2010.12.07 15:05:04.332,0.82311,0.82333,1.90,2.70
2010.12.07 15:05:05.029,0.82311,0.8233,2.50,2.70
2010.12.07 15:05:05.551,0.82316,0.82329,2.30,2.70
2010.12.07 15:05:05.786,0.82311,0.82332,2.60,3.00
2010.12.07 15:05:06.428,0.82309,0.8233,3.00,1.50
2010.12.07 15:05:06.544,0.82309,0.8233,2.30,1.50
2010.12.07 15:05:07.882,0.8231,0.8233,1.50,1.50
2010.12.07 15:05:08.585,0.8231,0.8233,2.30,1.50
2010.12.07 15:05:09.748,0.82317,0.82335,3.40,1.50
2010.12.07 15:05:10.396,0.82317,0.82339,1.50,3.80
2010.12.07 15:05:10.575,0.82318,0.82338,3.20,1.50
2010.12.07 15:05:11.248,0.82323,0.82338,1.90,1.50
2010.12.07 15:05:11.377,0.82321,0.82342,3.80,1.90
2010.12.07 15:05:13.370,0.82321,0.8234,1.90,3.80
2010.12.07 15:05:13.491,0.82319,0.82339,1.90,1.50
2010.12.07 15:05:14.866,0.82317,0.82336,1.50,1.50
2010.12.07 15:05:16.933,0.82316,0.82336,1.60,1.50
2010.12.07 15:05:18.276,0.82315,0.82336,2.10,1.50
2010.12.07 15:05:18.504,0.82316,0.82338,3.10,1.50
2010.12.07 15:05:20.023,0.82317,0.82336,1.50,3.80
2010.12.07 15:05:20.899,0.82313,0.82334,2.80,3.00
2010.12.07 15:05:21.232,0.82316,0.82334,1.50,1.50
2010.12.07 15:05:22.100,0.82316,0.82336,1.50,1.50
2010.12.07 15:05:22.967,0.82315,0.82338,5.60,1.50
2010.12.07 15:05:23.099,0.82328,0.82349,4.50,1.50
2010.12.07 15:05:23.803,0.82329,0.82347,1.90,1.50
2010.12.07 15:05:23.917,0.82323,0.82347,3.00,3.40
2010.12.07 15:05:24.144,0.82323,0.82343,3.00,1.50
2010.12.07 15:05:24.252,0.82323,0.82344,1.90,1.50
2010.12.07 15:05:24.850,0.82327,0.82349,2.30,5.30
2010.12.07 15:05:25.752,0.82324,0.82346,1.10,3.00
2010.12.07 15:05:26.667,0.82327,0.82343,1.10,1.50
2010.12.07 15:05:27.286,0.82321,0.82343,1.10,3.00
2010.12.07 15:05:31.725,0.82321,0.82343,5.10,3.00
2010.12.07 15:05:32.395,0.82326,0.82343,1.90,1.50
2010.12.07 15:05:32.514,0.82327,0.82346,1.10,2.70
2010.12.07 15:05:33.052,0.82326,0.82344,1.90,3.40
2010.12.07 15:05:33.182,0.82324,0.82344,1.10,4.20
2010.12.07 15:05:34.072,0.8233,0.82351,3.80,2.70
2010.12.07 15:05:34.593,0.82334,0.82351,2.60,1.90
2010.12.07 15:05:34.711,0.82337,0.82356,1.90,1.50
2010.12.07 15:05:35.460,0.82334,0.82355,2.60,1.50
2010.12.07 15:05:37.153,0.82335,0.82353,1.10,1.50
2010.12.07 15:05:37.595,0.82335,0.82357,1.50,2.70
2010.12.07 15:05:38.153,0.82335,0.82357,1.10,2.70
2010.12.07 15:05:40.112,0.82336,0.82355,1.90,2.30
2010.12.07 15:05:40.673,0.82335,0.82354,1.10,1.50
2010.12.07 15:05:41.883,0.82331,0.82354,2.60,4.20
2010.12.07 15:05:42.114,0.82331,0.82351,1.90,1.90
2010.12.07 15:05:42.808,0.82327,0.82348,2.00,2.70
2010.12.07 15:05:42.930,0.82327,0.82349,3.60,3.40
2010.12.07 15:05:43.751,0.82327,0.82347,3.60,1.90
2010.12.07 15:05:46.291,0.8233,0.82347,1.10,1.90
2010.12.07 15:05:46.407,0.8233,0.82351,1.10,1.70
2010.12.07 15:05:47.179,0.8233,0.82352,1.10,3.40
2010.12.07 15:05:48.330,0.82332,0.82352,1.70,2.70
2010.12.07 15:05:48.449,0.82337,0.82358,2.30,2.70
2010.12.07 15:05:49.081,0.82337,0.8236,3.40,1.50
2010.12.07 15:05:49.891,0.82342,0.82361,2.60,1.50
2010.12.07 15:05:50.734,0.82346,0.82365,1.50,3.40
2010.12.07 15:05:50.902,0.82341,0.82363,2.60,4.90
2010.12.07 15:05:51.884,0.82341,0.82363,1.10,4.90
2010.12.07 15:05:52.945,0.82335,0.82356,2.60,3.20
2010.12.07 15:05:54.820,0.82339,0.82356,1.50,2.70
2010.12.07 15:05:58.163,0.8234,0.82359,1.90,1.50
2010.12.07 15:05:58.842,0.82337,0.82357,2.30,3.00
2010.12.07 15:05:59.391,0.8234,0.82359,1.90,1.50
2010.12.07 15:06:00.364,0.82337,0.82351,1.50,1.20
2010.12.07 15:06:00.993,0.82328,0.8235,1.10,1.70
2010.12.07 15:06:01.718,0.82331,0.82352,4.50,1.50
2010.12.07 15:06:01.841,0.82333,0.82353,1.10,1.90
2010.12.07 15:06:02.402,0.82333,0.82355,1.10,5.30
2010.12.07 15:06:02.549,0.82333,0.82356,3.00,1.70
2010.12.07 15:06:03.144,0.82333,0.82351,1.90,1.70
2010.12.07 15:06:03.261,0.82327,0.82349,2.30,2.30
2010.12.07 15:06:04.171,0.82328,0.82352,2.30,1.70
2010.12.07 15:06:04.727,0.8233,0.82351,2.10,2.70
2010.12.07 15:06:04.851,0.82327,0.82347,1.90,6.20
2010.12.07 15:06:04.967,0.82327,0.82347,1.90,3.80
2010.12.07 15:06:05.589,0.82322,0.82341,1.90,1.50
2010.12.07 15:06:05.816,0.82321,0.82344,1.30,3.00
2010.12.07 15:06:06.378,0.82322,0.82344,3.00,3.00
2010.12.07 15:06:07.293,0.82324,0.82344,1.10,1.50
2010.12.07 15:06:08.232,0.82326,0.82347,4.20,1.50
2010.12.07 15:06:08.343,0.82327,0.82347,1.10,1.50
2010.12.07 15:06:08.569,0.82325,0.82345,1.90,2.10
2010.12.07 15:06:09.160,0.82326,0.82345,1.50,1.50
2010.12.07 15:06:09.982,0.82329,0.8235,2.30,1.50
2010.12.07 15:06:10.099,0.82337,0.8235,1.50,1.50
2010.12.07 15:06:10.214,0.82329,0.82351,2.30,1.70
2010.12.07 15:06:10.841,0.82333,0.8235,2.60,1.50
2010.12.07 15:06:11.173,0.82333,0.8235,2.60,1.50
2010.12.07 15:06:11.396,0.82337,0.82354,1.50,1.50
2010.12.07 15:06:12.033,0.82337,0.82353,1.10,1.50
2010.12.07 15:06:12.157,0.82338,0.82358,2.30,3.00
2010.12.07 15:06:12.277,0.82338,0.82356,1.90,1.50
2010.12.07 15:06:12.894,0.82334,0.82356,1.10,1.50
2010.12.07 15:06:13.136,0.82337,0.82359,1.10,1.90
2010.12.07 15:06:13.821,0.8234,0.82359,1.50,1.90
2010.12.07 15:06:14.656,0.82354,0.82377,8.50,5.70
2010.12.07 15:06:14.786,0.82359,0.82377,1.90,4.60
2010.12.07 15:06:15.408,0.82357,0.82377,1.50,6.50
2010.12.07 15:06:16.267,0.82357,0.82377,1.50,4.60
2010.12.07 15:06:17.275,0.82358,0.82377,1.50,4.60
2010.12.07 15:06:17.509,0.82357,0.82376,1.90,3.10
2010.12.07 15:06:18.513,0.82354,0.82374,1.10,1.60
2010.12.07 15:06:19.789,0.82354,0.82373,2.30,1.60
2010.12.07 15:06:20.382,0.82352,0.82373,3.00,2.30
2010.12.07 15:06:20.622,0.82349,0.82369,2.30,1.60
2010.12.07 15:06:21.425,0.82351,0.82369,1.90,1.60
2010.12.07 15:06:21.566,0.82347,0.82369,3.00,1.60
2010.12.07 15:06:22.419,0.82347,0.82369,4.50,1.60
2010.12.07 15:06:23.675,0.82347,0.82369,2.60,3.50
2010.12.07 15:06:23.908,0.82347,0.82369,4.30,1.60
2010.12.07 15:06:24.569,0.82349,0.82368,1.10,2.00
2010.12.07 15:06:25.246,0.82346,0.82365,2.30,5.30
2010.12.07 15:06:25.443,0.82345,0.82362,2.30,1.50
2010.12.07 15:06:25.564,0.82346,0.82365,1.50,1.50
2010.12.07 15:06:26.183,0.82344,0.82364,2.60,2.30
2010.12.07 15:06:26.991,0.82343,0.8236,3.00,2.30
2010.12.07 15:06:27.168,0.8234,0.8236,3.80,1.50
2010.12.07 15:06:27.890,0.82338,0.8236,1.10,1.50
2010.12.07 15:06:29.052,0.82334,0.82354,1.10,2.70
2010.12.07 15:06:29.735,0.8233,0.82352,1.10,3.40
2010.12.07 15:06:30.491,0.8233,0.82351,1.10,1.50
2010.12.07 15:06:30.665,0.82326,0.8234,2.70,2.30
2010.12.07 15:06:31.167,0.82324,0.82348,4.70,2.70
2010.12.07 15:06:31.291,0.82329,0.82352,2.30,2.30
2010.12.07 15:06:31.955,0.82334,0.82353,1.90,3.00
2010.12.07 15:06:32.754,0.82331,0.82351,2.70,1.50
2010.12.07 15:06:33.614,0.82329,0.82351,3.00,1.50
2010.12.07 15:06:34.413,0.82329,0.82349,1.90,1.50
2010.12.07 15:06:34.755,0.82333,0.82352,2.30,3.80
2010.12.07 15:06:35.389,0.82327,0.82344,1.90,2.30
2010.12.07 15:06:35.507,0.82326,0.82344,1.10,2.30
2010.12.07 15:06:36.278,0.82323,0.82344,1.90,4.50
2010.12.07 15:06:36.937,0.82324,0.82344,1.50,4.50
2010.12.07 15:06:37.493,0.82324,0.82344,2.70,4.50
2010.12.07 15:06:37.609,0.82324,0.82344,3.80,4.50
2010.12.07 15:06:40.424,0.82322,0.82345,1.30,3.40
2010.12.07 15:06:41.861,0.82319,0.82341,1.10,3.00
2010.12.07 15:06:42.096,0.82317,0.8234,2.30,1.50
2010.12.07 15:06:42.570,0.82317,0.82338,2.30,1.50
2010.12.07 15:06:43.803,0.82322,0.82339,2.10,3.40
2010.12.07 15:06:43.939,0.82326,0.82343,2.50,1.50
2010.12.07 15:06:44.823,0.82326,0.82346,4.00,1.50
2010.12.07 15:06:45.200,0.82324,0.82343,2.30,2.50
2010.12.07 15:06:45.703,0.82322,0.82343,1.10,5.10
2010.12.07 15:06:45.939,0.82324,0.82343,2.10,1.50
2010.12.07 15:06:46.586,0.82327,0.82345,1.90,1.50
2010.12.07 15:06:46.707,0.82322,0.82345,2.50,1.50
2010.12.07 15:06:47.242,0.82327,0.82345,1.90,1.50
2010.12.07 15:06:48.718,0.82322,0.82343,3.00,2.30
2010.12.07 15:06:49.968,0.82322,0.82341,1.90,1.50
2010.12.07 15:06:50.118,0.82316,0.8234,6.20,2.30
2010.12.07 15:06:50.234,0.82316,0.82339,6.60,1.50
2010.12.07 15:06:50.567,0.8232,0.82342,1.10,1.70
2010.12.07 15:06:51.156,0.8232,0.8234,1.10,1.90
2010.12.07 15:06:51.798,0.82317,0.82337,2.30,1.10
2010.12.07 15:06:51.917,0.82314,0.82336,4.30,2.30
2010.12.07 15:06:52.037,0.82318,0.82336,3.80,2.30
2010.12.07 15:06:52.535,0.8232,0.82338,1.90,1.50
2010.12.07 15:06:52.712,0.82318,0.82342,3.00,1.50
2010.12.07 15:06:53.538,0.82322,0.82342,2.30,1.50
2010.12.07 15:06:54.293,0.8232,0.82343,3.00,3.80
2010.12.07 15:06:55.020,0.82321,0.82342,1.90,3.20
2010.12.07 15:06:55.784,0.82321,0.82339,1.90,1.50
2010.12.07 15:06:55.916,0.82317,0.82339,1.90,1.50
2010.12.07 15:06:57.187,0.82321,0.82341,1.90,1.50
2010.12.07 15:06:57.304,0.82319,0.82341,2.30,1.50
2010.12.07 15:06:58.492,0.82321,0.82341,1.10,2.30
2010.12.07 15:06:59.867,0.82328,0.82343,1.50,3.00
2010.12.07 15:06:59.993,0.82328,0.82343,2.30,2.30
2010.12.07 15:07:00.561,0.82331,0.82346,1.40,2.30
2010.12.07 15:07:01.141,0.82339,0.82362,3.00,1.60
2010.12.07 15:07:01.267,0.82343,0.82362,1.90,1.60
2010.12.07 15:07:01.849,0.82343,0.82362,1.90,1.60
2010.12.07 15:07:02.559,0.82341,0.82363,1.30,5.00
2010.12.07 15:07:02.897,0.82342,0.82363,1.90,3.10
2010.12.07 15:07:03.474,0.82342,0.82364,2.30,6.80
2010.12.07 15:07:03.584,0.82342,0.82364,2.30,6.80
2010.12.07 15:07:03.922,0.82348,0.82371,1.90,3.10
2010.12.07 15:07:04.715,0.8235,0.82371,2.30,3.10
2010.12.07 15:07:05.412,0.8235,0.82371,2.30,1.60
2010.12.07 15:07:06.645,0.82348,0.82368,1.10,7.60
2010.12.07 15:07:07.565,0.82348,0.82363,1.10,1.60
2010.12.07 15:07:08.351,0.82346,0.82363,1.10,1.60
2010.12.07 15:07:09.517,0.82347,0.82363,1.90,1.60
2010.12.07 15:07:10.343,0.82347,0.82363,1.90,1.60
2010.12.07 15:07:11.025,0.82347,0.82363,1.90,1.60
2010.12.07 15:07:11.259,0.82348,0.82369,2.70,2.90
2010.12.07 15:07:11.861,0.82346,0.82367,2.30,1.60
2010.12.07 15:07:12.056,0.82342,0.82359,1.90,1.20
2010.12.07 15:07:12.180,0.82339,0.82359,3.00,1.60
2010.12.07 15:07:13.383,0.82337,0.82359,1.90,1.60
2010.12.07 15:07:13.945,0.82341,0.82354,2.70,1.50
2010.12.07 15:07:14.876,0.82341,0.82359,2.70,1.60
2010.12.07 15:07:15.503,0.8234,0.82359,4.90,1.60
2010.12.07 15:07:16.241,0.82337,0.82351,1.50,1.40
2010.12.07 15:07:16.838,0.82337,0.82347,1.50,4.00
2010.12.07 15:07:16.981,0.82322,0.82343,1.10,1.50
2010.12.07 15:07:17.812,0.82326,0.82343,2.70,1.50
2010.12.07 15:07:18.038,0.82327,0.82348,2.70,3.20
2010.12.07 15:07:18.755,0.82328,0.82348,1.90,1.70
2010.12.07 15:07:18.880,0.82324,0.82344,1.10,4.70
2010.12.07 15:07:19.453,0.82326,0.82344,1.10,4.70
2010.12.07 15:07:21.305,0.82331,0.82348,1.90,1.50
2010.12.07 15:07:21.915,0.82333,0.82348,1.90,1.50
2010.12.07 15:07:22.611,0.82331,0.82348,1.90,3.00
2010.12.07 15:07:22.771,0.82331,0.82355,4.00,1.50
2010.12.07 15:07:23.351,0.82333,0.82354,1.70,1.90
2010.12.07 15:07:23.937,0.82341,0.82357,2.30,1.50
2010.12.07 15:07:24.657,0.82342,0.82353,2.70,2.30
2010.12.07 15:07:25.525,0.82339,0.82356,1.10,1.50
2010.12.07 15:07:25.647,0.8234,0.8236,2.30,1.70
2010.12.07 15:07:26.307,0.82339,0.82353,1.90,1.50
2010.12.07 15:07:26.425,0.82335,0.82353,1.90,1.50
2010.12.07 15:07:27.087,0.82333,0.82353,2.30,2.30
2010.12.07 15:07:27.983,0.82335,0.82353,1.10,2.30
2010.12.07 15:07:28.568,0.82334,0.82351,1.90,1.50
2010.12.07 15:07:28.702,0.82336,0.82356,1.50,3.00
2010.12.07 15:07:29.315,0.8233,0.8235,1.90,3.80
2010.12.07 15:07:31.583,0.82318,0.82337,1.10,1.50
2010.12.07 15:07:32.240,0.82322,0.82338,1.10,3.80
2010.12.07 15:07:32.372,0.82327,0.82347,1.10,1.90
2010.12.07 15:07:32.907,0.82327,0.82349,1.10,3.00
2010.12.07 15:07:33.085,0.82327,0.82345,1.10,1.50
2010.12.07 15:07:33.317,0.82326,0.82346,2.30,3.80
2010.12.07 15:07:34.125,0.82327,0.82345,1.50,1.50
2010.12.07 15:07:34.756,0.82319,0.82336,2.30,2.50
2010.12.07 15:07:35.635,0.82317,0.82337,1.10,1.50
2010.12.07 15:07:36.308,0.82319,0.82337,1.30,2.70
2010.12.07 15:07:36.437,0.82327,0.8234,2.50,2.70
2010.12.07 15:07:37.048,0.82331,0.8234,1.10,1.90
2010.12.07 15:07:37.619,0.82337,0.82349,1.90,1.90
2010.12.07 15:07:37.766,0.82346,0.8235,1.50,1.90
2010.12.07 15:07:37.890,0.82341,0.82361,1.30,1.90
2010.12.07 15:07:38.400,0.82341,0.82363,1.30,1.90
2010.12.07 15:07:39.353,0.82346,0.82368,1.90,1.50
2010.12.07 15:07:39.948,0.82346,0.82362,1.50,1.50
2010.12.07 15:07:40.101,0.82338,0.82357,1.10,2.30
2010.12.07 15:07:40.221,0.82338,0.82355,1.10,1.90
2010.12.07 15:07:40.739,0.82335,0.82353,1.30,1.90
2010.12.07 15:07:40.865,0.82341,0.82352,2.50,1.90
2010.12.07 15:07:41.615,0.82346,0.82362,1.50,4.90
2010.12.07 15:07:41.733,0.82342,0.82362,1.10,4.90
2010.12.07 15:07:42.624,0.82342,0.82362,1.10,3.00
2010.12.07 15:07:49.293,0.82342,0.82363,2.30,3.80
2010.12.07 15:07:50.236,0.82344,0.82363,1.10,1.50
2010.12.07 15:07:50.992,0.82343,0.82363,1.10,2.50
2010.12.07 15:07:52.175,0.82343,0.82365,1.10,2.30
2010.12.07 15:07:53.673,0.82345,0.82364,1.10,2.30
2010.12.07 15:07:54.416,0.82349,0.82367,2.60,1.90
2010.12.07 15:07:55.149,0.82349,0.82372,4.50,1.50
2010.12.07 15:07:55.263,0.82349,0.82368,4.50,1.50
2010.12.07 15:07:55.487,0.82351,0.82371,1.90,2.30
2010.12.07 15:07:57.225,0.82348,0.8237,2.30,3.00
2010.12.07 15:07:58.033,0.82349,0.82369,2.30,1.50
2010.12.07 15:07:58.144,0.82349,0.82371,2.30,4.00
2010.12.07 15:07:58.364,0.82349,0.82371,3.00,4.00
2010.12.07 15:07:59.425,0.8235,0.82373,1.10,4.20
2010.12.07 15:08:01.955,0.82351,0.82373,2.60,3.80
2010.12.07 15:08:03.177,0.82354,0.82372,1.90,1.50
2010.12.07 15:08:03.819,0.82359,0.82373,1.90,1.50
2010.12.07 15:08:03.937,0.82357,0.82374,1.90,3.00
2010.12.07 15:08:04.954,0.82357,0.82373,3.80,1.50
2010.12.07 15:08:05.936,0.82356,0.8237,2.30,1.50
2010.12.07 15:08:06.085,0.82358,0.82373,1.90,1.50
2010.12.07 15:08:06.423,0.82354,0.82373,3.00,1.50
2010.12.07 15:08:06.645,0.82357,0.82373,1.10,1.50
2010.12.07 15:08:08.163,0.82357,0.82374,2.60,1.50
2010.12.07 15:08:08.305,0.82357,0.82376,2.60,3.80
2010.12.07 15:08:09.496,0.82358,0.82377,1.50,2.30
2010.12.07 15:08:10.439,0.82365,0.82377,2.80,3.00
2010.12.07 15:08:10.971,0.82369,0.82385,2.30,3.00
2010.12.07 15:08:11.097,0.82373,0.82391,1.90,1.50
2010.12.07 15:08:12.108,0.82371,0.82391,2.30,1.50
2010.12.07 15:08:12.449,0.8237,0.82387,3.00,1.50
2010.12.07 15:08:13.612,0.8237,0.82392,3.00,2.30
2010.12.07 15:08:13.833,0.8237,0.8239,3.00,1.50
2010.12.07 15:08:13.944,0.8237,0.82392,3.00,2.30
2010.12.07 15:08:14.057,0.82374,0.82393,2.30,2.30
2010.12.07 15:08:14.634,0.8237,0.82392,1.10,2.30
2010.12.07 15:08:16.469,0.82372,0.8239,2.30,1.50
2010.12.07 15:08:16.913,0.82376,0.8239,1.50,1.50
2010.12.07 15:08:17.794,0.82366,0.82389,6.80,2.30
2010.12.07 15:08:18.843,0.82372,0.82391,2.30,2.30
2010.12.07 15:08:19.022,0.82372,0.82391,2.30,2.30
2010.12.07 15:08:19.685,0.82374,0.82391,1.90,2.30
2010.12.07 15:08:20.581,0.8238,0.824,2.30,1.50
2010.12.07 15:08:23.221,0.82377,0.82398,2.60,2.30
2010.12.07 15:08:23.674,0.82376,0.82397,1.90,4.50
2010.12.07 15:08:24.336,0.82377,0.82397,1.90,4.50
2010.12.07 15:08:24.912,0.82378,0.82397,1.10,1.50
2010.12.07 15:08:25.255,0.82373,0.82395,1.10,3.00
2010.12.07 15:08:25.883,0.82377,0.82395,1.50,5.70
2010.12.07 15:08:26.860,0.82373,0.82393,1.10,3.60
2010.12.07 15:08:27.638,0.82377,0.82396,1.50,1.50
2010.12.07 15:08:28.580,0.82376,0.82394,2.60,2.30
2010.12.07 15:08:28.737,0.82381,0.82399,1.90,1.50
2010.12.07 15:08:29.457,0.82378,0.82397,1.90,2.30
2010.12.07 15:08:29.582,0.82378,0.82393,1.90,1.50
2010.12.07 15:08:30.116,0.82376,0.82393,1.50,1.50
2010.12.07 15:08:30.294,0.82373,0.82388,2.30,1.70
2010.12.07 15:08:30.415,0.82366,0.82386,3.80,4.00
2010.12.07 15:08:30.995,0.82365,0.82386,4.50,1.50
2010.12.07 15:08:32.117,0.82367,0.82385,1.90,2.30
2010.12.07 15:08:32.675,0.82367,0.82389,2.30,3.00
2010.12.07 15:08:32.800,0.82369,0.82389,1.90,3.00
2010.12.07 15:08:33.476,0.82373,0.82391,2.30,3.00
2010.12.07 15:08:33.597,0.82373,0.82391,2.60,1.50
2010.12.07 15:08:34.429,0.82373,0.82393,2.60,1.50
2010.12.07 15:08:34.999,0.82373,0.8239,2.60,1.50
2010.12.07 15:08:35.481,0.82373,0.8239,2.60,1.70
2010.12.07 15:08:35.714,0.82367,0.82387,2.70,1.50
2010.12.07 15:08:35.944,0.82366,0.82384,1.90,1.50
2010.12.07 15:08:36.066,0.82364,0.82384,2.60,4.00
2010.12.07 15:08:36.602,0.82364,0.8238,2.30,2.30
2010.12.07 15:08:36.723,0.8236,0.82381,2.30,1.50
2010.12.07 15:08:36.837,0.8236,0.82378,1.90,1.50
2010.12.07 15:08:37.513,0.82361,0.82378,1.90,1.50
2010.12.07 15:08:38.558,0.8236,0.8238,2.30,2.30
2010.12.07 15:08:39.438,0.82364,0.82381,1.90,3.00
2010.12.07 15:08:40.221,0.82365,0.82381,1.90,1.50
2010.12.07 15:08:43.944,0.82365,0.82384,1.90,3.00
2010.12.07 15:08:44.055,0.82365,0.82385,1.90,3.80
2010.12.07 15:08:44.176,0.82367,0.82386,1.90,3.00
2010.12.07 15:08:44.961,0.82367,0.82385,1.90,2.30
2010.12.07 15:08:45.814,0.82367,0.82386,1.90,3.00
2010.12.07 15:08:45.964,0.82367,0.82382,1.90,2.50
2010.12.07 15:08:46.766,0.82361,0.82379,1.90,1.50
2010.12.07 15:08:48.413,0.82362,0.82383,2.80,2.30
2010.12.07 15:08:49.058,0.82374,0.82391,1.90,2.70
2010.12.07 15:08:49.928,0.82371,0.8239,1.10,1.50
2010.12.07 15:08:50.288,0.82369,0.82391,1.30,3.00
2010.12.07 15:08:50.406,0.82371,0.82391,2.30,1.50
2010.12.07 15:08:51.019,0.82376,0.82392,1.50,2.30
2010.12.07 15:08:51.414,0.82376,0.82392,1.50,3.00
2010.12.07 15:08:51.753,0.82368,0.8239,3.20,2.30
2010.12.07 15:08:52.464,0.82371,0.82389,1.90,1.50
2010.12.07 15:08:52.588,0.82377,0.82389,1.50,1.50
2010.12.07 15:08:53.840,0.82377,0.82389,1.50,2.30
2010.12.07 15:08:53.977,0.8237,0.82384,1.90,3.80
2010.12.07 15:08:54.540,0.82366,0.82382,1.50,2.30
2010.12.07 15:08:54.884,0.82361,0.82382,2.30,2.30
2010.12.07 15:08:55.676,0.82367,0.82382,1.50,2.30
2010.12.07 15:08:56.602,0.8236,0.82382,2.30,2.30
2010.12.07 15:08:57.365,0.82362,0.82383,3.00,3.00
2010.12.07 15:08:59.673,0.82362,0.8238,3.00,2.30
2010.12.07 15:09:01.541,0.82364,0.82383,1.90,3.00
2010.12.07 15:09:03.559,0.82366,0.82383,1.90,3.00
2010.12.07 15:09:03.786,0.82371,0.82389,1.90,2.30
2010.12.07 15:09:04.127,0.82369,0.82388,2.30,1.90
2010.12.07 15:09:04.631,0.82369,0.82386,1.90,1.50
2010.12.07 15:09:05.478,0.82369,0.82384,1.90,1.70
2010.12.07 15:09:05.706,0.82366,0.8238,1.90,2.30
2010.12.07 15:09:06.581,0.82364,0.82379,1.90,1.50
2010.12.07 15:09:07.362,0.82361,0.82367,1.90,1.50
2010.12.07 15:09:08.060,0.8235,0.82367,3.00,1.50
2010.12.07 15:09:09.054,0.8235,0.82368,3.00,1.50
2010.12.07 15:09:09.277,0.82349,0.82368,1.10,2.30
2010.12.07 15:09:09.845,0.82347,0.82364,1.50,1.70
2010.12.07 15:09:10.583,0.82345,0.82363,1.90,2.30
2010.12.07 15:09:11.686,0.82346,0.82363,1.10,1.50
2010.12.07 15:09:14.491,0.82346,0.82359,1.10,1.50
2010.12.07 15:09:15.110,0.82337,0.82355,3.40,1.50
2010.12.07 15:09:15.978,0.82334,0.82351,1.10,1.50
2010.12.07 15:09:16.104,0.82337,0.82354,1.50,1.50
2010.12.07 15:09:16.436,0.82338,0.82356,2.30,2.30
2010.12.07 15:09:16.994,0.82338,0.82354,2.30,1.50
2010.12.07 15:09:17.133,0.82336,0.82353,1.90,1.50
2010.12.07 15:09:17.464,0.82337,0.82355,1.50,1.50
2010.12.07 15:09:18.176,0.82337,0.82353,1.50,1.50
2010.12.07 15:09:19.142,0.82334,0.82354,2.30,2.30
2010.12.07 15:09:19.992,0.82331,0.82345,1.10,1.50
2010.12.07 15:09:20.904,0.82337,0.82348,1.50,1.50
2010.12.07 15:09:21.972,0.82337,0.82345,1.50,1.50
2010.12.07 15:09:23.089,0.82337,0.82345,1.50,1.50
2010.12.07 15:09:23.759,0.82328,0.82337,2.30,1.50
2010.12.07 15:09:23.948,0.82325,0.82334,1.90,1.50
2010.12.07 15:09:24.068,0.82321,0.82337,1.90,2.30
2010.12.07 15:09:24.662,0.8232,0.82338,1.10,1.50
2010.12.07 15:09:25.591,0.82316,0.8234,1.10,1.50
2010.12.07 15:09:26.767,0.82318,0.82338,2.30,1.50
2010.12.07 15:09:26.884,0.82317,0.82332,3.80,1.50
2010.12.07 15:09:27.526,0.82317,0.82339,3.80,1.50
2010.12.07 15:09:27.664,0.82317,0.82336,2.30,1.50
2010.12.07 15:09:27.792,0.82317,0.82339,2.30,1.50
2010.12.07 15:09:28.826,0.8232,0.82339,1.10,1.50
2010.12.07 15:09:29.168,0.8232,0.82334,1.10,1.50
2010.12.07 15:09:29.773,0.82315,0.82331,1.10,1.50
2010.12.07 15:09:30.645,0.82316,0.82329,1.50,1.50
2010.12.07 15:09:31.346,0.82316,0.82329,1.50,1.50
2010.12.07 15:09:31.503,0.82308,0.82322,1.90,1.50
2010.12.07 15:09:32.043,0.82302,0.82321,1.90,1.50
2010.12.07 15:09:32.158,0.82298,0.82315,1.90,1.50
2010.12.07 15:09:32.387,0.82294,0.82313,1.90,1.50
2010.12.07 15:09:32.920,0.82294,0.8231,1.90,1.50
2010.12.07 15:09:33.837,0.82288,0.82304,1.30,1.50
2010.12.07 15:09:33.968,0.82291,0.82308,1.10,1.50
2010.12.07 15:09:34.084,0.82291,0.82306,1.10,1.50
2010.12.07 15:09:34.810,0.82297,0.82313,1.50,1.50
2010.12.07 15:09:34.936,0.82297,0.82315,1.50,1.50
2010.12.07 15:09:35.060,0.82297,0.82313,1.50,1.50
2010.12.07 15:09:35.655,0.82294,0.82314,3.00,3.00
2010.12.07 15:09:36.533,0.82296,0.82316,3.40,2.30
2010.12.07 15:09:36.650,0.823,0.82316,1.90,2.30
2010.12.07 15:09:36.764,0.82298,0.82316,2.70,2.30
2010.12.07 15:09:36.876,0.82298,0.82316,3.00,1.50
2010.12.07 15:09:37.499,0.82298,0.82314,2.70,1.50
2010.12.07 15:09:37.845,0.82297,0.82309,1.90,1.50
2010.12.07 15:09:38.079,0.82297,0.82313,1.50,2.30
2010.12.07 15:09:38.680,0.82292,0.8231,3.00,1.50
2010.12.07 15:09:39.549,0.82288,0.82306,3.00,1.50
2010.12.07 15:09:39.667,0.82288,0.82302,2.70,1.50
2010.12.07 15:09:40.183,0.82288,0.82304,2.70,1.50
2010.12.07 15:09:40.520,0.82291,0.82304,1.90,1.50
2010.12.07 15:09:40.640,0.82291,0.82306,1.90,2.30
2010.12.07 15:09:41.450,0.82289,0.82306,1.90,2.30
2010.12.07 15:09:41.568,0.82286,0.82305,2.30,2.30
2010.12.07 15:09:42.247,0.82288,0.82303,1.90,1.50
2010.12.07 15:09:43.144,0.82289,0.82303,1.90,1.50
2010.12.07 15:09:43.845,0.82286,0.82298,1.90,2.30
2010.12.07 15:09:43.972,0.82278,0.82297,1.90,1.50
2010.12.07 15:09:44.644,0.82279,0.82294,1.90,2.30
2010.12.07 15:09:45.463,0.82273,0.82293,3.00,2.10
2010.12.07 15:09:45.582,0.82272,0.82294,2.30,1.50
2010.12.07 15:09:45.696,0.82274,0.82289,1.90,1.50
2010.12.07 15:09:46.357,0.82277,0.82292,1.90,2.30
2010.12.07 15:09:47.292,0.82273,0.82289,1.90,1.50
2010.12.07 15:09:48.030,0.82271,0.82287,1.90,1.50
2010.12.07 15:09:48.804,0.82265,0.82283,1.30,6.90
2010.12.07 15:09:49.588,0.82269,0.82286,3.40,1.50
2010.12.07 15:09:49.719,0.82269,0.82291,3.40,3.00
2010.12.07 15:09:50.377,0.82269,0.82288,3.40,1.50
2010.12.07 15:09:51.106,0.82269,0.82286,3.40,1.50
2010.12.07 15:09:51.230,0.82272,0.82289,1.10,1.50
2010.12.07 15:09:51.352,0.82277,0.82289,1.50,1.50
2010.12.07 15:09:51.922,0.82273,0.82291,3.20,1.50
2010.12.07 15:09:52.526,0.82276,0.82294,2.30,1.50
2010.12.07 15:09:52.770,0.82273,0.82295,3.20,3.80
2010.12.07 15:09:53.407,0.8227,0.82291,2.60,2.30
2010.12.07 15:09:54.283,0.82266,0.82281,1.10,1.50
2010.12.07 15:09:54.822,0.82262,0.82281,2.30,1.50
2010.12.07 15:09:54.939,0.82261,0.8228,1.90,3.00
2010.12.07 15:09:55.743,0.82264,0.82282,1.90,2.30
2010.12.07 15:09:56.461,0.82269,0.82284,2.30,1.50
2010.12.07 15:09:56.994,0.82269,0.82287,4.20,1.50
2010.12.07 15:09:57.112,0.8227,0.82287,2.30,2.30
2010.12.07 15:09:57.247,0.8227,0.82291,2.30,2.30
2010.12.07 15:09:57.696,0.8227,0.82286,2.30,1.50
2010.12.07 15:09:57.824,0.8227,0.82289,2.60,2.30
2010.12.07 15:09:57.941,0.8227,0.82289,3.40,1.50
2010.12.07 15:09:58.685,0.8227,0.8229,5.30,1.50
2010.12.07 15:09:59.386,0.8227,0.82291,5.30,1.50
2010.12.07 15:10:00.099,0.82271,0.82292,2.30,2.30
2010.12.07 15:10:02.192,0.82273,0.82292,3.00,1.50
2010.12.07 15:10:02.422,0.82273,0.82293,3.00,3.00
2010.12.07 15:10:03.315,0.82274,0.82296,4.10,1.50
2010.12.07 15:10:03.546,0.82275,0.82297,2.30,3.00
2010.12.07 15:10:04.104,0.82277,0.82294,2.30,1.50
2010.12.07 15:10:04.338,0.82277,0.82298,2.30,2.30
2010.12.07 15:10:04.986,0.8228,0.82298,3.00,1.50
2010.12.07 15:10:05.111,0.82282,0.82302,1.90,3.00
2010.12.07 15:10:05.746,0.8228,0.82302,1.10,1.50
2010.12.07 15:10:05.869,0.82279,0.82299,1.90,1.50
2010.12.07 15:10:06.386,0.82279,0.82295,1.90,1.70
2010.12.07 15:10:06.581,0.82276,0.82294,1.30,1.90
2010.12.07 15:10:07.180,0.82285,0.82303,1.10,2.30
2010.12.07 15:10:08.359,0.82288,0.82305,2.30,3.00
2010.12.07 15:10:09.389,0.82288,0.82304,2.30,1.50
2010.12.07 15:10:10.176,0.82287,0.82305,2.80,2.30
2010.12.07 15:10:10.909,0.82289,0.82305,1.90,1.50
2010.12.07 15:10:12.241,0.82287,0.82307,6.20,2.30
2010.12.07 15:10:12.909,0.82292,0.82308,2.30,1.50
2010.12.07 15:10:13.037,0.82288,0.82307,3.60,1.50
2010.12.07 15:10:14.029,0.82288,0.82305,1.10,1.50
2010.12.07 15:10:14.147,0.82288,0.82303,1.10,1.50
2010.12.07 15:10:14.709,0.8229,0.82303,2.30,1.50
2010.12.07 15:10:14.860,0.82291,0.82307,2.30,1.50
2010.12.07 15:10:14.973,0.82291,0.82311,2.30,2.30
2010.12.07 15:10:15.649,0.82288,0.82309,2.30,1.50
2010.12.07 15:10:15.874,0.82288,0.82309,2.30,1.50
2010.12.07 15:10:16.701,0.82289,0.82309,1.10,1.50
2010.12.07 15:10:17.494,0.82289,0.82307,3.40,1.50
2010.12.07 15:10:17.667,0.82289,0.8231,1.10,2.30
2010.12.07 15:10:17.793,0.82289,0.82307,1.10,1.50
2010.12.07 15:10:18.352,0.82289,0.82309,1.10,1.50
2010.12.07 15:10:19.233,0.82289,0.82301,1.10,3.40
2010.12.07 15:10:19.430,0.82279,0.82298,2.10,2.30
2010.12.07 15:10:19.557,0.82282,0.82302,1.90,1.50
2010.12.07 15:10:20.115,0.82286,0.82306,2.30,2.30
2010.12.07 15:10:20.984,0.82285,0.82304,1.10,1.50
2010.12.07 15:10:21.872,0.8228,0.82301,1.10,1.50
2010.12.07 15:10:22.831,0.82281,0.82298,1.10,1.50
2010.12.07 15:10:23.719,0.82277,0.82296,2.70,2.50
2010.12.07 15:10:24.593,0.82276,0.82295,2.30,2.30
2010.12.07 15:10:25.624,0.82272,0.82294,1.10,4.40
2010.12.07 15:10:26.208,0.82272,0.82291,1.10,2.30
2010.12.07 15:10:26.337,0.82267,0.82286,1.10,1.90
2010.12.07 15:10:27.015,0.82267,0.82287,2.30,1.70
2010.12.07 15:10:27.134,0.82267,0.82283,1.90,1.50
2010.12.07 15:10:27.662,0.82261,0.82283,3.00,3.00
2010.12.07 15:10:29.345,0.82261,0.8228,1.10,1.50
2010.12.07 15:10:31.037,0.82259,0.82281,1.90,1.50
2010.12.07 15:10:31.400,0.82254,0.82275,1.10,1.90
2010.12.07 15:10:31.924,0.82254,0.82275,1.10,1.90
2010.12.07 15:10:32.769,0.82255,0.82275,2.80,1.50
2010.12.07 15:10:33.422,0.82254,0.82271,1.10,1.90
2010.12.07 15:10:33.655,0.82247,0.82267,2.60,1.90
2010.12.07 15:10:34.251,0.82248,0.82273,3.00,2.70
2010.12.07 15:10:34.364,0.82251,0.82273,1.10,4.50
2010.12.07 15:10:35.244,0.82256,0.82272,1.50,1.50
2010.12.07 15:10:36.028,0.82249,0.82264,1.10,1.90
2010.12.07 15:10:36.148,0.82249,0.82266,1.10,1.90
2010.12.07 15:10:36.684,0.82249,0.8227,1.10,3.20
2010.12.07 15:10:36.834,0.82253,0.82273,1.10,2.30
2010.12.07 15:10:37.600,0.82261,0.8228,3.20,1.50
2010.12.07 15:10:37.721,0.82266,0.82282,1.10,1.50
2010.12.07 15:10:38.188,0.82266,0.82282,2.10,1.50
2010.12.07 15:10:38.314,0.82265,0.82288,2.70,2.40
2010.12.07 15:10:38.424,0.82266,0.82288,2.70,3.10
2010.12.07 15:10:39.071,0.82267,0.82286,1.90,1.50
2010.12.07 15:10:39.206,0.82264,0.82286,2.30,1.50
2010.12.07 15:10:40.054,0.82263,0.82283,1.90,1.50
2010.12.07 15:10:40.929,0.82266,0.82284,1.90,1.50
2010.12.07 15:10:41.845,0.82264,0.82286,3.00,1.50
2010.12.07 15:10:42.674,0.82266,0.82283,1.90,1.50
2010.12.07 15:10:43.538,0.82267,0.82283,1.90,1.50
2010.12.07 15:10:43.777,0.8227,0.8229,1.10,1.50
2010.12.07 15:10:45.565,0.82274,0.82293,2.30,1.50
2010.12.07 15:10:45.677,0.82272,0.82293,1.10,3.40
2010.12.07 15:10:46.546,0.82272,0.82293,1.10,4.60
2010.12.07 15:10:47.313,0.82277,0.82295,2.30,2.30
2010.12.07 15:10:48.130,0.82276,0.82291,1.90,1.50
2010.12.07 15:10:48.259,0.82269,0.82291,1.10,1.50
2010.12.07 15:10:49.214,0.82273,0.82292,1.10,1.50
2010.12.07 15:10:49.348,0.82276,0.82298,3.20,2.30
2010.12.07 15:10:49.576,0.8228,0.82299,3.00,1.50
2010.12.07 15:10:50.082,0.82282,0.82299,1.90,1.50
2010.12.07 15:10:50.203,0.82283,0.82306,3.00,1.50
2010.12.07 15:10:50.427,0.82282,0.82305,3.00,2.30
2010.12.07 15:10:51.133,0.82283,0.82303,2.30,1.50
2010.12.07 15:10:51.857,0.82272,0.82294,2.30,5.30
2010.12.07 15:10:52.002,0.82269,0.82292,1.10,3.40
2010.12.07 15:10:52.916,0.82271,0.82292,3.00,1.50
2010.12.07 15:10:53.596,0.82276,0.82297,2.60,3.00
2010.12.07 15:10:54.627,0.82276,0.82294,3.80,1.50
2010.12.07 15:10:55.178,0.82274,0.82293,2.30,3.00
2010.12.07 15:10:55.313,0.82275,0.82296,2.30,2.70
2010.12.07 15:10:56.327,0.82276,0.82293,1.10,1.90
2010.12.07 15:10:57.008,0.82275,0.82297,2.30,1.70
2010.12.07 15:10:58.005,0.82276,0.82294,6.20,2.30
2010.12.07 15:10:58.705,0.82278,0.823,2.30,1.50
2010.12.07 15:10:59.506,0.82285,0.823,2.30,1.50
2010.12.07 15:10:59.630,0.82276,0.82299,1.90,1.70
2010.12.07 15:11:00.325,0.82276,0.82297,3.80,1.50
2010.12.07 15:11:01.605,0.82275,0.82298,1.90,1.70
2010.12.07 15:11:02.169,0.82275,0.82294,1.90,1.50
2010.12.07 15:11:02.340,0.82271,0.82292,2.30,1.50
2010.12.07 15:11:03.315,0.82273,0.82292,2.70,1.50
2010.12.07 15:11:04.220,0.82272,0.82292,2.30,1.50
2010.12.07 15:11:04.348,0.82288,0.82305,2.30,2.30
2010.12.07 15:11:05.055,0.82288,0.82309,1.10,1.50
2010.12.07 15:11:06.916,0.82289,0.82309,1.50,3.00
2010.12.07 15:11:07.103,0.82294,0.82313,3.80,2.30
2010.12.07 15:11:07.446,0.82297,0.82317,1.10,2.30
2010.12.07 15:11:08.019,0.82297,0.82314,1.10,1.50
2010.12.07 15:11:09.188,0.823,0.82314,2.30,1.50
2010.12.07 15:11:09.890,0.823,0.82319,1.10,1.50
2010.12.07 15:11:11.761,0.82318,0.82322,1.90,3.00
2010.12.07 15:11:11.991,0.82307,0.82324,4.40,1.50
2010.12.07 15:11:12.540,0.82307,0.82328,5.50,2.30
2010.12.07 15:11:12.682,0.82311,0.82332,2.30,5.30
2010.12.07 15:11:13.609,0.82314,0.82334,1.10,2.30
2010.12.07 15:11:14.395,0.82316,0.82336,2.60,2.30
2010.12.07 15:11:14.516,0.82318,0.82336,1.10,1.50
2010.12.07 15:11:15.419,0.82318,0.8234,1.10,3.40
2010.12.07 15:11:16.189,0.82318,0.82338,1.10,1.50
2010.12.07 15:11:16.836,0.82319,0.82336,1.90,4.00
2010.12.07 15:11:17.485,0.8231,0.8233,1.90,2.30
2010.12.07 15:11:18.152,0.8231,0.8233,1.90,3.20
2010.12.07 15:11:18.773,0.82313,0.82331,1.10,1.90
2010.12.07 15:11:19.427,0.82313,0.82333,1.10,3.00
2010.12.07 15:11:19.550,0.82315,0.82333,1.10,1.50
2010.12.07 15:11:19.786,0.82315,0.82338,1.10,2.70
2010.12.07 15:11:20.673,0.82323,0.82339,2.30,1.50
2010.12.07 15:11:20.894,0.82323,0.82342,2.30,1.50
2010.12.07 15:11:21.444,0.82325,0.82342,1.10,1.50
2010.12.07 15:11:21.628,0.82326,0.82344,2.60,4.50
2010.12.07 15:11:22.192,0.82326,0.82349,1.30,2.30
2010.12.07 15:11:22.349,0.82327,0.82348,1.90,1.50
2010.12.07 15:11:23.022,0.82326,0.82348,1.90,5.70
2010.12.07 15:11:23.200,0.82326,0.82348,4.10,2.30
2010.12.07 15:11:23.985,0.82328,0.8235,1.10,1.50
2010.12.07 15:11:27.043,0.82326,0.82348,1.90,1.50
2010.12.07 15:11:27.160,0.82326,0.82347,1.50,2.70
2010.12.07 15:11:30.337,0.82328,0.82347,2.30,1.50
2010.12.07 15:11:30.996,0.82334,0.82353,2.60,2.30
2010.12.07 15:11:31.163,0.82334,0.82356,1.10,3.80
2010.12.07 15:11:32.516,0.82331,0.82346,1.10,2.30
2010.12.07 15:11:33.234,0.82327,0.82344,3.00,4.50
2010.12.07 15:11:33.346,0.82322,0.82343,1.90,1.50
2010.12.07 15:11:33.936,0.82321,0.82337,2.30,2.30
2010.12.07 15:11:34.072,0.82329,0.82348,2.30,2.70
2010.12.07 15:11:34.894,0.82336,0.82352,1.50,1.50
2010.12.07 15:11:35.122,0.8233,0.82351,2.30,1.70
2010.12.07 15:11:35.770,0.82329,0.82351,3.00,1.50
2010.12.07 15:11:36.106,0.82329,0.82343,3.00,1.50
2010.12.07 15:11:36.618,0.82329,0.82351,3.00,1.50
2010.12.07 15:11:38.739,0.82332,0.82352,2.30,1.50
2010.12.07 15:11:39.532,0.82334,0.82352,2.30,1.50
2010.12.07 15:11:40.431,0.82334,0.82352,2.30,3.00
2010.12.07 15:11:41.347,0.82333,0.82352,2.30,1.50
2010.12.07 15:11:42.296,0.82331,0.82348,2.30,2.30
2010.12.07 15:11:43.110,0.82334,0.82351,1.90,2.30
2010.12.07 15:11:44.465,0.82332,0.82348,2.30,2.30
2010.12.07 15:11:45.076,0.82331,0.82351,1.10,2.30
2010.12.07 15:11:47.042,0.82333,0.82348,1.90,1.50
2010.12.07 15:11:47.931,0.82329,0.82348,1.10,1.50
2010.12.07 15:11:48.600,0.82329,0.82348,1.10,1.50
2010.12.07 15:11:48.828,0.82328,0.82346,3.00,2.30
2010.12.07 15:11:49.843,0.82324,0.82343,1.10,3.80
2010.12.07 15:11:50.639,0.82329,0.82345,2.30,1.50
2010.12.07 15:11:51.895,0.82329,0.82346,1.10,2.30
2010.12.07 15:11:52.564,0.82328,0.82346,3.40,1.50
2010.12.07 15:11:53.257,0.82327,0.82345,2.80,1.50
2010.12.07 15:11:53.791,0.82324,0.82344,2.90,1.50
2010.12.07 15:11:53.981,0.82325,0.82343,1.90,2.30
2010.12.07 15:11:54.680,0.82326,0.82343,1.90,2.30
2010.12.07 15:11:54.803,0.82324,0.82344,2.30,1.50
2010.12.07 15:11:54.917,0.82323,0.82344,2.10,1.50
2010.12.07 15:11:55.528,0.82327,0.82346,2.60,2.30
2010.12.07 15:11:55.646,0.82327,0.82346,3.60,3.00
2010.12.07 15:11:56.308,0.82332,0.82346,2.30,2.30
2010.12.07 15:11:56.549,0.82328,0.82346,1.90,3.00
2010.12.07 15:11:57.122,0.82328,0.82346,2.90,3.00
2010.12.07 15:11:57.246,0.82327,0.82346,2.80,2.30
2010.12.07 15:11:59.021,0.82327,0.82346,2.80,3.00
2010.12.07 15:11:59.133,0.82327,0.82343,2.80,1.50
2010.12.07 15:11:59.902,0.82327,0.82338,2.60,1.50
2010.12.07 15:12:00.657,0.82331,0.82345,1.90,2.30
2010.12.07 15:12:01.468,0.82327,0.82345,1.50,3.00
2010.12.07 15:12:01.915,0.82325,0.82344,2.10,2.30
2010.12.07 15:12:02.525,0.82322,0.82343,2.30,3.00
2010.12.07 15:12:03.485,0.82326,0.82342,1.90,2.30
2010.12.07 15:12:03.828,0.82321,0.82343,2.50,3.00
2010.12.07 15:12:04.414,0.82323,0.82343,2.70,2.30
2010.12.07 15:12:04.645,0.82323,0.82341,1.90,1.50
2010.12.07 15:12:05.248,0.82321,0.82341,1.90,1.50
2010.12.07 15:12:05.969,0.82321,0.82341,2.30,1.50
2010.12.07 15:12:06.545,0.82322,0.82341,1.90,3.00
2010.12.07 15:12:06.665,0.8232,0.82339,3.00,1.50
2010.12.07 15:12:07.719,0.82321,0.82339,1.90,1.50
2010.12.07 15:12:08.617,0.82316,0.82334,2.30,6.80
2010.12.07 15:12:08.955,0.82315,0.82333,2.70,1.50
2010.12.07 15:12:09.514,0.82316,0.82333,1.90,1.50
2010.12.07 15:12:10.959,0.82315,0.82333,2.70,3.00
2010.12.07 15:12:12.004,0.82318,0.82334,1.50,2.30
2010.12.07 15:12:13.067,0.82318,0.82334,2.30,2.30
2010.12.07 15:12:14.320,0.82317,0.82334,2.10,2.30
2010.12.07 15:12:14.440,0.82321,0.82334,2.70,1.50
2010.12.07 15:12:15.053,0.82326,0.82341,2.50,1.50
2010.12.07 15:12:15.202,0.82327,0.82343,2.30,1.50
2010.12.07 15:12:16.040,0.82325,0.82343,1.90,1.50
2010.12.07 15:12:16.265,0.82321,0.82342,3.00,3.00
2010.12.07 15:12:16.945,0.82338,0.82348,2.30,1.50
2010.12.07 15:12:17.064,0.82333,0.82354,2.50,2.70
2010.12.07 15:12:17.620,0.82336,0.82354,1.90,4.20
2010.12.07 15:12:17.863,0.82333,0.82356,2.30,1.50
2010.12.07 15:12:18.507,0.82335,0.82353,2.30,1.50
2010.12.07 15:12:19.681,0.82338,0.8236,4.20,2.30
2010.12.07 15:12:20.191,0.82338,0.8236,5.30,2.30
2010.12.07 15:12:21.129,0.82338,0.82358,4.20,1.50
2010.12.07 15:12:22.230,0.82337,0.82358,1.30,3.00
2010.12.07 15:12:22.351,0.82343,0.82361,2.50,4.90
2010.12.07 15:12:23.072,0.8234,0.82359,2.50,1.50
2010.12.07 15:12:23.987,0.8234,0.82359,2.10,3.00
2010.12.07 15:12:27.115,0.82342,0.82357,2.50,2.30
2010.12.07 15:12:27.346,0.82342,0.82364,2.80,3.00
2010.12.07 15:12:28.075,0.8234,0.8236,2.30,1.50
2010.12.07 15:12:30.291,0.82342,0.8236,2.50,1.50
2010.12.07 15:12:30.519,0.82342,0.82363,4.70,3.00
2010.12.07 15:12:31.138,0.82347,0.82363,2.50,1.50
2010.12.07 15:12:31.473,0.82347,0.82366,4.00,1.50
2010.12.07 15:12:31.806,0.82351,0.82367,2.50,2.30
2010.12.07 15:12:32.975,0.82348,0.82368,2.60,2.30
2010.12.07 15:12:33.755,0.82349,0.82371,1.10,1.50
2010.12.07 15:12:35.657,0.82352,0.82371,2.50,2.30
2010.12.07 15:12:36.669,0.82352,0.82371,1.90,1.50
2010.12.07 15:12:37.448,0.82357,0.82373,1.30,1.50
2010.12.07 15:12:37.571,0.8236,0.82378,1.90,2.70
2010.12.07 15:12:38.263,0.82358,0.82379,3.40,1.50
2010.12.07 15:12:39.824,0.82357,0.82374,1.10,1.50
2010.12.07 15:12:40.923,0.82358,0.82379,2.50,3.00
2010.12.07 15:12:41.563,0.82358,0.82379,3.20,1.50
2010.12.07 15:12:41.720,0.82362,0.82381,2.60,2.30
2010.12.07 15:12:46.654,0.82363,0.82379,2.50,1.50
2010.12.07 15:12:46.767,0.82365,0.82383,1.90,1.50
2010.12.07 15:12:47.447,0.82363,0.82385,1.10,1.50
2010.12.07 15:12:47.682,0.82363,0.82381,1.10,2.30
2010.12.07 15:12:48.016,0.82363,0.82384,1.10,6.80
2010.12.07 15:12:48.598,0.82363,0.82381,1.10,2.30
2010.12.07 15:12:49.717,0.8236,0.82381,3.20,3.00
2010.12.07 15:12:49.931,0.82364,0.82382,1.30,1.50
2010.12.07 15:12:50.443,0.82368,0.82387,2.30,1.90
2010.12.07 15:12:50.588,0.82372,0.8239,1.90,3.80
2010.12.07 15:12:50.704,0.82369,0.8239,1.90,3.80
2010.12.07 15:12:51.440,0.8237,0.82388,1.90,1.50
2010.12.07 15:12:52.460,0.82372,0.82388,1.90,2.30
2010.12.07 15:12:53.329,0.82371,0.82387,1.90,1.50
2010.12.07 15:12:53.445,0.82367,0.82387,3.80,1.50
2010.12.07 15:12:54.066,0.82367,0.82387,3.80,3.80
2010.12.07 15:12:55.094,0.8237,0.82387,1.90,3.80
2010.12.07 15:12:55.969,0.82369,0.82387,1.90,3.00
2010.12.07 15:12:57.060,0.82371,0.82383,1.90,1.50
2010.12.07 15:12:58.017,0.8237,0.82387,1.90,1.50
2010.12.07 15:12:58.681,0.82372,0.82389,1.90,5.30
2010.12.07 15:12:58.852,0.82371,0.82388,1.90,3.00
2010.12.07 15:12:58.967,0.82369,0.82388,1.90,3.00
2010.12.07 15:12:59.492,0.82366,0.82388,4.50,3.00
2010.12.07 15:13:00.804,0.82369,0.82387,1.90,1.50
2010.12.07 15:13:00.924,0.82366,0.82383,3.00,1.50
2010.12.07 15:13:02.187,0.82366,0.82383,1.90,2.30
2010.12.07 15:13:02.306,0.82366,0.82381,1.90,1.50
2010.12.07 15:13:02.852,0.82364,0.82384,5.50,2.30
2010.12.07 15:13:04.075,0.82361,0.82381,3.00,1.50
2010.12.07 15:13:04.678,0.82356,0.82376,1.10,3.00
2010.12.07 15:13:05.014,0.82358,0.82373,1.10,1.50
2010.12.07 15:13:05.618,0.82361,0.82377,2.30,1.50
2010.12.07 15:13:06.606,0.82358,0.82377,1.10,1.50
2010.12.07 15:13:07.341,0.82356,0.82375,4.50,1.50
2010.12.07 15:13:08.855,0.82356,0.82373,1.10,1.50
2010.12.07 15:13:09.820,0.82359,0.8238,3.20,3.00
2010.12.07 15:13:10.438,0.82362,0.8238,1.90,3.00
2010.12.07 15:13:11.192,0.82362,0.82379,1.90,1.50
2010.12.07 15:13:11.333,0.82357,0.82378,1.10,1.50
2010.12.07 15:13:11.448,0.82357,0.82373,2.60,1.50
2010.12.07 15:13:12.068,0.8236,0.82377,1.90,2.30
2010.12.07 15:13:12.403,0.8236,0.82373,1.90,1.50
2010.12.07 15:13:13.122,0.8236,0.82379,1.90,3.00
2010.12.07 15:13:13.238,0.8236,0.82381,2.30,3.00
2010.12.07 15:13:14.148,0.8236,0.82378,2.30,2.30
2010.12.07 15:13:14.933,0.8236,0.82376,1.90,2.30
2010.12.07 15:13:15.097,0.82352,0.82366,1.90,1.50
2010.12.07 15:13:15.217,0.82347,0.82365,1.50,2.30
2010.12.07 15:13:15.823,0.82352,0.82365,1.90,2.30
2010.12.07 15:13:16.611,0.82351,0.82373,2.10,1.50
2010.12.07 15:13:16.730,0.82357,0.82371,1.90,1.50
2010.12.07 15:13:17.365,0.82348,0.8237,2.30,3.00
2010.12.07 15:13:17.475,0.82348,0.82367,1.90,3.00
2010.12.07 15:13:18.209,0.82341,0.82361,3.00,3.00
2010.12.07 15:13:20.549,0.82341,0.82361,3.00,3.80
2010.12.07 15:13:20.689,0.82339,0.82359,2.50,2.30
2010.12.07 15:13:21.027,0.82337,0.82358,2.30,1.50
2010.12.07 15:13:21.903,0.82336,0.82358,2.30,2.30
2010.12.07 15:13:23.290,0.82337,0.82356,1.50,3.00
2010.12.07 15:13:23.629,0.82338,0.82357,2.80,2.30
2010.12.07 15:13:24.229,0.8234,0.82358,1.90,1.50
2010.12.07 15:13:24.454,0.82341,0.82359,1.90,1.50
2010.12.07 15:13:25.276,0.82341,0.82362,2.30,3.00
2010.12.07 15:13:26.185,0.82343,0.82362,1.30,1.50
2010.12.07 15:13:26.536,0.82341,0.82361,2.80,2.30
2010.12.07 15:13:27.236,0.82338,0.82355,1.90,1.50
2010.12.07 15:13:29.283,0.82336,0.82354,1.90,3.00
2010.12.07 15:13:30.052,0.82332,0.8235,1.90,1.50
2010.12.07 15:13:30.289,0.82329,0.82349,2.30,1.50
2010.12.07 15:13:31.197,0.82327,0.82345,1.90,1.50
2010.12.07 15:13:31.535,0.82327,0.82345,3.20,1.50
2010.12.07 15:13:32.224,0.82331,0.82345,1.90,3.00
2010.12.07 15:13:32.336,0.82329,0.82345,1.90,1.50
2010.12.07 15:13:32.568,0.82327,0.82345,1.90,2.30
2010.12.07 15:13:33.161,0.82327,0.82345,1.90,3.80
2010.12.07 15:13:33.384,0.82329,0.82345,1.90,3.80
2010.12.07 15:13:34.784,0.82327,0.82345,1.90,3.00
2010.12.07 15:13:35.796,0.82329,0.82344,1.90,1.50
2010.12.07 15:13:36.586,0.82325,0.82344,2.10,1.50
2010.12.07 15:13:37.917,0.82321,0.82341,2.30,3.00
2010.12.07 15:13:38.892,0.8232,0.82338,1.90,3.80
2010.12.07 15:13:40.023,0.8232,0.82331,1.90,1.50
2010.12.07 15:13:40.196,0.82313,0.82328,1.90,1.90
2010.12.07 15:13:40.319,0.82313,0.82325,1.90,5.30
2010.12.07 15:13:41.004,0.82303,0.82323,1.30,5.30
2010.12.07 15:13:41.578,0.82304,0.82323,2.10,4.50
2010.12.07 15:13:41.718,0.82307,0.82323,1.90,2.30
2010.12.07 15:13:43.070,0.82305,0.82323,1.90,2.30
2010.12.07 15:13:45.305,0.82304,0.82323,1.90,2.30
2010.12.07 15:13:45.986,0.82304,0.82321,1.90,1.50
2010.12.07 15:13:46.908,0.82301,0.82321,1.90,1.50
2010.12.07 15:13:48.392,0.82304,0.82321,1.90,1.50
2010.12.07 15:13:49.223,0.82308,0.82323,1.90,2.30
2010.12.07 15:13:49.952,0.82308,0.82328,2.10,1.50
2010.12.07 15:13:50.724,0.82307,0.82326,2.30,1.50
2010.12.07 15:13:51.853,0.82307,0.82327,1.90,1.50
2010.12.07 15:13:52.008,0.82302,0.82321,3.00,3.00
2010.12.07 15:13:52.126,0.82306,0.82323,1.90,2.30
2010.12.07 15:13:52.854,0.82307,0.82324,1.90,3.00
2010.12.07 15:13:53.768,0.82312,0.82324,1.90,1.50
2010.12.07 15:13:54.782,0.82313,0.82328,1.90,1.50
2010.12.07 15:13:56.148,0.82313,0.82331,1.90,1.50
2010.12.07 15:13:56.269,0.82318,0.82331,1.90,1.50
2010.12.07 15:13:56.516,0.82314,0.82331,1.90,1.50
2010.12.07 15:13:57.751,0.82314,0.82329,1.90,1.20
2010.12.07 15:13:58.357,0.82292,0.8231,1.90,1.50
2010.12.07 15:13:59.027,0.82292,0.82312,2.30,3.00
2010.12.07 15:13:59.154,0.82293,0.82313,1.90,3.00
2010.12.07 15:13:59.978,0.82301,0.82318,1.90,1.50
2010.12.07 15:14:00.920,0.82309,0.82323,1.90,2.30
2010.12.07 15:14:01.146,0.82309,0.82326,1.90,3.00
2010.12.07 15:14:01.950,0.82309,0.82328,3.20,1.50
2010.12.07 15:14:02.290,0.82317,0.82334,1.90,2.30
2010.12.07 15:14:02.773,0.82317,0.82334,1.90,1.50
2010.12.07 15:14:02.907,0.82317,0.82338,2.30,1.50
2010.12.07 15:14:04.712,0.82316,0.82333,1.10,1.50
2010.12.07 15:14:05.045,0.82319,0.82338,1.90,1.50
2010.12.07 15:14:05.662,0.82324,0.82342,1.90,1.50
2010.12.07 15:14:06.785,0.82325,0.82342,1.90,1.50
2010.12.07 15:14:09.384,0.82325,0.82343,1.90,2.30
2010.12.07 15:14:11.078,0.82328,0.82344,1.90,2.30
2010.12.07 15:14:11.813,0.82324,0.82345,2.10,3.00
2010.12.07 15:14:12.854,0.82324,0.82345,3.20,1.50
2010.12.07 15:14:13.695,0.82328,0.82347,1.90,2.30
2010.12.07 15:14:16.451,0.82328,0.82348,1.90,1.50
2010.12.07 15:14:16.565,0.82326,0.82346,2.30,2.30
2010.12.07 15:14:17.781,0.8233,0.82345,1.90,1.50
2010.12.07 15:14:18.118,0.82332,0.82348,1.90,1.50
2010.12.07 15:14:18.758,0.82327,0.82347,1.90,2.30
2010.12.07 15:14:19.915,0.82324,0.82344,3.00,1.50
2010.12.07 15:14:20.139,0.82324,0.82344,1.90,1.50
2010.12.07 15:14:20.805,0.82324,0.82342,1.90,3.80
2010.12.07 15:14:20.972,0.82321,0.82341,2.30,2.30
2010.12.07 15:14:27.077,0.82322,0.82342,2.30,3.00
2010.12.07 15:14:27.657,0.82326,0.82342,1.90,3.00
2010.12.07 15:14:28.220,0.82326,0.82342,2.30,2.30
2010.12.07 15:14:28.362,0.82331,0.8235,1.90,1.50
2010.12.07 15:14:29.301,0.82357,0.82361,3.80,9.60
2010.12.07 15:14:29.416,0.82335,0.82358,4.00,2.30
2010.12.07 15:14:29.990,0.82334,0.82355,2.50,4.50
2010.12.07 15:14:30.150,0.82332,0.82352,2.30,1.20
2010.12.07 15:14:30.729,0.82332,0.8235,1.90,1.40
2010.12.07 15:14:30.860,0.82328,0.82344,2.30,1.50
2010.12.07 15:14:31.573,0.82328,0.82348,2.30,1.50
2010.12.07 15:14:32.389,0.8233,0.82351,2.30,2.30
2010.12.07 15:14:33.261,0.82346,0.82351,1.90,2.30
2010.12.07 15:14:33.463,0.82346,0.82351,1.90,1.50
2010.12.07 15:14:33.576,0.82346,0.8236,1.90,1.50
2010.12.07 15:14:34.210,0.82346,0.82359,1.90,2.30
2010.12.07 15:14:34.654,0.82342,0.82359,1.90,2.30
2010.12.07 15:14:35.706,0.82337,0.82354,3.00,2.50
2010.12.07 15:14:36.057,0.82334,0.82351,1.90,1.50
2010.12.07 15:14:36.181,0.82336,0.82353,1.90,2.30
2010.12.07 15:14:37.809,0.82332,0.82353,4.90,2.30
2010.12.07 15:14:37.976,0.82331,0.82347,1.10,1.50
2010.12.07 15:14:38.674,0.82318,0.82342,1.10,3.80
2010.12.07 15:14:39.343,0.82318,0.82339,1.10,1.50
2010.12.07 15:14:40.294,0.82316,0.82339,1.90,2.30
2010.12.07 15:14:40.968,0.82302,0.82322,4.00,2.30
2010.12.07 15:14:40.993,0.82303,0.82324,2.80,3.80
2010.12.07 15:14:41.135,0.82312,0.82324,1.90,3.00
2010.12.07 15:14:41.853,0.82312,0.82325,1.90,1.50
2010.12.07 15:14:42.076,0.82312,0.82328,1.90,1.50
2010.12.07 15:14:42.419,0.82321,0.82328,1.50,1.50
2010.12.07 15:14:43.005,0.82321,0.82338,4.90,1.50
2010.12.07 15:14:43.894,0.82321,0.82338,2.70,1.50
2010.12.07 15:14:44.024,0.82317,0.82338,1.10,2.30
2010.12.07 15:14:45.488,0.82314,0.82336,1.10,1.50
2010.12.07 15:14:46.618,0.8232,0.82341,1.10,2.30
2010.12.07 15:14:48.040,0.82321,0.82342,2.50,3.00
2010.12.07 15:14:48.549,0.82323,0.82342,2.30,2.30
2010.12.07 15:14:48.785,0.82321,0.82343,2.30,3.00
2010.12.07 15:14:50.092,0.82321,0.82343,3.00,2.30
2010.12.07 15:14:50.223,0.82331,0.82349,4.40,2.30
2010.12.07 15:14:51.056,0.82328,0.82349,1.90,2.30
2010.12.07 15:14:51.193,0.8233,0.82348,3.00,1.50
2010.12.07 15:14:51.638,0.82331,0.82351,1.30,4.20
2010.12.07 15:14:52.276,0.82332,0.82351,1.30,1.90
2010.12.07 15:14:52.406,0.82332,0.82349,1.30,1.90
2010.12.07 15:14:52.972,0.82332,0.82347,1.30,1.90
2010.12.07 15:14:54.659,0.82332,0.82348,1.10,1.90
2010.12.07 15:14:55.309,0.8233,0.82348,1.10,3.40
2010.12.07 15:14:55.436,0.82327,0.82346,1.30,1.90
2010.12.07 15:14:55.974,0.82327,0.82348,2.10,4.90
2010.12.07 15:14:56.092,0.82327,0.82345,1.10,1.90
2010.12.07 15:14:57.774,0.82325,0.82345,1.10,1.90
2010.12.07 15:14:57.888,0.82324,0.82345,1.10,1.90
2010.12.07 15:14:58.007,0.82324,0.82346,2.80,1.90
2010.12.07 15:14:59.714,0.82323,0.82339,1.10,1.90
2010.12.07 15:15:00.741,0.82323,0.82344,3.00,1.50
2010.12.07 15:15:00.858,0.82323,0.8234,1.10,2.50
2010.12.07 15:15:01.529,0.8232,0.82341,2.30,4.50
2010.12.07 15:15:01.647,0.8232,0.82339,2.30,1.50
2010.12.07 15:15:01.989,0.82321,0.82341,1.10,4.50
2010.12.07 15:15:02.593,0.82323,0.8234,1.10,2.30
2010.12.07 15:15:02.815,0.82321,0.8234,2.30,3.80
2010.12.07 15:15:03.471,0.82321,0.8234,2.30,4.50
2010.12.07 15:15:04.385,0.82321,0.82339,2.30,1.50
2010.12.07 15:15:05.109,0.82321,0.82342,2.50,3.00
2010.12.07 15:15:05.237,0.82323,0.82341,1.90,2.30
2010.12.07 15:15:07.590,0.82323,0.82341,1.90,1.50
2010.12.07 15:15:08.321,0.82327,0.82344,1.90,3.00
2010.12.07 15:15:08.884,0.82329,0.82344,1.90,1.50
2010.12.07 15:15:09.216,0.82322,0.82341,3.00,1.50
2010.12.07 15:15:09.920,0.82324,0.82344,2.30,4.50
2010.12.07 15:15:10.039,0.82327,0.82344,1.90,3.00
2010.12.07 15:15:10.890,0.82331,0.82344,1.90,1.50
2010.12.07 15:15:11.786,0.82328,0.82347,1.90,2.30
2010.12.07 15:15:12.345,0.82329,0.82345,1.90,1.50
2010.12.07 15:15:12.565,0.82329,0.82347,1.90,2.30
2010.12.07 15:15:13.545,0.8233,0.82347,1.90,2.30
2010.12.07 15:15:14.571,0.82331,0.82352,1.10,2.70
2010.12.07 15:15:14.808,0.82335,0.82351,1.90,1.90
2010.12.07 15:15:15.568,0.82332,0.82349,1.90,1.20
2010.12.07 15:15:16.638,0.8233,0.8235,2.30,2.30
2010.12.07 15:15:18.232,0.8233,0.82344,2.30,4.50
2010.12.07 15:15:18.373,0.82325,0.8234,1.90,2.30
2010.12.07 15:15:19.104,0.82324,0.8234,1.90,2.30
2010.12.07 15:15:20.789,0.82324,0.8234,1.90,2.30
2010.12.07 15:15:22.155,0.82323,0.82341,1.90,2.30
2010.12.07 15:15:22.770,0.82323,0.82342,2.30,1.50
2010.12.07 15:15:22.902,0.82325,0.82341,1.90,1.50
2010.12.07 15:15:24.144,0.82323,0.82341,2.30,1.50
2010.12.07 15:15:27.227,0.82319,0.82338,1.10,1.50
2010.12.07 15:15:27.568,0.82319,0.82336,1.10,1.50
2010.12.07 15:15:28.569,0.82315,0.82332,2.30,1.50
2010.12.07 15:15:29.633,0.82316,0.82335,1.90,1.50
2010.12.07 15:15:30.265,0.82316,0.82334,1.90,1.50
2010.12.07 15:15:30.377,0.82314,0.82334,2.30,2.30
2010.12.07 15:15:31.079,0.82314,0.82333,3.80,3.00
2010.12.07 15:15:32.945,0.82314,0.82333,1.90,3.00
2010.12.07 15:15:34.191,0.82314,0.82333,2.30,2.30
2010.12.07 15:15:34.744,0.82313,0.82333,2.30,2.30
2010.12.07 15:15:35.517,0.82313,0.82334,2.30,2.30
2010.12.07 15:15:35.703,0.82318,0.82335,1.90,1.90
2010.12.07 15:15:36.607,0.82314,0.82333,2.30,3.00
2010.12.07 15:15:38.866,0.82315,0.82333,1.90,3.00
2010.12.07 15:15:39.878,0.82315,0.82327,1.90,1.40
2010.12.07 15:15:40.478,0.82306,0.82326,1.10,3.00
2010.12.07 15:15:40.606,0.82306,0.82326,2.30,1.50
2010.12.07 15:15:41.594,0.82306,0.82324,2.30,1.50
2010.12.07 15:15:41.709,0.82306,0.82323,1.90,1.50
2010.12.07 15:15:42.199,0.82303,0.82323,4.10,1.50
2010.12.07 15:15:43.743,0.82303,0.82325,2.30,1.50
2010.12.07 15:15:44.790,0.82307,0.82326,1.90,1.50
2010.12.07 15:15:44.906,0.82303,0.82325,2.30,2.30
2010.12.07 15:15:45.513,0.82303,0.82323,2.30,1.50
2010.12.07 15:15:46.400,0.82311,0.82329,1.90,2.40
2010.12.07 15:15:47.208,0.8231,0.82328,1.10,1.50
2010.12.07 15:15:47.554,0.8231,0.8233,1.10,1.50
2010.12.07 15:15:49.084,0.82311,0.8233,1.90,2.30
2010.12.07 15:15:49.636,0.82309,0.82327,2.30,1.50
2010.12.07 15:15:50.221,0.82308,0.82327,1.90,2.30
2010.12.07 15:15:51.407,0.82308,0.82326,1.90,1.50
2010.12.07 15:15:52.014,0.82308,0.82327,1.90,1.50
2010.12.07 15:15:52.140,0.82303,0.82323,2.30,1.70
2010.12.07 15:15:52.790,0.82304,0.82323,2.10,1.50
2010.12.07 15:15:52.951,0.82306,0.82323,2.10,2.30
2010.12.07 15:15:53.572,0.82305,0.82323,4.20,1.50
2010.12.07 15:15:53.716,0.82307,0.82327,1.90,3.00
2010.12.07 15:15:54.596,0.82307,0.82327,1.90,1.50
2010.12.07 15:15:55.608,0.82307,0.82327,1.90,1.50
2010.12.07 15:15:56.545,0.82305,0.82323,1.90,1.50
2010.12.07 15:15:56.655,0.82302,0.82323,1.90,1.50
2010.12.07 15:15:57.546,0.82302,0.82317,1.90,2.30
2010.12.07 15:15:58.596,0.82299,0.82317,1.90,1.50
2010.12.07 15:15:58.720,0.82301,0.82317,1.90,1.50
2010.12.07 15:15:59.619,0.82301,0.82319,2.60,2.30
2010.12.07 15:16:00.986,0.82301,0.8232,7.00,1.50
2010.12.07 15:16:01.675,0.82305,0.82323,2.10,1.50
2010.12.07 15:16:02.426,0.82309,0.82325,2.50,1.50
2010.12.07 15:16:02.782,0.82313,0.82332,2.10,1.50
2010.12.07 15:16:03.473,0.82314,0.82335,2.10,3.00
2010.12.07 15:16:05.645,0.82314,0.82335,2.10,3.00
2010.12.07 15:16:06.644,0.82316,0.82335,1.50,3.00
2010.12.07 15:16:06.840,0.82314,0.82335,1.30,5.30
2010.12.07 15:16:07.406,0.82313,0.82332,2.90,1.50
2010.12.07 15:16:07.538,0.82316,0.82335,2.50,1.50
2010.12.07 15:16:09.453,0.82313,0.82333,1.90,1.50
2010.12.07 15:16:10.454,0.82312,0.82333,2.30,3.00
2010.12.07 15:16:11.417,0.82314,0.82333,1.90,3.00
2010.12.07 15:16:11.648,0.82312,0.82333,2.30,3.00
2010.12.07 15:16:12.763,0.82313,0.82333,1.90,3.00
2010.12.07 15:16:12.877,0.82315,0.82333,1.90,2.30
2010.12.07 15:16:12.998,0.82315,0.82334,1.90,2.30
2010.12.07 15:16:14.479,0.82315,0.82334,2.30,2.30
2010.12.07 15:16:14.598,0.82313,0.82334,1.10,8.90
2010.12.07 15:16:15.290,0.82308,0.82324,1.90,2.30
2010.12.07 15:16:16.227,0.82304,0.82325,3.00,3.80
2010.12.07 15:16:16.572,0.82305,0.82325,1.90,3.00
2010.12.07 15:16:17.118,0.82305,0.82326,1.90,1.90
2010.12.07 15:16:17.796,0.82304,0.82329,2.30,5.30
2010.12.07 15:16:18.369,0.82302,0.82323,1.10,1.50
2010.12.07 15:16:18.828,0.82299,0.8232,2.30,2.30
2010.12.07 15:16:21.742,0.82299,0.82322,3.80,3.00
2010.12.07 15:16:23.183,0.82303,0.82322,1.90,1.50
2010.12.07 15:16:24.555,0.82301,0.82322,2.70,1.50
2010.12.07 15:16:25.143,0.82296,0.82319,3.00,1.50
2010.12.07 15:16:26.286,0.82303,0.82321,2.90,1.50
2010.12.07 15:16:27.743,0.82308,0.82321,1.90,1.20
2010.12.07 15:16:28.319,0.82307,0.82321,1.90,1.20
2010.12.07 15:16:28.516,0.82302,0.82323,3.80,2.30
2010.12.07 15:16:32.042,0.823,0.82319,1.90,1.50
2010.12.07 15:16:33.405,0.823,0.82319,1.90,1.50
2010.12.07 15:16:38.086,0.82303,0.82319,2.10,1.50
2010.12.07 15:16:39.396,0.82303,0.82323,2.10,1.50
2010.12.07 15:16:40.488,0.82303,0.82323,2.90,1.50
2010.12.07 15:16:40.719,0.82305,0.82325,3.60,1.50
2010.12.07 15:16:41.523,0.82304,0.82325,4.10,1.50
2010.12.07 15:16:41.748,0.82305,0.82325,1.30,1.50
2010.12.07 15:16:42.533,0.82306,0.82328,2.50,1.50
2010.12.07 15:16:43.579,0.82306,0.82328,2.80,3.40
2010.12.07 15:16:44.572,0.82307,0.82328,4.70,1.50
2010.12.07 15:16:44.718,0.82308,0.82329,2.50,1.50
2010.12.07 15:16:45.288,0.8231,0.82329,2.50,1.50
2010.12.07 15:16:45.445,0.82308,0.82331,1.10,2.90
2010.12.07 15:16:46.056,0.82309,0.82328,1.90,1.50
2010.12.07 15:16:46.785,0.82314,0.82328,1.90,1.50
2010.12.07 15:16:46.906,0.82309,0.82329,3.00,2.30
2010.12.07 15:16:47.432,0.82309,0.82329,2.70,2.30
2010.12.07 15:16:47.590,0.8231,0.82326,1.90,1.50
2010.12.07 15:16:48.145,0.82311,0.82326,1.90,1.50
2010.12.07 15:16:48.279,0.82313,0.82332,1.90,1.50
2010.12.07 15:16:48.937,0.8231,0.82332,2.30,1.50
2010.12.07 15:16:49.989,0.82312,0.82332,1.90,1.50
2010.12.07 15:16:50.692,0.82313,0.82334,2.30,3.00
2010.12.07 15:16:53.301,0.82311,0.82331,2.30,1.50
2010.12.07 15:16:53.531,0.82306,0.82326,1.90,1.50
2010.12.07 15:16:54.161,0.82305,0.82326,2.30,1.50
2010.12.07 15:16:55.370,0.82306,0.82326,1.90,1.50
2010.12.07 15:16:55.610,0.82309,0.82326,1.90,1.50
2010.12.07 15:16:56.298,0.82309,0.82326,1.90,1.70
2010.12.07 15:16:56.435,0.82304,0.82326,1.10,1.90
2010.12.07 15:16:57.345,0.82304,0.82326,1.10,1.60
2010.12.07 15:16:57.470,0.82304,0.8232,1.10,2.00
2010.12.07 15:16:58.065,0.82298,0.82311,1.50,2.30
2010.12.07 15:16:58.768,0.82306,0.8232,1.90,1.50
2010.12.07 15:16:58.891,0.82304,0.82323,1.90,3.80
2010.12.07 15:16:59.007,0.82306,0.82323,1.90,3.00
2010.12.07 15:16:59.130,0.82301,0.82323,1.90,5.30
2010.12.07 15:17:00.866,0.823,0.82321,2.30,2.30
2010.12.07 15:17:02.486,0.82301,0.82321,4.00,1.50
2010.12.07 15:17:02.608,0.82296,0.82314,1.10,1.50
2010.12.07 15:17:02.725,0.82296,0.8231,1.10,2.30
2010.12.07 15:17:03.300,0.82292,0.82311,1.10,2.30
2010.12.07 15:17:03.423,0.82295,0.82311,1.90,2.30
2010.12.07 15:17:04.200,0.82297,0.82319,2.30,2.30
2010.12.07 15:17:04.320,0.82296,0.82315,1.10,4.70
2010.12.07 15:17:04.792,0.82296,0.82311,1.10,2.30
2010.12.07 15:17:04.943,0.82289,0.8231,3.00,2.30
2010.12.07 15:17:05.616,0.82291,0.82309,1.30,1.50
2010.12.07 15:17:06.243,0.82292,0.82309,2.30,1.50
2010.12.07 15:17:06.425,0.82284,0.82306,3.00,1.50
2010.12.07 15:17:06.541,0.82288,0.82306,1.90,1.50
2010.12.07 15:17:07.089,0.82288,0.82304,1.90,2.30
2010.12.07 15:17:07.263,0.82286,0.82303,1.90,1.50
2010.12.07 15:17:08.080,0.82283,0.82293,1.90,1.50
2010.12.07 15:17:08.197,0.82277,0.82293,2.30,1.50
2010.12.07 15:17:08.323,0.82278,0.82298,2.80,1.50
2010.12.07 15:17:08.955,0.8228,0.82301,2.50,3.00
2010.12.07 15:17:09.617,0.82283,0.82301,1.90,1.50
2010.12.07 15:17:10.790,0.82284,0.82303,1.90,3.80
2010.12.07 15:17:11.781,0.82284,0.82302,2.50,1.50
2010.12.07 15:17:12.418,0.82288,0.82298,1.90,2.30
2010.12.07 15:17:12.590,0.82285,0.82304,4.10,1.50
2010.12.07 15:17:12.709,0.82286,0.82304,2.30,1.50
2010.12.07 15:17:13.547,0.8229,0.82304,1.90,1.50
2010.12.07 15:17:14.321,0.8229,0.82306,1.90,1.50
2010.12.07 15:17:14.750,0.82288,0.82306,1.90,1.50
2010.12.07 15:17:16.781,0.82289,0.82306,1.90,1.50
2010.12.07 15:17:17.411,0.82289,0.82302,1.90,1.50
2010.12.07 15:17:17.557,0.82286,0.82302,1.90,3.80
2010.12.07 15:17:18.452,0.82283,0.82302,1.90,4.00
2010.12.07 15:17:20.426,0.8228,0.82302,3.80,4.00
2010.12.07 15:17:21.428,0.82279,0.82295,2.70,4.50
2010.12.07 15:17:22.292,0.82279,0.82294,3.80,2.30
2010.12.07 15:17:23.237,0.8228,0.82294,1.90,1.50
2010.12.07 15:17:24.632,0.82278,0.82294,2.30,1.50
2010.12.07 15:17:24.769,0.82277,0.82298,1.10,4.20
2010.12.07 15:17:24.893,0.82281,0.823,2.70,3.40
2010.12.07 15:17:25.487,0.82281,0.82293,2.70,1.50
2010.12.07 15:17:26.157,0.82284,0.82293,1.90,1.50
2010.12.07 15:17:26.750,0.82286,0.8231,2.30,4.20
2010.12.07 15:17:27.291,0.82286,0.8231,2.30,4.20
2010.12.07 15:17:28.067,0.82287,0.82306,1.90,1.50
2010.12.07 15:17:28.757,0.82287,0.82303,1.90,1.50
2010.12.07 15:17:29.679,0.82288,0.82303,1.90,1.50
2010.12.07 15:17:30.019,0.82291,0.82311,2.30,1.40
2010.12.07 15:17:30.135,0.82289,0.82306,1.10,2.30
2010.12.07 15:17:30.732,0.82289,0.8231,1.10,2.90
2010.12.07 15:17:31.296,0.82289,0.82311,1.10,3.00
2010.12.07 15:17:31.930,0.82289,0.82311,1.10,3.40
2010.12.07 15:17:33.536,0.82289,0.82304,1.10,4.70
2010.12.07 15:17:34.231,0.82283,0.82303,1.10,4.70
2010.12.07 15:17:34.418,0.82282,0.82302,2.30,1.40
2010.12.07 15:17:35.296,0.82282,0.823,1.90,1.40
2010.12.07 15:17:36.313,0.82282,0.823,1.90,1.20
2010.12.07 15:17:37.480,0.82282,0.82302,2.70,1.50
2010.12.07 15:17:37.663,0.82293,0.82311,1.90,3.00
2010.12.07 15:17:37.782,0.8229,0.8231,2.30,2.10
2010.12.07 15:17:38.417,0.82284,0.82309,1.10,4.00
2010.12.07 15:17:41.475,0.82283,0.82304,2.30,1.50
2010.12.07 15:17:45.818,0.82283,0.82301,2.30,1.90
2010.12.07 15:17:46.327,0.82283,0.82295,2.30,2.30
2010.12.07 15:17:46.571,0.82277,0.82294,1.90,4.70
2010.12.07 15:17:46.691,0.82274,0.82294,2.70,4.70
2010.12.07 15:17:47.561,0.82276,0.82294,1.50,3.00
2010.12.07 15:17:48.195,0.82273,0.8229,2.70,1.50
2010.12.07 15:17:49.235,0.82268,0.82288,2.50,1.50
2010.12.07 15:17:50.215,0.82274,0.82292,1.90,1.70
2010.12.07 15:17:53.825,0.82274,0.82294,2.30,4.50
2010.12.07 15:17:54.698,0.82276,0.82294,1.90,2.30
2010.12.07 15:17:55.395,0.82274,0.82294,3.60,2.30
2010.12.07 15:17:56.307,0.82275,0.82294,1.90,3.80
2010.12.07 15:17:58.018,0.82274,0.82294,1.70,2.30
2010.12.07 15:17:59.910,0.82278,0.82299,1.10,1.50
2010.12.07 15:18:00.569,0.82278,0.82294,1.10,1.50
2010.12.07 15:18:00.722,0.82275,0.82294,1.90,2.30
2010.12.07 15:18:01.679,0.82275,0.82293,1.90,1.50
2010.12.07 15:18:03.130,0.82277,0.82293,2.30,1.50
2010.12.07 15:18:03.756,0.8228,0.82293,1.90,1.50
2010.12.07 15:18:04.789,0.82282,0.82299,1.90,1.50
2010.12.07 15:18:05.234,0.82282,0.82294,1.90,1.50
2010.12.07 15:18:05.979,0.8228,0.82294,1.90,1.50
2010.12.07 15:18:06.097,0.82276,0.82294,2.30,1.50
2010.12.07 15:18:06.858,0.82273,0.8229,1.10,2.30
2010.12.07 15:18:06.983,0.82275,0.82293,2.30,2.30
2010.12.07 15:18:08.886,0.82275,0.82294,1.90,2.30
2010.12.07 15:18:09.437,0.82275,0.82294,3.00,1.50
2010.12.07 15:18:10.021,0.82278,0.82295,2.30,2.30
2010.12.07 15:18:10.544,0.82278,0.82298,2.30,3.00
2010.12.07 15:18:11.454,0.82277,0.82294,1.90,2.30
2010.12.07 15:18:11.797,0.82281,0.82299,1.90,1.50
2010.12.07 15:18:12.375,0.82281,0.823,1.90,1.50
2010.12.07 15:18:13.377,0.82282,0.823,1.90,1.50
2010.12.07 15:18:13.508,0.82281,0.82302,1.10,3.00
2010.12.07 15:18:13.957,0.8228,0.82301,1.10,1.50
2010.12.07 15:18:14.687,0.82282,0.82302,2.30,3.00
2010.12.07 15:18:15.464,0.82276,0.82294,1.50,3.00
2010.12.07 15:18:15.586,0.82274,0.82293,2.30,2.30
2010.12.07 15:18:15.696,0.82276,0.82293,1.90,2.30
2010.12.07 15:18:17.008,0.82276,0.82294,5.10,2.30
2010.12.07 15:18:17.126,0.82276,0.82294,5.50,1.50
2010.12.07 15:18:17.782,0.82276,0.82297,3.60,3.00
2010.12.07 15:18:17.932,0.82275,0.82297,3.00,3.00
2010.12.07 15:18:18.051,0.82275,0.82293,3.00,1.50
2010.12.07 15:18:18.712,0.82275,0.82293,3.00,1.70
2010.12.07 15:18:18.950,0.82272,0.82292,2.10,3.00
2010.12.07 15:18:19.608,0.8228,0.82298,1.90,1.50
2010.12.07 15:18:20.245,0.8228,0.82299,1.90,3.00
2010.12.07 15:18:21.554,0.82283,0.82303,1.90,3.80
2010.12.07 15:18:21.668,0.82283,0.82303,1.90,3.80
2010.12.07 15:18:22.460,0.82283,0.82303,1.90,2.30
2010.12.07 15:18:23.271,0.82283,0.82303,1.90,2.50
2010.12.07 15:18:23.940,0.82283,0.82294,1.90,4.50
2010.12.07 15:18:24.610,0.8228,0.82292,1.10,2.30
2010.12.07 15:18:24.743,0.82281,0.82299,1.90,1.50
2010.12.07 15:18:24.855,0.82281,0.82302,1.90,3.00
2010.12.07 15:18:25.390,0.82284,0.82302,1.90,3.00
2010.12.07 15:18:25.753,0.82285,0.82303,1.90,1.50
2010.12.07 15:18:27.414,0.82285,0.82303,1.90,3.00
2010.12.07 15:18:28.436,0.82287,0.82308,2.50,1.50
2010.12.07 15:18:28.990,0.82289,0.82309,2.70,1.70
2010.12.07 15:18:29.158,0.82292,0.82309,1.90,1.50
2010.12.07 15:18:30.098,0.82293,0.82309,1.90,1.50
2010.12.07 15:18:31.908,0.82291,0.82309,2.30,1.70
2010.12.07 15:18:32.457,0.8229,0.82306,1.90,1.50
2010.12.07 15:18:35.206,0.82288,0.82306,1.90,1.50
2010.12.07 15:18:35.558,0.82291,0.82306,2.30,1.50
2010.12.07 15:18:36.667,0.82289,0.82306,1.90,1.50
2010.12.07 15:18:38.707,0.82287,0.82309,3.00,1.70
2010.12.07 15:18:41.246,0.82287,0.82304,1.10,1.50
2010.12.07 15:18:41.385,0.82285,0.82304,2.30,2.30
2010.12.07 15:18:42.835,0.82289,0.82304,2.30,2.30
2010.12.07 15:18:42.975,0.82291,0.82311,1.90,3.40
2010.12.07 15:18:43.857,0.82289,0.8231,2.30,4.70
2010.12.07 15:18:45.382,0.82296,0.82313,1.50,3.40
2010.12.07 15:18:46.049,0.82296,0.82313,3.20,1.50
2010.12.07 15:18:46.166,0.82298,0.82315,3.20,1.50
2010.12.07 15:18:46.854,0.82296,0.82315,1.50,1.50
2010.12.07 15:18:47.874,0.82296,0.82315,3.40,1.50
2010.12.07 15:18:48.099,0.82296,0.8232,4.70,1.50
2010.12.07 15:18:48.655,0.82299,0.8232,1.90,1.50
2010.12.07 15:18:49.927,0.82298,0.82317,1.90,1.50
2010.12.07 15:18:50.160,0.82296,0.82317,3.40,3.00
2010.12.07 15:18:50.768,0.82292,0.82313,3.00,2.30
2010.12.07 15:18:51.417,0.82292,0.82313,2.30,1.50
2010.12.07 15:18:51.880,0.82296,0.82315,1.90,1.50
2010.12.07 15:18:52.553,0.82294,0.82312,1.90,1.20
2010.12.07 15:18:53.104,0.8229,0.82311,1.30,3.40
2010.12.07 15:18:53.279,0.82309,0.82321,1.90,1.50
2010.12.07 15:18:53.847,0.82305,0.82321,1.10,1.50
2010.12.07 15:18:53.968,0.82305,0.82323,1.10,1.50
2010.12.07 15:18:54.805,0.82305,0.82322,3.00,1.50
2010.12.07 15:18:56.497,0.82301,0.82323,1.10,2.40
2010.12.07 15:18:57.415,0.82305,0.82323,1.10,1.50
2010.12.07 15:18:58.208,0.82305,0.82325,1.10,2.70
2010.12.07 15:18:59.090,0.82305,0.82318,1.10,1.50
2010.12.07 15:18:59.213,0.82295,0.82313,2.30,1.50
2010.12.07 15:19:00.768,0.82297,0.82313,1.50,1.50
2010.12.07 15:19:02.874,0.82296,0.82311,1.90,1.50
2010.12.07 15:19:03.547,0.8229,0.82313,3.00,1.50
2010.12.07 15:19:03.683,0.82295,0.82313,1.90,1.50
2010.12.07 15:19:04.126,0.82293,0.82311,3.80,1.70
2010.12.07 15:19:04.657,0.82293,0.82313,1.90,3.00
2010.12.07 15:19:04.816,0.82294,0.8231,2.30,1.50
2010.12.07 15:19:04.940,0.82287,0.82306,2.30,1.50
2010.12.07 15:19:05.637,0.82286,0.82306,2.30,1.50
2010.12.07 15:19:06.738,0.8229,0.82307,1.90,1.50
2010.12.07 15:19:07.570,0.8229,0.8231,1.90,1.50
2010.12.07 15:19:07.799,0.82292,0.8231,1.90,1.50
2010.12.07 15:19:10.848,0.82295,0.82311,1.90,2.30
2010.12.07 15:19:11.746,0.82292,0.82312,2.30,1.50
2010.12.07 15:19:13.077,0.8229,0.82312,2.30,1.50
2010.12.07 15:19:13.197,0.82289,0.82309,1.10,1.50
2010.12.07 15:19:13.649,0.82288,0.82305,1.90,1.50
2010.12.07 15:19:14.271,0.82281,0.82304,3.00,2.30
2010.12.07 15:19:14.789,0.82281,0.82302,1.90,1.50
2010.12.07 15:19:15.915,0.82279,0.823,2.30,1.50
2010.12.07 15:19:17.038,0.82282,0.82305,1.10,3.40
2010.12.07 15:19:17.158,0.82283,0.82305,1.10,1.50
2010.12.07 15:19:17.832,0.82283,0.82303,1.10,2.30
2010.12.07 15:19:19.286,0.82287,0.82308,1.90,1.50
2010.12.07 15:19:20.274,0.82286,0.82307,1.50,3.00
2010.12.07 15:19:21.453,0.82286,0.82305,1.40,1.50
2010.12.07 15:19:21.574,0.8228,0.82302,1.10,1.50
2010.12.07 15:19:22.250,0.82279,0.82298,2.30,1.50
2010.12.07 15:19:24.388,0.82288,0.82303,10.30,1.50
2010.12.07 15:19:24.507,0.82296,0.82316,1.90,2.30
2010.12.07 15:19:24.738,0.82296,0.82314,1.50,5.70
2010.12.07 15:19:25.362,0.82287,0.82309,2.60,1.90
2010.12.07 15:19:26.829,0.82287,0.82304,1.50,2.70
2010.12.07 15:19:27.180,0.82282,0.82305,1.30,2.70
2010.12.07 15:19:27.803,0.82282,0.82305,3.20,2.70
2010.12.07 15:19:27.979,0.82287,0.82308,1.90,2.70
2010.12.07 15:19:28.099,0.82287,0.8231,2.50,1.50
2010.12.07 15:19:29.443,0.82291,0.82313,3.60,1.90
2010.12.07 15:19:29.562,0.82296,0.82313,2.30,1.90
2010.12.07 15:19:29.677,0.82296,0.82318,2.30,3.40
2010.12.07 15:19:30.244,0.82298,0.82313,1.10,1.50
2010.12.07 15:19:31.608,0.82298,0.8232,1.10,3.40
2010.12.07 15:19:33.155,0.82296,0.82317,1.10,1.50
2010.12.07 15:19:35.911,0.82298,0.82313,1.90,1.50
2010.12.07 15:19:37.346,0.823,0.8232,2.30,3.00
2010.12.07 15:19:38.055,0.82302,0.82323,1.50,2.40
2010.12.07 15:19:38.231,0.82302,0.82323,1.30,1.50
2010.12.07 15:19:39.851,0.82304,0.82327,1.10,2.70
2010.12.07 15:19:40.623,0.82304,0.82323,1.10,1.50
2010.12.07 15:19:40.975,0.82301,0.82321,1.90,1.50
2010.12.07 15:19:41.936,0.82297,0.8232,1.10,2.70
2010.12.07 15:19:44.183,0.82306,0.82321,1.90,1.50
2010.12.07 15:19:45.094,0.82303,0.82323,1.10,2.30
2010.12.07 15:19:46.054,0.82303,0.82325,1.30,2.70
2010.12.07 15:19:46.276,0.82305,0.82327,4.70,3.00
2010.12.07 15:19:46.995,0.82306,0.82328,1.50,2.30
2010.12.07 15:19:47.998,0.82306,0.82322,1.50,1.50
2010.12.07 15:19:49.062,0.8231,0.82331,1.90,1.50
2010.12.07 15:19:50.159,0.82309,0.8233,2.50,2.70
2010.12.07 15:19:52.197,0.82314,0.82335,4.20,2.40
2010.12.07 15:19:52.671,0.82317,0.82335,1.50,1.50
2010.12.07 15:19:52.792,0.82314,0.82335,3.40,1.50
2010.12.07 15:19:55.635,0.82314,0.82332,2.70,1.20
2010.12.07 15:19:55.803,0.82307,0.82331,1.90,3.40
2010.12.07 15:19:56.140,0.82307,0.82329,1.90,1.50
2010.12.07 15:19:57.107,0.82307,0.82329,1.90,1.50
2010.12.07 15:19:58.235,0.82307,0.82327,1.90,1.70
2010.12.07 15:19:59.424,0.82305,0.82329,1.10,3.40
2010.12.07 15:19:59.544,0.82305,0.82324,3.00,1.50
2010.12.07 15:20:01.188,0.82307,0.82329,2.30,1.50
2010.12.07 15:20:01.306,0.82309,0.82329,1.90,1.50
2010.12.07 15:20:01.526,0.8231,0.82332,1.10,2.30
2010.12.07 15:20:03.343,0.8231,0.8233,1.10,1.90
2010.12.07 15:20:04.104,0.82309,0.82329,2.30,1.50
2010.12.07 15:20:04.874,0.82312,0.82329,1.90,1.50
2010.12.07 15:20:04.988,0.82312,0.82331,3.80,1.50
2010.12.07 15:20:05.539,0.82312,0.82333,3.80,1.50
2010.12.07 15:20:06.794,0.82312,0.82333,1.90,1.50
2010.12.07 15:20:09.249,0.8231,0.8233,1.90,1.50
2010.12.07 15:20:10.847,0.82309,0.8233,2.30,1.50
2010.12.07 15:20:11.555,0.82311,0.8233,1.90,1.50
2010.12.07 15:20:12.429,0.8231,0.8233,1.90,1.50
2010.12.07 15:20:13.767,0.82311,0.8233,1.90,1.50
2010.12.07 15:20:16.756,0.82307,0.8233,1.90,1.70
2010.12.07 15:20:27.403,0.82313,0.82334,2.30,1.50
2010.12.07 15:20:28.722,0.82312,0.82332,1.10,1.50
2010.12.07 15:20:34.903,0.82312,0.82333,3.00,1.50
2010.12.07 15:20:35.016,0.82313,0.82334,1.30,3.00
2010.12.07 15:20:35.634,0.82318,0.82334,1.90,1.50
2010.12.07 15:20:38.662,0.82315,0.82337,1.50,1.50
2010.12.07 15:20:39.008,0.82321,0.8234,2.30,3.40
2010.12.07 15:20:39.128,0.82321,0.82342,2.30,4.50
2010.12.07 15:20:39.249,0.82321,0.82342,3.40,4.20
2010.12.07 15:20:41.939,0.82327,0.82343,1.90,2.30
2010.12.07 15:20:43.471,0.82327,0.82344,1.90,3.00
2010.12.07 15:20:44.546,0.82318,0.82341,1.90,3.80
2010.12.07 15:20:44.875,0.82316,0.82334,3.00,1.50
2010.12.07 15:20:45.911,0.82314,0.82324,1.90,1.90
2010.12.07 15:20:46.136,0.82314,0.82329,1.90,1.70
2010.12.07 15:20:46.262,0.82305,0.82326,1.10,1.90
2010.12.07 15:20:46.841,0.8231,0.82333,1.10,3.00
2010.12.07 15:20:47.391,0.82311,0.82333,2.10,2.30
2010.12.07 15:20:47.556,0.82313,0.82333,1.90,1.50
2010.12.07 15:20:47.665,0.82313,0.82333,1.90,1.50
2010.12.07 15:20:48.331,0.82319,0.82338,1.10,1.90
2010.12.07 15:20:48.452,0.82319,0.8234,1.10,1.90
2010.12.07 15:20:50.017,0.82319,0.82341,1.30,4.20
2010.12.07 15:20:50.155,0.82321,0.82343,1.10,2.30
2010.12.07 15:20:50.823,0.82321,0.82343,1.10,2.30
2010.12.07 15:20:51.700,0.82325,0.82343,1.10,1.50
2010.12.07 15:20:52.813,0.82319,0.82343,3.00,4.10
2010.12.07 15:20:52.971,0.82317,0.82337,1.10,1.50
2010.12.07 15:20:53.725,0.82311,0.82333,1.90,3.80
2010.12.07 15:20:53.946,0.82312,0.82333,1.90,3.80
2010.12.07 15:20:54.608,0.82311,0.8233,1.90,1.50
2010.12.07 15:20:55.383,0.82309,0.82327,1.90,1.50
2010.12.07 15:20:55.497,0.82302,0.82324,1.10,1.50
2010.12.07 15:20:56.256,0.82307,0.82324,1.90,1.50
2010.12.07 15:20:56.372,0.82307,0.8233,2.30,1.50
2010.12.07 15:20:56.488,0.82309,0.8233,2.30,1.50
2010.12.07 15:20:58.023,0.82305,0.82329,2.70,2.70
2010.12.07 15:20:58.372,0.823,0.82313,1.90,1.50
2010.12.07 15:20:59.089,0.82298,0.82313,1.90,2.30
2010.12.07 15:20:59.941,0.82295,0.82313,3.80,2.30
2010.12.07 15:21:00.085,0.82304,0.82321,1.50,2.70
2010.12.07 15:21:00.695,0.82306,0.82323,2.60,1.90
2010.12.07 15:21:00.811,0.82311,0.82326,3.00,1.50
2010.12.07 15:21:01.765,0.82311,0.82328,3.00,1.50
2010.12.07 15:21:02.334,0.82314,0.82335,1.10,1.50
2010.12.07 15:21:02.494,0.82311,0.82323,3.00,1.50
2010.12.07 15:21:02.611,0.82311,0.82323,1.90,1.50
2010.12.07 15:21:03.191,0.82317,0.82335,1.30,1.50
2010.12.07 15:21:03.799,0.8232,0.82339,1.90,1.50
2010.12.07 15:21:03.964,0.82322,0.82343,1.10,1.50
2010.12.07 15:21:04.775,0.82322,0.82342,1.10,1.70
2010.12.07 15:21:04.888,0.82322,0.82339,1.10,1.50
2010.12.07 15:21:05.684,0.82322,0.82343,1.10,1.50
2010.12.07 15:21:06.868,0.82322,0.82344,7.10,3.10
2010.12.07 15:21:07.447,0.82322,0.82339,4.20,1.50
2010.12.07 15:21:07.614,0.82316,0.82331,1.90,2.30
2010.12.07 15:21:08.353,0.82316,0.82333,2.10,2.30
2010.12.07 15:21:08.687,0.82318,0.82333,1.90,1.50
2010.12.07 15:21:09.279,0.82318,0.82338,1.90,1.50
2010.12.07 15:21:09.413,0.82311,0.82332,1.10,1.50
2010.12.07 15:21:10.092,0.82316,0.82334,1.90,2.50
2010.12.07 15:21:10.793,0.82315,0.82331,1.90,1.50
2010.12.07 15:21:11.577,0.82309,0.82331,1.10,2.30
2010.12.07 15:21:12.584,0.82312,0.82332,1.90,1.50
2010.12.07 15:21:13.617,0.82311,0.8233,1.90,1.50
2010.12.07 15:21:13.741,0.82311,0.82333,1.90,3.00
2010.12.07 15:21:14.908,0.82308,0.8233,3.00,1.50
2010.12.07 15:21:15.027,0.82309,0.82328,1.90,2.30
2010.12.07 15:21:15.150,0.82309,0.82328,2.70,2.30
2010.12.07 15:21:16.068,0.8231,0.82329,2.70,3.00
2010.12.07 15:21:16.823,0.82312,0.8233,2.30,1.50
2010.12.07 15:21:19.466,0.82313,0.8233,1.90,1.50
2010.12.07 15:21:20.324,0.82314,0.82336,1.10,3.40
2010.12.07 15:21:22.221,0.82316,0.82338,2.60,1.50
2010.12.07 15:21:23.910,0.82316,0.82335,1.10,1.50
2010.12.07 15:21:24.557,0.82312,0.82333,2.60,4.20
2010.12.07 15:21:24.677,0.82317,0.82333,1.50,4.20
2010.12.07 15:21:26.083,0.82317,0.82331,1.50,1.50
2010.12.07 15:21:26.733,0.82317,0.82333,1.50,4.20
2010.12.07 15:21:27.068,0.82317,0.82329,1.50,1.50
2010.12.07 15:21:27.718,0.82317,0.82331,1.50,1.50
2010.12.07 15:21:28.688,0.82317,0.82332,1.50,2.30
2010.12.07 15:21:29.027,0.8232,0.82333,2.50,1.90
2010.12.07 15:21:29.583,0.8232,0.82337,2.50,1.50
2010.12.07 15:21:29.707,0.82321,0.82339,2.50,1.90
2010.12.07 15:21:30.046,0.82327,0.82339,1.50,3.40
2010.12.07 15:21:31.168,0.82327,0.82341,1.50,1.50
2010.12.07 15:21:31.939,0.82327,0.82343,1.50,1.90
2010.12.07 15:21:32.058,0.82327,0.82345,1.50,2.70
2010.12.07 15:21:32.913,0.82327,0.82344,1.50,1.90
2010.12.07 15:21:34.575,0.82327,0.82346,1.50,1.50
2010.12.07 15:21:37.221,0.82331,0.82345,2.30,5.30
2010.12.07 15:21:37.339,0.82326,0.82344,1.10,2.50
2010.12.07 15:21:37.855,0.82322,0.82339,2.30,1.90
2010.12.07 15:21:38.022,0.82314,0.8233,1.90,1.50
2010.12.07 15:21:38.643,0.8231,0.82331,2.30,1.50
2010.12.07 15:21:39.387,0.8231,0.82331,2.30,1.50
2010.12.07 15:21:42.048,0.82311,0.82331,2.30,1.50
2010.12.07 15:21:42.168,0.82314,0.82334,1.10,1.50
2010.12.07 15:21:42.847,0.82315,0.82337,2.30,1.50
2010.12.07 15:21:43.610,0.82314,0.82334,3.00,1.50
2010.12.07 15:21:45.071,0.82316,0.82339,1.90,1.50
2010.12.07 15:21:47.513,0.82313,0.82336,2.30,1.70
2010.12.07 15:21:47.638,0.82312,0.82335,2.30,5.30
2010.12.07 15:21:48.197,0.8231,0.82332,3.00,1.50
2010.12.07 15:21:48.347,0.82314,0.82337,4.90,2.30
2010.12.07 15:21:49.044,0.82315,0.82334,2.30,1.50
2010.12.07 15:21:50.809,0.82327,0.82348,2.30,2.30
2010.12.07 15:21:51.589,0.82328,0.82348,1.40,2.30
2010.12.07 15:21:51.720,0.8233,0.82346,2.30,1.50
2010.12.07 15:21:51.841,0.82328,0.82346,1.90,1.50
2010.12.07 15:21:52.332,0.82328,0.8235,1.90,1.50
2010.12.07 15:21:52.677,0.82333,0.8235,2.30,1.50
2010.12.07 15:21:53.424,0.82347,0.82361,1.50,1.50
2010.12.07 15:21:53.544,0.82347,0.82363,1.50,1.50
2010.12.07 15:21:54.180,0.82347,0.82362,1.50,1.50
2010.12.07 15:21:55.007,0.82344,0.82361,1.10,1.50
2010.12.07 15:21:55.134,0.8234,0.82361,3.40,2.30
2010.12.07 15:21:57.145,0.8234,0.82363,5.30,2.30
2010.12.07 15:21:57.369,0.8234,0.82363,5.30,2.60
2010.12.07 15:21:57.929,0.8234,0.8236,2.60,3.30
2010.12.07 15:21:58.174,0.8233,0.82351,3.00,1.50
2010.12.07 15:21:58.826,0.8233,0.82347,2.70,1.50
2010.12.07 15:21:58.955,0.82326,0.82347,1.90,1.50
2010.12.07 15:21:59.880,0.82327,0.82347,2.60,1.50
2010.12.07 15:22:00.832,0.82331,0.8235,1.90,1.50
2010.12.07 15:22:01.645,0.82333,0.82349,2.70,1.50
2010.12.07 15:22:01.826,0.82339,0.82354,1.90,2.30
2010.12.07 15:22:02.467,0.82335,0.82354,1.90,1.50
2010.12.07 15:22:05.193,0.82334,0.82354,1.10,6.20
2010.12.07 15:22:05.335,0.82329,0.82353,2.80,3.40
2010.12.07 15:22:05.666,0.82337,0.82353,1.50,1.50
2010.12.07 15:22:06.260,0.8233,0.82353,2.30,3.00
2010.12.07 15:22:09.148,0.82332,0.82353,1.10,3.00
2010.12.07 15:22:09.380,0.82331,0.82353,2.30,3.00
2010.12.07 15:22:10.002,0.82335,0.82353,1.90,3.00
2010.12.07 15:22:10.115,0.8233,0.82353,2.30,3.00
2010.12.07 15:22:13.683,0.82334,0.82356,1.10,2.70
2010.12.07 15:22:14.190,0.82342,0.82354,1.10,1.50
2010.12.07 15:22:14.311,0.82342,0.82362,1.10,1.50
2010.12.07 15:22:15.389,0.82343,0.82362,1.10,1.50
2010.12.07 15:22:15.510,0.82343,0.82363,1.10,2.30
2010.12.07 15:22:16.674,0.82341,0.82363,2.30,2.30
2010.12.07 15:22:18.230,0.82341,0.82358,2.30,2.30
2010.12.07 15:22:18.795,0.82341,0.82364,2.30,8.50
2010.12.07 15:22:19.457,0.82341,0.82362,1.10,1.50
2010.12.07 15:22:20.884,0.82337,0.82363,3.00,3.40
2010.12.07 15:22:21.051,0.82337,0.82355,1.90,1.50
2010.12.07 15:22:21.591,0.82334,0.82355,3.00,1.50
2010.12.07 15:22:21.821,0.82333,0.82353,3.00,2.30
2010.12.07 15:22:22.480,0.82333,0.82353,1.90,2.30
2010.12.07 15:22:24.105,0.82333,0.82354,1.90,2.30
2010.12.07 15:22:24.251,0.82333,0.82355,2.70,1.50
2010.12.07 15:22:25.032,0.82329,0.8235,1.90,1.50
2010.12.07 15:22:26.492,0.82329,0.8235,3.00,1.50
2010.12.07 15:22:26.719,0.82337,0.82355,1.90,1.50
2010.12.07 15:22:27.325,0.82336,0.82356,1.90,4.00
2010.12.07 15:22:28.236,0.82338,0.82358,2.30,1.50
2010.12.07 15:22:29.617,0.82334,0.82355,2.30,1.50
2010.12.07 15:22:30.305,0.82337,0.82355,1.50,1.50
2010.12.07 15:22:31.339,0.82334,0.82355,2.30,1.50
2010.12.07 15:22:32.094,0.82333,0.82357,1.10,2.30
2010.12.07 15:22:33.808,0.82331,0.82353,1.10,2.30
2010.12.07 15:22:34.041,0.82331,0.82348,1.10,3.00
2010.12.07 15:22:34.796,0.82326,0.82347,1.10,3.00
2010.12.07 15:22:35.669,0.82329,0.82348,1.90,1.50
2010.12.07 15:22:37.938,0.8233,0.8235,1.90,1.50
2010.12.07 15:22:39.246,0.8233,0.8235,1.90,1.50
2010.12.07 15:22:40.147,0.82329,0.82344,1.90,4.70
2010.12.07 15:22:40.273,0.82326,0.82344,1.90,1.70
2010.12.07 15:22:40.740,0.82326,0.82343,1.90,2.50
2010.12.07 15:22:40.913,0.82317,0.82342,2.60,3.40
2010.12.07 15:22:41.612,0.82317,0.82339,2.60,1.50
2010.12.07 15:22:42.881,0.82318,0.82339,1.10,1.50
2010.12.07 15:22:43.560,0.82328,0.82345,1.10,2.70
2010.12.07 15:22:43.679,0.82334,0.82353,1.90,2.30
2010.12.07 15:22:44.238,0.82334,0.82354,2.30,2.30
2010.12.07 15:22:45.095,0.82334,0.82357,2.30,3.00
2010.12.07 15:22:45.974,0.82335,0.82359,3.00,3.40
2010.12.07 15:22:46.106,0.82335,0.8235,1.90,2.30
2010.12.07 15:22:46.782,0.8233,0.82354,3.00,4.70
2010.12.07 15:22:47.118,0.8233,0.82353,3.00,3.80
2010.12.07 15:22:47.842,0.82331,0.82351,1.90,1.50
2010.12.07 15:22:47.980,0.82333,0.82351,1.90,1.50
2010.12.07 15:22:48.841,0.82332,0.82351,1.90,1.50
2010.12.07 15:22:50.483,0.82334,0.82351,2.30,1.50
2010.12.07 15:22:51.217,0.82328,0.82351,2.30,4.00
2010.12.07 15:22:51.772,0.82331,0.82346,1.90,1.50
2010.12.07 15:22:51.934,0.82326,0.82346,1.90,3.40
2010.12.07 15:22:52.049,0.82328,0.82346,1.90,1.50
2010.12.07 15:22:54.237,0.82327,0.82346,2.90,1.50
2010.12.07 15:22:54.983,0.82343,0.82356,1.90,1.50
2010.12.07 15:22:55.101,0.82343,0.8236,2.10,1.50
2010.12.07 15:22:55.619,0.82343,0.82353,2.10,1.50
2010.12.07 15:22:55.743,0.8234,0.82359,1.90,1.50
2010.12.07 15:22:55.859,0.82343,0.82355,1.90,1.50
2010.12.07 15:22:56.525,0.82337,0.82358,5.30,2.30
2010.12.07 15:22:56.637,0.8234,0.82358,1.90,1.50
2010.12.07 15:22:57.842,0.82343,0.8236,1.90,1.50
2010.12.07 15:22:57.956,0.82341,0.82361,1.90,2.30
2010.12.07 15:22:58.540,0.82342,0.82361,3.00,2.30
2010.12.07 15:22:58.984,0.82342,0.82361,1.10,2.30
2010.12.07 15:22:59.783,0.82346,0.82366,2.10,2.30
2010.12.07 15:23:00.021,0.82352,0.8237,1.90,1.50
2010.12.07 15:23:00.730,0.82346,0.82367,2.60,1.50
2010.12.07 15:23:00.847,0.82346,0.82365,1.90,2.30
2010.12.07 15:23:01.788,0.8235,0.82366,1.90,2.30
2010.12.07 15:23:01.906,0.8235,0.8237,1.90,3.00
2010.12.07 15:23:03.051,0.82347,0.82367,2.30,1.50
2010.12.07 15:23:03.176,0.82343,0.82366,2.30,1.50
2010.12.07 15:23:03.909,0.82347,0.82366,1.50,1.50
2010.12.07 15:23:04.863,0.82344,0.82366,2.30,3.00
2010.12.07 15:23:05.025,0.82346,0.82366,3.80,1.50
2010.12.07 15:23:06.031,0.82347,0.82365,1.90,1.50
2010.12.07 15:23:06.267,0.82348,0.82365,1.90,1.50
2010.12.07 15:23:06.611,0.82349,0.82369,1.10,2.30
2010.12.07 15:23:07.293,0.82349,0.82367,1.10,1.50
2010.12.07 15:23:08.039,0.82341,0.82361,1.10,1.50
2010.12.07 15:23:08.874,0.82335,0.82357,3.00,1.50
2010.12.07 15:23:08.989,0.82335,0.82353,1.10,1.50
2010.12.07 15:23:09.637,0.82337,0.82353,1.90,1.50
2010.12.07 15:23:09.765,0.82343,0.82361,1.90,1.50
2010.12.07 15:23:09.987,0.82341,0.82361,1.90,1.50
2010.12.07 15:23:10.109,0.82344,0.82354,1.90,1.50
2010.12.07 15:23:10.778,0.82339,0.82361,2.30,1.50
2010.12.07 15:23:10.932,0.82344,0.82362,1.90,1.50
2010.12.07 15:23:11.048,0.82341,0.82363,4.90,1.50
2010.12.07 15:23:12.518,0.82343,0.82366,2.70,1.50
2010.12.07 15:23:12.640,0.82344,0.82366,1.10,1.50
2010.12.07 15:23:13.407,0.82344,0.82363,3.00,1.50
2010.12.07 15:23:15.061,0.82345,0.82363,2.30,1.50
2010.12.07 15:23:15.615,0.82345,0.82369,3.00,1.50
2010.12.07 15:23:17.985,0.82347,0.82364,2.30,1.50
2010.12.07 15:23:19.340,0.82345,0.82368,1.10,2.30
2010.12.07 15:23:20.010,0.82344,0.82366,1.10,1.50
2010.12.07 15:23:20.566,0.82344,0.82366,1.10,1.50
2010.12.07 15:23:21.492,0.8234,0.82363,1.10,2.30
2010.12.07 15:23:21.826,0.82345,0.82363,1.10,1.50
