2017.08.31 06:00:00.106,0.87273,0.87282,1.69,1.00
2017.08.31 06:00:00.208,0.87272,0.87283,1.00,1.50
2017.08.31 06:00:00.757,0.87272,0.87281,1.00,3.19
2017.08.31 06:00:00.809,0.8727,0.87279,1.00,1.00
2017.08.31 06:00:01.319,0.87269,0.87279,1.31,1.12
2017.08.31 06:00:02.179,0.87269,0.8728,2.06,1.12
2017.08.31 06:00:02.231,0.87275,0.8728,1.69,1.12
2017.08.31 06:00:02.283,0.87276,0.87284,1.00,1.50
2017.08.31 06:00:02.335,0.87276,0.87284,1.75,1.00
2017.08.31 06:00:03.076,0.87278,0.87288,1.12,1.00
2017.08.31 06:00:03.654,0.87279,0.87289,1.00,1.37
2017.08.31 06:00:04.115,0.8728,0.8729,1.00,1.00
2017.08.31 06:00:04.268,0.87282,0.87291,1.00,1.31
2017.08.31 06:00:04.850,0.87282,0.87292,1.00,2.44
2017.08.31 06:00:05.054,0.8728,0.87292,1.00,3.94
2017.08.31 06:00:05.564,0.87281,0.87292,1.00,2.44
2017.08.31 06:00:05.769,0.87284,0.87294,1.00,1.31
2017.08.31 06:00:06.310,0.87285,0.87293,1.00,1.00
2017.08.31 06:00:06.820,0.87284,0.87292,1.00,1.00
2017.08.31 06:00:07.017,0.87286,0.87292,1.00,1.00
2017.08.31 06:00:08.552,0.87286,0.87294,1.00,1.50
2017.08.31 06:00:09.102,0.87286,0.87293,1.00,1.00
2017.08.31 06:00:09.472,0.87284,0.87294,1.00,1.12
2017.08.31 06:00:10.034,0.87284,0.87293,1.00,1.00
2017.08.31 06:00:10.574,0.87286,0.87295,1.00,1.12
2017.08.31 06:00:11.124,0.87285,0.87295,1.00,3.19
2017.08.31 06:00:11.430,0.87283,0.87292,1.12,1.87
2017.08.31 06:00:11.736,0.87282,0.87289,1.00,1.50
2017.08.31 06:00:12.239,0.87282,0.8729,1.00,2.81
2017.08.31 06:00:12.596,0.8728,0.8729,1.00,4.31
2017.08.31 06:00:13.441,0.87281,0.87289,1.00,1.12
2017.08.31 06:00:13.493,0.87279,0.87287,1.00,2.25
2017.08.31 06:00:14.019,0.87279,0.87287,1.00,1.50
2017.08.31 06:00:14.521,0.87281,0.87288,1.00,1.00
2017.08.31 06:00:15.058,0.8728,0.87288,1.00,1.00
2017.08.31 06:00:15.364,0.87282,0.87288,1.00,1.00
2017.08.31 06:00:16.021,0.87281,0.87288,1.00,1.00
2017.08.31 06:00:16.524,0.8728,0.87288,1.00,1.00
2017.08.31 06:00:17.205,0.8728,0.87288,1.37,1.00
2017.08.31 06:00:17.887,0.8728,0.87288,1.00,1.00
2017.08.31 06:00:18.471,0.87278,0.87288,1.25,3.00
2017.08.31 06:00:18.934,0.87279,0.87286,1.12,1.00
2017.08.31 06:00:19.474,0.87278,0.87287,1.31,3.00
2017.08.31 06:00:19.996,0.87278,0.87284,1.69,1.00
2017.08.31 06:00:20.201,0.87275,0.87284,1.69,1.00
2017.08.31 06:00:20.405,0.87275,0.87283,1.31,1.00
2017.08.31 06:00:20.948,0.87275,0.87282,1.00,1.00
2017.08.31 06:00:21.050,0.87275,0.87284,1.50,1.00
2017.08.31 06:00:21.583,0.87276,0.87284,1.12,1.00
2017.08.31 06:00:22.280,0.87276,0.87285,1.12,1.25
2017.08.31 06:00:22.851,0.87276,0.87284,1.12,1.00
2017.08.31 06:00:23.598,0.87276,0.87283,1.12,1.00
2017.08.31 06:00:24.257,0.87276,0.87284,1.12,1.00
2017.08.31 06:00:27.232,0.87275,0.87284,1.12,1.00
2017.08.31 06:00:27.940,0.87275,0.87283,1.12,1.00
2017.08.31 06:00:28.603,0.87272,0.87283,1.62,1.00
2017.08.31 06:00:28.824,0.87272,0.87281,1.62,1.00
2017.08.31 06:00:29.988,0.87271,0.8728,1.50,1.00
2017.08.31 06:00:30.040,0.87271,0.8728,1.12,1.00
2017.08.31 06:00:32.302,0.87269,0.87279,1.69,1.00
2017.08.31 06:00:33.169,0.87269,0.87279,2.06,1.50
2017.08.31 06:00:33.695,0.87269,0.87279,1.31,1.00
2017.08.31 06:00:34.228,0.87269,0.87278,1.31,1.00
2017.08.31 06:00:34.734,0.87272,0.87279,1.19,1.00
2017.08.31 06:00:35.267,0.87271,0.87279,2.00,1.00
2017.08.31 06:00:35.923,0.8727,0.8728,3.56,1.00
2017.08.31 06:00:36.936,0.87269,0.87278,5.06,1.00
2017.08.31 06:00:37.535,0.87269,0.87279,2.44,1.00
2017.08.31 06:00:38.174,0.8727,0.87281,2.00,1.87
2017.08.31 06:00:38.525,0.87273,0.8728,1.94,1.00
2017.08.31 06:00:38.628,0.87276,0.87283,1.00,1.00
2017.08.31 06:00:38.679,0.87276,0.87285,1.00,1.50
2017.08.31 06:00:39.037,0.87275,0.87284,1.75,1.00
2017.08.31 06:00:39.619,0.87274,0.87285,5.06,1.00
2017.08.31 06:00:40.172,0.87276,0.87285,1.00,1.00
2017.08.31 06:00:41.055,0.87276,0.87285,1.50,1.00
2017.08.31 06:00:41.855,0.87279,0.87285,1.37,1.00
2017.08.31 06:00:41.907,0.87278,0.87288,2.44,1.50
2017.08.31 06:00:42.412,0.87278,0.87289,2.81,1.50
2017.08.31 06:00:42.944,0.87279,0.87288,1.75,1.00
2017.08.31 06:00:43.300,0.87282,0.87291,1.00,1.69
2017.08.31 06:00:43.811,0.87283,0.87289,1.00,1.00
2017.08.31 06:00:43.862,0.8728,0.87289,1.50,1.00
2017.08.31 06:00:44.215,0.87283,0.87292,1.00,2.62
2017.08.31 06:00:44.522,0.87286,0.87293,1.31,1.00
2017.08.31 06:00:45.108,0.87285,0.87293,1.69,1.00
2017.08.31 06:00:45.628,0.87287,0.87295,1.31,1.00
2017.08.31 06:00:45.730,0.87289,0.87297,1.00,1.00
2017.08.31 06:00:46.037,0.87292,0.87298,1.12,1.00
2017.08.31 06:00:46.353,0.87294,0.87302,1.31,2.25
2017.08.31 06:00:46.455,0.87295,0.87303,1.50,1.12
2017.08.31 06:00:48.192,0.87297,0.87303,1.00,1.00
2017.08.31 06:00:48.601,0.87298,0.87306,1.37,1.00
2017.08.31 06:00:48.703,0.87297,0.87304,1.75,1.00
2017.08.31 06:00:48.958,0.87297,0.87305,1.12,1.00
2017.08.31 06:00:49.836,0.87296,0.87304,1.69,1.50
2017.08.31 06:00:50.346,0.87299,0.87307,1.19,1.50
2017.08.31 06:00:51.006,0.87299,0.87307,2.44,1.50
2017.08.31 06:00:51.522,0.87299,0.87308,1.50,2.25
2017.08.31 06:00:52.706,0.87298,0.87306,3.37,1.00
2017.08.31 06:00:52.808,0.87297,0.87304,1.00,1.00
2017.08.31 06:00:53.351,0.87297,0.87305,1.37,1.00
2017.08.31 06:00:54.255,0.87297,0.87306,1.37,2.25
2017.08.31 06:00:54.440,0.87297,0.87304,1.37,1.00
2017.08.31 06:00:54.977,0.87297,0.87305,1.00,1.00
2017.08.31 06:00:55.504,0.87296,0.87304,1.12,1.00
2017.08.31 06:00:56.048,0.87296,0.87303,1.12,1.00
2017.08.31 06:00:56.558,0.87296,0.87304,1.12,1.50
2017.08.31 06:00:58.366,0.87295,0.87305,1.50,2.25
2017.08.31 06:00:58.919,0.87295,0.87304,1.50,1.00
2017.08.31 06:00:59.475,0.87294,0.87303,1.69,1.00
2017.08.31 06:01:00.470,0.87295,0.87305,1.50,3.00
2017.08.31 06:01:01.208,0.87296,0.87305,1.12,1.00
2017.08.31 06:01:02.986,0.87295,0.87304,1.69,1.00
2017.08.31 06:01:03.532,0.87295,0.87305,1.69,1.00
2017.08.31 06:01:04.094,0.87295,0.87304,1.69,1.00
2017.08.31 06:01:07.401,0.87296,0.87302,1.00,2.25
2017.08.31 06:01:07.504,0.87292,0.873,1.00,1.00
2017.08.31 06:01:08.054,0.8729,0.87299,2.06,1.00
2017.08.31 06:01:08.899,0.8729,0.873,2.00,1.00
2017.08.31 06:01:09.153,0.8729,0.87298,2.00,1.50
2017.08.31 06:01:09.409,0.87285,0.87294,2.06,1.00
2017.08.31 06:01:09.512,0.87285,0.87294,1.31,1.00
2017.08.31 06:01:09.563,0.87285,0.87292,1.31,1.00
2017.08.31 06:01:09.667,0.87285,0.87294,1.31,1.00
2017.08.31 06:01:09.769,0.87286,0.87294,1.69,1.00
2017.08.31 06:01:09.820,0.87286,0.87296,2.44,1.00
2017.08.31 06:01:09.923,0.87288,0.87297,1.50,1.00
2017.08.31 06:01:11.019,0.87286,0.87296,3.56,1.00
2017.08.31 06:01:11.447,0.87286,0.87296,2.06,1.00
2017.08.31 06:01:14.178,0.87284,0.87294,3.56,1.00
2017.08.31 06:01:14.436,0.87285,0.87293,1.00,1.50
2017.08.31 06:01:15.175,0.87285,0.87294,1.50,2.25
2017.08.31 06:01:15.677,0.87286,0.87294,1.00,1.00
2017.08.31 06:01:17.001,0.87286,0.87297,1.00,3.94
2017.08.31 06:01:17.440,0.87286,0.87294,1.19,1.00
2017.08.31 06:01:17.756,0.87284,0.87293,1.50,1.50
2017.08.31 06:01:18.312,0.87285,0.87289,1.00,1.00
2017.08.31 06:01:18.363,0.87281,0.87289,1.00,1.00
2017.08.31 06:01:18.907,0.8728,0.87289,1.00,2.25
2017.08.31 06:01:19.952,0.87279,0.87288,1.00,1.50
2017.08.31 06:01:20.106,0.87277,0.87283,1.00,1.00
2017.08.31 06:01:20.208,0.87273,0.87283,1.25,1.50
2017.08.31 06:01:20.259,0.87273,0.87283,1.25,2.62
2017.08.31 06:01:20.635,0.87272,0.8728,1.00,1.37
2017.08.31 06:01:21.502,0.87275,0.87282,1.00,2.62
2017.08.31 06:01:21.554,0.87276,0.87283,1.00,1.00
2017.08.31 06:01:21.657,0.87276,0.87287,1.87,2.62
2017.08.31 06:01:21.861,0.87279,0.87288,1.00,1.62
2017.08.31 06:01:22.217,0.87281,0.87289,1.12,1.12
2017.08.31 06:01:22.322,0.87282,0.87291,1.12,1.25
2017.08.31 06:01:22.927,0.87283,0.87291,1.12,1.00
2017.08.31 06:01:23.537,0.87281,0.87288,1.25,1.12
2017.08.31 06:01:23.691,0.87277,0.87287,1.00,1.87
2017.08.31 06:01:24.257,0.87276,0.87287,1.00,4.31
2017.08.31 06:01:25.775,0.87276,0.87287,2.44,1.12
2017.08.31 06:01:27.432,0.87279,0.87288,1.00,1.50
2017.08.31 06:01:27.585,0.87283,0.87292,1.00,1.69
2017.08.31 06:01:28.044,0.87284,0.87294,1.12,1.50
2017.08.31 06:01:28.095,0.87284,0.87292,1.12,1.00
2017.08.31 06:01:28.369,0.87284,0.87294,1.12,1.00
2017.08.31 06:01:28.832,0.87286,0.87294,1.00,1.00
2017.08.31 06:01:29.379,0.87286,0.87296,1.00,3.19
2017.08.31 06:01:29.979,0.87285,0.87293,1.00,1.00
2017.08.31 06:01:30.031,0.87283,0.87294,1.00,2.62
2017.08.31 06:01:30.337,0.87286,0.87293,1.00,1.00
2017.08.31 06:01:30.389,0.87286,0.87295,1.00,3.37
2017.08.31 06:01:31.940,0.87287,0.87295,1.00,2.25
2017.08.31 06:01:32.495,0.87286,0.87294,1.00,1.00
2017.08.31 06:01:36.072,0.87287,0.87295,1.00,2.25
2017.08.31 06:01:36.584,0.87286,0.87294,1.00,1.50
2017.08.31 06:01:37.589,0.87285,0.87293,1.00,1.50
2017.08.31 06:01:38.128,0.87285,0.87292,1.00,1.19
2017.08.31 06:01:38.638,0.87284,0.87291,1.00,1.00
2017.08.31 06:01:39.177,0.87284,0.87292,1.00,3.37
2017.08.31 06:01:39.332,0.87282,0.8729,1.12,1.25
2017.08.31 06:01:39.791,0.8728,0.87289,1.00,1.19
2017.08.31 06:01:41.754,0.8728,0.87289,1.00,3.56
2017.08.31 06:01:42.289,0.8728,0.87289,1.00,2.06
2017.08.31 06:01:42.635,0.87283,0.87289,1.00,2.81
2017.08.31 06:01:42.738,0.87283,0.87288,1.00,1.00
2017.08.31 06:01:42.790,0.87281,0.87287,1.50,1.00
2017.08.31 06:01:42.994,0.8728,0.87289,1.00,1.87
2017.08.31 06:01:43.046,0.87282,0.87289,1.00,1.12
2017.08.31 06:01:43.446,0.87284,0.8729,1.00,1.00
2017.08.31 06:01:43.984,0.87284,0.87292,1.00,1.19
2017.08.31 06:01:45.484,0.87284,0.87292,1.00,1.69
2017.08.31 06:01:45.983,0.87282,0.87286,1.00,1.00
2017.08.31 06:01:46.034,0.87279,0.87284,1.12,1.00
2017.08.31 06:01:46.550,0.87278,0.87285,1.00,1.25
2017.08.31 06:01:46.652,0.8728,0.87287,1.00,2.06
2017.08.31 06:01:48.276,0.8728,0.87286,1.00,1.25
2017.08.31 06:01:48.764,0.87282,0.87287,1.00,1.00
2017.08.31 06:01:48.866,0.8728,0.87287,1.00,1.00
2017.08.31 06:01:49.416,0.87279,0.87286,1.00,1.31
2017.08.31 06:01:49.966,0.87279,0.87287,1.00,2.06
2017.08.31 06:01:50.119,0.87281,0.87287,1.00,1.25
2017.08.31 06:01:50.790,0.87283,0.87288,1.00,1.12
2017.08.31 06:01:52.005,0.87282,0.87288,1.00,1.00
2017.08.31 06:01:52.209,0.87283,0.8729,1.00,1.25
2017.08.31 06:01:52.261,0.87285,0.8729,1.00,1.25
2017.08.31 06:01:52.848,0.87285,0.87291,1.00,1.00
2017.08.31 06:01:53.358,0.8728,0.87286,1.00,1.00
2017.08.31 06:01:53.893,0.8728,0.87289,1.00,2.06
2017.08.31 06:01:53.944,0.87282,0.87289,1.00,1.25
2017.08.31 06:01:54.250,0.87284,0.8729,1.00,1.19
2017.08.31 06:01:54.404,0.87286,0.87294,1.00,2.81
2017.08.31 06:01:54.547,0.87287,0.87295,1.00,2.06
2017.08.31 06:01:54.649,0.87289,0.87295,1.00,1.87
2017.08.31 06:01:55.501,0.87289,0.87294,1.00,1.00
2017.08.31 06:01:56.355,0.87289,0.87295,1.00,1.00
2017.08.31 06:01:56.938,0.8729,0.87295,1.00,1.00
2017.08.31 06:01:57.190,0.8729,0.87297,1.00,1.00
2017.08.31 06:01:57.344,0.87292,0.87299,1.00,1.00
2017.08.31 06:01:57.650,0.87294,0.87301,1.00,1.50
2017.08.31 06:01:58.159,0.87293,0.87301,1.00,1.00
2017.08.31 06:01:59.216,0.87292,0.87301,1.00,1.00
2017.08.31 06:02:00.234,0.87296,0.87302,1.00,1.00
2017.08.31 06:02:00.286,0.87296,0.87304,1.00,1.87
2017.08.31 06:02:01.297,0.87298,0.87305,1.00,1.69
2017.08.31 06:02:01.566,0.87298,0.87306,1.00,1.00
2017.08.31 06:02:02.301,0.87299,0.87308,1.00,2.81
2017.08.31 06:02:02.352,0.87301,0.87308,1.00,1.69
2017.08.31 06:02:02.945,0.87301,0.8731,1.00,2.44
2017.08.31 06:02:03.943,0.873,0.87304,1.00,1.00
2017.08.31 06:02:03.996,0.87297,0.87304,1.12,1.12
2017.08.31 06:02:04.203,0.87296,0.87306,1.00,3.56
2017.08.31 06:02:04.761,0.87297,0.87306,1.00,3.37
2017.08.31 06:02:05.284,0.87299,0.87306,1.00,3.37
2017.08.31 06:02:05.564,0.87295,0.87302,1.00,1.00
2017.08.31 06:02:06.023,0.87295,0.873,1.00,1.00
2017.08.31 06:02:06.282,0.87292,0.87299,1.00,1.87
2017.08.31 06:02:06.334,0.87294,0.87299,1.00,1.00
2017.08.31 06:02:06.843,0.87294,0.873,1.00,1.00
2017.08.31 06:02:07.364,0.87293,0.873,1.00,1.00
2017.08.31 06:02:07.904,0.87294,0.87299,1.00,1.00
2017.08.31 06:02:08.153,0.87294,0.87301,1.00,1.00
2017.08.31 06:02:08.204,0.87296,0.87304,1.00,1.50
2017.08.31 06:02:08.460,0.87301,0.87308,1.00,1.00
2017.08.31 06:02:08.563,0.87304,0.87309,1.00,1.00
2017.08.31 06:02:08.615,0.87302,0.87309,1.00,1.00
2017.08.31 06:02:09.198,0.87303,0.87309,1.00,1.00
2017.08.31 06:02:09.249,0.87303,0.87311,1.00,2.25
2017.08.31 06:02:09.771,0.87304,0.87311,1.00,1.00
2017.08.31 06:02:10.274,0.87304,0.87312,1.00,3.56
2017.08.31 06:02:10.942,0.87304,0.87311,1.00,1.00
2017.08.31 06:02:11.368,0.87306,0.87311,1.00,1.00
2017.08.31 06:02:11.886,0.87307,0.87312,1.00,1.00
2017.08.31 06:02:12.490,0.87307,0.87313,1.00,1.00
2017.08.31 06:02:12.796,0.87309,0.87316,1.00,3.49
2017.08.31 06:02:12.898,0.8731,0.87316,1.00,1.00
2017.08.31 06:02:12.949,0.8731,0.87318,1.00,3.19
2017.08.31 06:02:13.458,0.8731,0.87317,1.00,1.00
2017.08.31 06:02:14.079,0.87308,0.87314,1.00,1.25
2017.08.31 06:02:14.130,0.87307,0.87316,1.00,1.42
2017.08.31 06:02:14.442,0.87307,0.87315,1.00,1.61
2017.08.31 06:02:14.958,0.87306,0.87314,1.00,1.50
2017.08.31 06:02:17.761,0.87307,0.87314,1.00,1.50
2017.08.31 06:02:18.308,0.87308,0.87315,1.00,1.00
2017.08.31 06:02:19.475,0.87308,0.87316,1.00,2.06
2017.08.31 06:02:19.952,0.87308,0.87314,1.00,1.00
2017.08.31 06:02:20.111,0.87308,0.87316,1.00,1.31
2017.08.31 06:02:20.263,0.8731,0.87317,1.00,2.36
2017.08.31 06:02:21.017,0.8731,0.87318,1.00,1.50
2017.08.31 06:02:22.313,0.87311,0.87318,1.00,1.00
2017.08.31 06:02:22.924,0.87311,0.87317,1.00,1.00
2017.08.31 06:02:23.107,0.87308,0.87316,1.12,1.25
2017.08.31 06:02:23.158,0.8731,0.87317,1.00,2.44
2017.08.31 06:02:23.413,0.87312,0.87318,1.00,1.25
2017.08.31 06:02:23.567,0.87312,0.87316,1.00,1.00
2017.08.31 06:02:23.805,0.8731,0.87316,1.00,1.00
2017.08.31 06:02:24.212,0.87309,0.87315,1.00,1.19
2017.08.31 06:02:24.315,0.87307,0.87315,1.00,1.19
2017.08.31 06:02:24.368,0.87308,0.87315,1.00,1.25
2017.08.31 06:02:24.420,0.8731,0.87316,1.00,1.19
2017.08.31 06:02:24.796,0.87308,0.87316,1.00,2.44
2017.08.31 06:02:25.106,0.87304,0.87311,1.00,1.19
2017.08.31 06:02:25.415,0.87307,0.87316,1.00,2.06
2017.08.31 06:02:25.466,0.8731,0.87317,1.00,2.44
2017.08.31 06:02:25.762,0.8731,0.87318,1.00,1.25
2017.08.31 06:02:26.276,0.87311,0.87319,1.00,1.69
2017.08.31 06:02:26.794,0.87307,0.87317,1.00,1.00
2017.08.31 06:02:27.354,0.87309,0.87317,1.00,1.00
2017.08.31 06:02:27.406,0.87307,0.87317,1.50,1.00
2017.08.31 06:02:27.942,0.87307,0.87317,2.25,1.50
2017.08.31 06:02:28.045,0.87306,0.87315,1.87,1.00
2017.08.31 06:02:28.096,0.87306,0.87315,1.50,1.00
2017.08.31 06:02:28.466,0.87308,0.87316,1.00,2.44
2017.08.31 06:02:29.623,0.87307,0.87316,1.00,2.44
2017.08.31 06:02:31.027,0.87306,0.87315,1.00,1.12
2017.08.31 06:02:32.257,0.87306,0.87315,1.00,1.31
2017.08.31 06:02:32.780,0.87308,0.87315,1.00,1.19
2017.08.31 06:02:32.984,0.87306,0.87314,1.12,1.25
2017.08.31 06:02:33.035,0.87308,0.87314,1.00,1.25
2017.08.31 06:02:38.351,0.87309,0.87318,1.00,1.69
2017.08.31 06:02:38.773,0.87307,0.87315,1.87,1.00
2017.08.31 06:02:39.292,0.87307,0.87315,1.50,1.00
2017.08.31 06:02:39.603,0.87304,0.87313,2.62,1.25
2017.08.31 06:02:39.654,0.87306,0.87311,1.00,1.00
2017.08.31 06:02:39.822,0.873,0.87309,1.50,1.69
2017.08.31 06:02:39.925,0.87298,0.87305,1.50,1.00
2017.08.31 06:02:40.435,0.87298,0.87306,1.00,1.69
2017.08.31 06:02:42.086,0.87299,0.87306,1.00,1.25
2017.08.31 06:02:42.394,0.87304,0.87312,1.50,1.00
2017.08.31 06:02:42.496,0.87306,0.87314,1.00,1.19
2017.08.31 06:02:42.707,0.87305,0.87315,1.00,1.12
2017.08.31 06:02:43.322,0.87306,0.87315,1.00,1.12
2017.08.31 06:02:43.866,0.87307,0.87315,1.00,1.12
2017.08.31 06:02:43.918,0.87309,0.87317,1.00,1.50
2017.08.31 06:02:43.969,0.87309,0.87317,1.00,1.00
2017.08.31 06:02:44.021,0.87312,0.87319,1.00,1.00
2017.08.31 06:02:44.123,0.87313,0.87322,1.19,1.00
2017.08.31 06:02:44.295,0.87313,0.87323,1.19,1.50
2017.08.31 06:02:44.346,0.87315,0.87323,1.00,5.62
2017.08.31 06:02:46.517,0.87314,0.87323,1.25,1.12
2017.08.31 06:02:46.570,0.87314,0.87323,1.25,1.50
2017.08.31 06:02:47.115,0.87313,0.87322,1.00,1.12
2017.08.31 06:02:48.120,0.87313,0.87322,1.00,1.50
2017.08.31 06:02:54.449,0.87312,0.87321,1.00,1.00
2017.08.31 06:02:54.970,0.87313,0.87321,1.00,1.00
2017.08.31 06:02:55.542,0.87313,0.87322,1.00,1.50
2017.08.31 06:02:58.246,0.87313,0.87323,1.00,2.81
2017.08.31 06:02:58.766,0.87314,0.87324,1.00,2.44
2017.08.31 06:02:59.323,0.87313,0.87323,1.00,2.06
2017.08.31 06:02:59.846,0.87313,0.87322,1.00,1.00
2017.08.31 06:03:00.941,0.87311,0.87322,1.50,1.12
2017.08.31 06:03:02.796,0.87311,0.8732,1.69,1.00
2017.08.31 06:03:03.370,0.8731,0.8732,1.00,1.12
2017.08.31 06:03:03.677,0.87307,0.87318,2.81,1.00
2017.08.31 06:03:04.714,0.87307,0.87317,1.69,1.00
2017.08.31 06:03:05.864,0.87307,0.87318,2.44,1.12
2017.08.31 06:03:07.119,0.87307,0.87319,3.19,2.62
2017.08.31 06:03:08.433,0.87308,0.87317,1.31,1.00
2017.08.31 06:03:08.961,0.87308,0.87319,1.31,2.25
2017.08.31 06:03:16.777,0.87309,0.87319,1.00,1.87
2017.08.31 06:03:17.494,0.87309,0.87318,1.00,1.00
2017.08.31 06:03:19.568,0.87311,0.87319,1.00,1.12
2017.08.31 06:03:21.019,0.87311,0.87321,1.00,2.62
2017.08.31 06:03:21.350,0.87309,0.87317,1.00,1.00
2017.08.31 06:03:21.809,0.8731,0.8732,1.00,2.25
2017.08.31 06:03:22.379,0.8731,0.8732,1.00,2.62
2017.08.31 06:03:24.837,0.87311,0.87322,1.00,6.00
2017.08.31 06:03:25.041,0.87312,0.87323,1.00,3.00
2017.08.31 06:03:26.058,0.87311,0.87318,1.12,1.00
2017.08.31 06:03:26.161,0.87308,0.87316,1.25,1.00
2017.08.31 06:03:26.213,0.8731,0.87316,1.00,1.00
2017.08.31 06:03:26.266,0.87307,0.87316,1.00,1.12
2017.08.31 06:03:26.691,0.87305,0.87316,2.25,1.69
2017.08.31 06:03:26.945,0.87308,0.87316,1.00,1.75
2017.08.31 06:03:27.047,0.87309,0.87316,1.00,1.12
2017.08.31 06:03:27.552,0.8731,0.87319,1.00,3.19
2017.08.31 06:03:27.604,0.87314,0.87323,1.00,3.94
2017.08.31 06:03:28.218,0.87313,0.87323,1.00,2.44
2017.08.31 06:03:28.270,0.87314,0.87322,1.00,1.31
2017.08.31 06:03:28.676,0.87314,0.87323,1.00,1.25
2017.08.31 06:03:29.344,0.87315,0.87325,1.00,2.44
2017.08.31 06:03:30.174,0.87312,0.87325,1.87,2.44
2017.08.31 06:03:30.616,0.87314,0.87325,1.00,2.44
2017.08.31 06:03:31.144,0.87314,0.87323,1.00,1.00
2017.08.31 06:03:31.653,0.87315,0.87322,1.00,1.00
2017.08.31 06:03:32.392,0.87315,0.87323,1.00,1.00
2017.08.31 06:03:32.922,0.87315,0.87325,1.00,2.44
2017.08.31 06:03:33.520,0.87315,0.87325,1.00,1.69
2017.08.31 06:03:34.763,0.87315,0.87324,1.00,1.00
2017.08.31 06:03:35.078,0.87319,0.87326,1.00,1.00
2017.08.31 06:03:35.130,0.87317,0.87326,1.00,1.00
2017.08.31 06:03:35.336,0.87313,0.87324,1.00,1.19
2017.08.31 06:03:35.489,0.87312,0.87324,1.00,4.31
2017.08.31 06:03:36.140,0.87311,0.8732,1.00,1.00
2017.08.31 06:03:36.678,0.87311,0.87319,1.00,1.00
2017.08.31 06:03:37.175,0.8731,0.87317,1.00,1.00
2017.08.31 06:03:37.750,0.8731,0.87318,1.00,1.00
2017.08.31 06:03:38.353,0.8731,0.8732,2.25,1.37
2017.08.31 06:03:38.660,0.87314,0.87321,1.00,1.00
2017.08.31 06:03:39.527,0.87317,0.87327,1.00,3.19
2017.08.31 06:03:40.050,0.87316,0.87326,1.87,1.00
2017.08.31 06:03:40.917,0.87317,0.87327,1.00,1.50
2017.08.31 06:03:41.787,0.87318,0.87327,1.69,2.25
2017.08.31 06:03:42.093,0.87316,0.87324,1.31,1.00
2017.08.31 06:03:42.605,0.87315,0.87324,1.25,1.00
2017.08.31 06:03:42.933,0.87317,0.87324,1.00,1.00
2017.08.31 06:03:43.604,0.87317,0.87326,1.00,1.00
2017.08.31 06:03:44.099,0.87319,0.87327,1.00,1.00
2017.08.31 06:03:44.614,0.8732,0.87328,1.25,1.00
2017.08.31 06:03:44.965,0.8732,0.87326,1.00,1.50
2017.08.31 06:03:45.017,0.87318,0.87325,1.00,1.00
2017.08.31 06:03:45.068,0.87316,0.87325,1.00,1.00
2017.08.31 06:03:45.613,0.87317,0.87326,1.00,1.00
2017.08.31 06:03:46.657,0.87318,0.87326,1.00,1.00
2017.08.31 06:03:46.810,0.87316,0.87327,1.25,1.00
2017.08.31 06:03:47.015,0.87318,0.87327,1.00,1.00
2017.08.31 06:03:47.219,0.87317,0.87329,1.00,2.62
2017.08.31 06:03:47.794,0.87317,0.87327,1.12,1.00
2017.08.31 06:03:48.225,0.8732,0.8733,1.00,2.62
2017.08.31 06:03:48.535,0.87325,0.87335,2.44,1.12
2017.08.31 06:03:49.095,0.87326,0.87335,1.25,1.37
2017.08.31 06:03:49.303,0.87324,0.87333,1.00,1.50
2017.08.31 06:03:50.215,0.87324,0.87332,1.00,1.00
2017.08.31 06:03:50.788,0.87324,0.87334,1.00,3.00
2017.08.31 06:03:50.988,0.87321,0.8733,1.00,1.87
2017.08.31 06:03:51.294,0.87319,0.87327,1.69,1.00
2017.08.31 06:03:51.612,0.87321,0.87329,1.00,1.50
2017.08.31 06:03:51.765,0.87317,0.87327,1.69,1.00
2017.08.31 06:03:52.086,0.87316,0.87325,1.00,1.00
2017.08.31 06:03:52.435,0.87315,0.87325,1.00,3.37
2017.08.31 06:03:52.962,0.87314,0.87324,1.00,3.00
2017.08.31 06:03:53.291,0.87318,0.87324,1.00,1.00
2017.08.31 06:03:53.343,0.87319,0.87327,1.00,1.50
2017.08.31 06:03:53.904,0.87317,0.87326,1.25,1.50
2017.08.31 06:03:55.929,0.87315,0.87326,1.19,1.00
2017.08.31 06:03:56.082,0.87317,0.87326,1.19,1.50
2017.08.31 06:03:56.467,0.87315,0.8732,1.00,1.00
2017.08.31 06:03:56.518,0.8731,0.8732,3.19,1.00
2017.08.31 06:03:56.671,0.8731,0.87318,1.50,1.00
2017.08.31 06:03:57.033,0.87307,0.87318,1.69,1.87
2017.08.31 06:03:57.543,0.87306,0.87314,1.19,1.50
2017.08.31 06:03:57.646,0.87303,0.87312,2.81,1.00
2017.08.31 06:03:57.750,0.87302,0.87312,2.06,1.00
2017.08.31 06:03:57.801,0.87303,0.87312,2.44,1.00
2017.08.31 06:03:57.904,0.87302,0.87312,1.69,1.37
2017.08.31 06:03:58.434,0.87301,0.8731,1.19,1.00
2017.08.31 06:03:59.009,0.87299,0.87312,2.81,1.50
2017.08.31 06:04:00.100,0.873,0.87313,2.06,4.12
2017.08.31 06:04:00.355,0.87302,0.87313,1.19,1.00
2017.08.31 06:04:00.802,0.87301,0.87311,1.69,1.00
2017.08.31 06:04:01.160,0.87302,0.87313,1.00,2.25
2017.08.31 06:04:01.365,0.87301,0.87311,1.25,1.00
2017.08.31 06:04:01.882,0.87301,0.8731,1.25,1.00
2017.08.31 06:04:02.032,0.87301,0.87312,1.25,1.12
2017.08.31 06:04:02.607,0.87301,0.87311,1.25,1.00
2017.08.31 06:04:02.829,0.87304,0.87313,1.00,2.25
2017.08.31 06:04:03.546,0.87304,0.87313,1.25,1.00
2017.08.31 06:04:04.056,0.87304,0.87314,1.69,2.25
2017.08.31 06:04:06.378,0.87306,0.87314,1.00,1.00
2017.08.31 06:04:06.992,0.87306,0.87315,1.00,1.12
2017.08.31 06:04:07.804,0.87304,0.87314,2.06,1.00
2017.08.31 06:04:08.277,0.87303,0.87314,1.25,2.44
2017.08.31 06:04:08.431,0.87302,0.87314,1.31,3.19
2017.08.31 06:04:08.957,0.87304,0.87314,1.00,2.81
2017.08.31 06:04:09.274,0.87308,0.87315,1.00,2.62
2017.08.31 06:04:09.479,0.87315,0.87325,1.00,4.31
2017.08.31 06:04:10.802,0.87313,0.87322,1.50,1.12
2017.08.31 06:04:10.854,0.87315,0.87323,1.00,1.75
2017.08.31 06:04:10.956,0.87315,0.87324,1.00,1.50
2017.08.31 06:04:11.523,0.87316,0.87325,1.00,2.44
2017.08.31 06:04:12.563,0.87316,0.87325,1.00,1.50
2017.08.31 06:04:12.974,0.87317,0.87327,1.00,1.12
2017.08.31 06:04:13.540,0.87318,0.87328,1.00,3.00
2017.08.31 06:04:14.332,0.87316,0.87328,1.25,2.25
2017.08.31 06:04:15.138,0.87316,0.87326,1.25,1.00
2017.08.31 06:04:18.614,0.87315,0.87327,2.44,1.12
2017.08.31 06:04:19.418,0.87315,0.87326,2.44,1.00
2017.08.31 06:04:19.470,0.87318,0.87327,1.00,1.12
2017.08.31 06:04:20.396,0.87318,0.87326,1.00,1.00
2017.08.31 06:04:21.377,0.87319,0.87326,1.00,1.00
2017.08.31 06:04:21.676,0.87319,0.87328,1.31,1.00
2017.08.31 06:04:21.728,0.8732,0.8733,1.00,1.69
2017.08.31 06:04:22.995,0.87321,0.87332,1.00,2.25
2017.08.31 06:04:23.201,0.87323,0.87332,1.00,1.50
2017.08.31 06:04:23.815,0.87324,0.87333,1.00,2.44
2017.08.31 06:04:24.361,0.87323,0.87333,1.50,2.00
2017.08.31 06:04:27.205,0.87323,0.87332,1.00,1.00
2017.08.31 06:04:29.039,0.87322,0.87332,1.87,1.00
2017.08.31 06:04:30.077,0.87323,0.87332,1.00,1.00
2017.08.31 06:04:30.389,0.87326,0.87335,3.37,1.19
2017.08.31 06:04:30.545,0.8733,0.87339,1.00,1.25
2017.08.31 06:04:30.700,0.87332,0.8734,1.00,1.12
2017.08.31 06:04:31.680,0.8733,0.87341,3.19,1.37
2017.08.31 06:04:32.348,0.87331,0.87341,1.00,1.37
2017.08.31 06:04:32.653,0.87336,0.87341,1.00,1.37
2017.08.31 06:04:32.704,0.87336,0.87343,1.00,1.12
2017.08.31 06:04:32.858,0.87337,0.87348,1.00,3.56
2017.08.31 06:04:32.992,0.87337,0.87348,1.00,2.62
2017.08.31 06:04:33.897,0.87337,0.87348,1.50,1.69
2017.08.31 06:04:35.160,0.87336,0.87348,1.12,2.44
2017.08.31 06:04:35.313,0.87338,0.87348,1.00,1.69
2017.08.31 06:04:36.028,0.87336,0.87348,1.00,1.69
2017.08.31 06:04:36.411,0.87334,0.87346,2.62,1.19
2017.08.31 06:04:36.462,0.87337,0.87347,1.00,4.31
2017.08.31 06:04:36.769,0.87336,0.87344,1.00,1.69
2017.08.31 06:04:36.820,0.87333,0.87343,1.00,2.44
2017.08.31 06:04:36.923,0.87331,0.8734,1.50,1.25
2017.08.31 06:04:40.056,0.87331,0.87341,2.25,2.44
2017.08.31 06:04:42.648,0.87333,0.87342,1.00,1.50
2017.08.31 06:04:43.073,0.87331,0.87343,1.00,3.19
2017.08.31 06:04:44.282,0.87331,0.87341,1.00,1.00
2017.08.31 06:04:44.333,0.87332,0.87343,1.00,1.50
2017.08.31 06:04:44.744,0.87334,0.87346,1.00,5.06
2017.08.31 06:04:45.225,0.87334,0.87342,1.00,1.19
2017.08.31 06:04:45.328,0.87332,0.87342,1.12,1.19
2017.08.31 06:04:46.419,0.87332,0.87342,1.87,1.19
2017.08.31 06:04:47.221,0.87332,0.87342,2.25,1.19
2017.08.31 06:04:47.740,0.87332,0.87342,2.25,1.19
2017.08.31 06:04:48.203,0.87333,0.87344,2.25,1.25
2017.08.31 06:04:48.305,0.87337,0.87345,1.00,1.19
2017.08.31 06:04:48.840,0.87335,0.87346,1.12,2.06
2017.08.31 06:04:49.943,0.87334,0.87346,2.62,1.56
2017.08.31 06:04:50.208,0.87336,0.87346,1.00,1.37
2017.08.31 06:04:50.515,0.8734,0.87348,1.00,1.00
2017.08.31 06:04:51.190,0.87339,0.87348,1.50,1.00
2017.08.31 06:04:51.703,0.87339,0.87349,1.50,1.00
2017.08.31 06:04:53.094,0.87343,0.8735,1.50,1.00
2017.08.31 06:04:53.611,0.87342,0.87351,1.12,1.00
2017.08.31 06:04:54.908,0.87342,0.87351,1.12,1.69
2017.08.31 06:04:55.061,0.87338,0.87349,1.87,2.06
2017.08.31 06:04:55.164,0.87335,0.87347,3.37,1.37
2017.08.31 06:04:56.138,0.87337,0.87346,1.00,1.00
2017.08.31 06:04:56.718,0.87336,0.87346,1.00,1.25
2017.08.31 06:04:57.910,0.87336,0.87347,1.12,2.81
2017.08.31 06:04:58.474,0.87334,0.87343,2.25,1.00
2017.08.31 06:04:58.526,0.87333,0.87343,1.50,1.25
2017.08.31 06:04:58.578,0.87332,0.87341,1.50,1.00
2017.08.31 06:04:59.219,0.87332,0.87341,1.00,1.50
2017.08.31 06:04:59.364,0.8733,0.87341,3.00,1.00
2017.08.31 06:04:59.895,0.87331,0.87341,1.50,1.50
2017.08.31 06:05:00.834,0.87331,0.8734,1.50,1.00
2017.08.31 06:05:00.987,0.8733,0.87337,1.87,1.00
2017.08.31 06:05:01.089,0.87326,0.87335,1.31,1.00
2017.08.31 06:05:01.192,0.87325,0.87333,2.62,1.00
2017.08.31 06:05:01.740,0.87325,0.87334,2.25,1.00
2017.08.31 06:05:02.073,0.87328,0.87334,1.00,1.00
2017.08.31 06:05:02.278,0.87327,0.87336,1.37,1.00
2017.08.31 06:05:02.635,0.87329,0.87339,1.00,1.12
2017.08.31 06:05:02.815,0.87329,0.87334,1.00,1.00
2017.08.31 06:05:02.917,0.87324,0.87332,1.00,1.00
2017.08.31 06:05:03.450,0.87321,0.87331,1.50,1.50
2017.08.31 06:05:03.604,0.8732,0.87331,1.87,2.25
2017.08.31 06:05:04.647,0.8732,0.8733,1.12,1.00
2017.08.31 06:05:05.127,0.87319,0.87327,1.50,1.00
2017.08.31 06:05:05.179,0.87317,0.87328,2.25,1.69
2017.08.31 06:05:05.281,0.87316,0.87324,2.25,1.00
2017.08.31 06:05:05.429,0.87316,0.87326,3.37,1.00
2017.08.31 06:05:05.483,0.87319,0.87327,1.00,1.31
2017.08.31 06:05:05.790,0.87314,0.87323,1.62,1.00
2017.08.31 06:05:05.892,0.87314,0.87322,1.25,1.00
2017.08.31 06:05:06.500,0.87312,0.87322,2.44,1.00
2017.08.31 06:05:06.710,0.87312,0.87324,2.44,1.25
2017.08.31 06:05:07.548,0.87312,0.87322,1.69,1.00
2017.08.31 06:05:07.976,0.87315,0.87324,1.00,1.50
2017.08.31 06:05:08.505,0.87315,0.87326,2.25,1.69
2017.08.31 06:05:08.730,0.87313,0.87326,1.87,1.69
2017.08.31 06:05:09.279,0.87314,0.87325,1.00,1.25
2017.08.31 06:05:09.829,0.87313,0.87324,1.12,1.00
2017.08.31 06:05:09.984,0.87312,0.87322,1.50,1.00
2017.08.31 06:05:10.292,0.87308,0.87319,2.44,1.12
2017.08.31 06:05:10.713,0.87308,0.87317,2.44,1.00
2017.08.31 06:05:11.326,0.87307,0.87318,2.44,2.25
2017.08.31 06:05:11.739,0.87303,0.8731,1.12,1.00
2017.08.31 06:05:11.791,0.87298,0.87308,3.37,1.00
2017.08.31 06:05:11.893,0.87302,0.87311,1.50,1.75
2017.08.31 06:05:12.098,0.87303,0.87314,1.50,1.31
2017.08.31 06:05:12.201,0.87306,0.87315,1.00,1.19
2017.08.31 06:05:12.252,0.87306,0.87315,1.00,1.00
2017.08.31 06:05:12.782,0.87311,0.8732,1.50,1.00
2017.08.31 06:05:12.885,0.87311,0.87322,2.25,1.31
2017.08.31 06:05:12.988,0.87313,0.87322,1.00,1.25
2017.08.31 06:05:13.141,0.87314,0.87325,1.00,1.00
2017.08.31 06:05:13.682,0.87314,0.87326,1.00,1.87
2017.08.31 06:05:13.734,0.87314,0.87325,1.00,1.19
2017.08.31 06:05:15.210,0.87314,0.87325,1.00,1.31
2017.08.31 06:05:15.788,0.87314,0.87322,1.12,1.19
2017.08.31 06:05:15.841,0.87312,0.87321,1.00,1.25
2017.08.31 06:05:16.345,0.87311,0.87321,2.25,1.31
2017.08.31 06:05:16.397,0.87313,0.87323,1.12,1.00
2017.08.31 06:05:16.732,0.87318,0.87328,1.87,1.19
2017.08.31 06:05:17.037,0.87316,0.87326,1.00,1.50
2017.08.31 06:05:18.021,0.87315,0.87325,1.00,1.12
2017.08.31 06:05:18.620,0.87314,0.87327,3.75,2.00
2017.08.31 06:05:19.201,0.87317,0.87327,1.25,1.75
2017.08.31 06:05:19.379,0.87317,0.87327,1.25,1.50
2017.08.31 06:05:19.736,0.87319,0.87327,1.00,1.00
2017.08.31 06:05:20.341,0.87316,0.87327,2.06,1.00
2017.08.31 06:05:20.799,0.87315,0.87326,2.44,1.00
2017.08.31 06:05:21.306,0.87315,0.87327,1.25,1.87
2017.08.31 06:05:21.468,0.87315,0.87325,1.69,1.00
2017.08.31 06:05:21.621,0.87316,0.87328,2.44,1.50
2017.08.31 06:05:21.825,0.87316,0.87326,3.37,1.19
2017.08.31 06:05:22.029,0.87313,0.87325,1.00,2.06
2017.08.31 06:05:22.533,0.87312,0.87325,2.06,2.44
2017.08.31 06:05:25.291,0.87311,0.87323,1.69,1.12
2017.08.31 06:05:25.833,0.87311,0.87323,1.69,1.50
2017.08.31 06:05:26.428,0.87312,0.87324,1.00,2.25
2017.08.31 06:05:27.380,0.87311,0.87321,1.25,1.00
2017.08.31 06:05:27.635,0.87309,0.87321,2.62,1.25
2017.08.31 06:05:28.642,0.8731,0.87322,1.00,2.81
2017.08.31 06:05:29.006,0.87314,0.87324,1.00,2.00
2017.08.31 06:05:29.159,0.87319,0.87329,1.00,1.69
2017.08.31 06:05:29.880,0.87315,0.87327,3.94,1.00
2017.08.31 06:05:29.931,0.87315,0.87327,2.06,1.69
2017.08.31 06:05:30.441,0.87318,0.87329,1.00,3.19
2017.08.31 06:05:30.543,0.87319,0.8733,1.00,2.06
2017.08.31 06:05:30.722,0.87319,0.87331,1.00,2.25
2017.08.31 06:05:31.453,0.87319,0.87328,1.00,1.00
2017.08.31 06:05:32.012,0.87319,0.87328,1.50,1.00
2017.08.31 06:05:32.720,0.87321,0.87328,1.00,1.00
2017.08.31 06:05:33.301,0.8732,0.87328,1.12,1.00
2017.08.31 06:05:35.229,0.8732,0.87332,1.87,1.69
2017.08.31 06:05:36.033,0.8732,0.8733,2.62,1.00
2017.08.31 06:05:36.936,0.87321,0.8733,1.00,1.00
2017.08.31 06:05:37.491,0.8732,0.87329,1.87,1.00
2017.08.31 06:05:39.370,0.87319,0.87328,1.50,1.00
2017.08.31 06:05:39.574,0.87317,0.87327,1.31,1.00
2017.08.31 06:05:40.195,0.87317,0.87327,1.69,1.00
2017.08.31 06:05:40.702,0.87315,0.87326,4.31,1.00
2017.08.31 06:05:40.753,0.87315,0.87326,3.19,1.00
2017.08.31 06:05:41.265,0.87315,0.87326,2.44,1.37
2017.08.31 06:05:41.371,0.87316,0.87328,1.69,1.37
2017.08.31 06:05:41.575,0.87318,0.87329,1.69,1.00
2017.08.31 06:05:41.932,0.8732,0.8733,1.00,1.00
2017.08.31 06:05:42.748,0.87318,0.8733,2.44,1.00
2017.08.31 06:05:43.104,0.87318,0.8733,3.19,1.00
2017.08.31 06:05:44.806,0.87319,0.8733,1.00,1.31
2017.08.31 06:05:45.343,0.87318,0.8733,1.50,1.25
2017.08.31 06:05:46.879,0.87318,0.87329,1.87,1.00
2017.08.31 06:05:48.429,0.87318,0.8733,1.31,1.37
2017.08.31 06:05:49.512,0.8732,0.8733,1.00,1.37
2017.08.31 06:05:50.084,0.87318,0.87329,1.69,1.00
2017.08.31 06:05:50.596,0.87318,0.87329,1.25,1.87
2017.08.31 06:05:51.577,0.87317,0.87329,1.69,2.44
2017.08.31 06:05:52.527,0.87316,0.87327,2.44,1.00
2017.08.31 06:05:52.884,0.87315,0.87325,1.69,1.00
2017.08.31 06:05:53.899,0.87314,0.87321,1.25,1.00
2017.08.31 06:05:54.054,0.87309,0.87317,1.12,1.00
2017.08.31 06:05:54.310,0.87307,0.87319,1.12,1.69
2017.08.31 06:05:54.520,0.87309,0.87319,1.00,1.25
2017.08.31 06:05:55.057,0.87308,0.87319,1.00,1.31
2017.08.31 06:05:55.665,0.87313,0.87323,1.00,2.81
2017.08.31 06:05:55.866,0.87314,0.87323,1.00,1.19
2017.08.31 06:05:56.121,0.87315,0.87324,1.00,1.31
2017.08.31 06:05:56.788,0.87315,0.87322,1.00,1.00
2017.08.31 06:05:57.311,0.87314,0.87322,1.00,1.00
2017.08.31 06:05:57.517,0.87311,0.87319,1.87,1.00
2017.08.31 06:05:58.266,0.87312,0.8732,1.00,1.19
2017.08.31 06:05:58.600,0.87313,0.87323,1.00,1.31
2017.08.31 06:05:58.651,0.87316,0.87324,1.00,2.44
2017.08.31 06:05:58.703,0.87316,0.87324,1.00,1.00
2017.08.31 06:05:58.958,0.87314,0.87322,1.00,1.00
2017.08.31 06:05:59.111,0.87309,0.87319,1.50,1.00
2017.08.31 06:05:59.162,0.87312,0.8732,1.00,1.25
2017.08.31 06:05:59.502,0.87316,0.87325,1.00,1.50
2017.08.31 06:05:59.604,0.87317,0.87327,1.00,1.31
2017.08.31 06:06:00.135,0.87316,0.87327,1.12,1.31
2017.08.31 06:06:00.187,0.87318,0.87327,1.00,1.31
2017.08.31 06:06:00.726,0.87318,0.87326,1.00,1.00
2017.08.31 06:06:03.566,0.87318,0.87325,1.00,1.00
2017.08.31 06:06:04.028,0.87314,0.87324,1.00,1.00
2017.08.31 06:06:04.079,0.87314,0.87322,1.00,1.25
2017.08.31 06:06:04.537,0.87316,0.87324,1.00,1.69
2017.08.31 06:06:04.779,0.87316,0.87324,1.00,1.00
2017.08.31 06:06:07.909,0.87316,0.87326,1.00,1.00
2017.08.31 06:06:08.452,0.87316,0.87327,1.00,2.06
2017.08.31 06:06:08.881,0.87315,0.87325,1.50,1.00
2017.08.31 06:06:09.035,0.87318,0.87329,1.00,1.31
2017.08.31 06:06:09.087,0.87321,0.8733,1.00,1.31
2017.08.31 06:06:09.240,0.8732,0.87332,1.50,1.69
2017.08.31 06:06:09.445,0.87321,0.87333,2.06,1.31
2017.08.31 06:06:09.605,0.87324,0.87333,1.50,1.25
2017.08.31 06:06:10.106,0.87324,0.87336,1.50,1.62
2017.08.31 06:06:10.636,0.87325,0.87334,1.00,1.12
2017.08.31 06:06:11.510,0.87324,0.87336,1.50,1.62
2017.08.31 06:06:12.749,0.87323,0.87335,1.12,1.50
2017.08.31 06:06:13.057,0.87321,0.87331,1.00,1.00
2017.08.31 06:06:13.737,0.8732,0.87331,1.00,1.00
2017.08.31 06:06:14.042,0.87324,0.87334,1.00,1.87
2017.08.31 06:06:14.426,0.87322,0.87333,1.50,1.69
2017.08.31 06:06:14.478,0.87322,0.87333,1.50,1.69
2017.08.31 06:06:15.185,0.87323,0.87334,1.00,1.19
2017.08.31 06:06:15.820,0.87324,0.87333,1.00,1.56
2017.08.31 06:06:16.159,0.87323,0.87332,1.00,2.06
2017.08.31 06:06:16.262,0.87321,0.87331,1.12,2.44
2017.08.31 06:06:16.774,0.8732,0.87329,1.00,1.19
2017.08.31 06:06:18.613,0.87317,0.87326,1.12,1.00
2017.08.31 06:06:18.665,0.87315,0.87326,1.50,1.19
2017.08.31 06:06:18.716,0.87315,0.87326,1.12,2.06
2017.08.31 06:06:18.975,0.87317,0.87327,1.00,2.81
2017.08.31 06:06:19.129,0.87319,0.87329,1.00,1.19
2017.08.31 06:06:19.181,0.87318,0.87332,1.87,2.81
2017.08.31 06:06:19.233,0.8732,0.87332,1.00,1.69
2017.08.31 06:06:19.336,0.87321,0.87333,1.12,1.56
2017.08.31 06:06:19.857,0.8732,0.87332,1.12,2.81
2017.08.31 06:06:20.169,0.87319,0.87328,1.00,1.19
2017.08.31 06:06:20.325,0.87316,0.87328,1.00,2.06
2017.08.31 06:06:20.857,0.87315,0.87326,2.62,1.19
2017.08.31 06:06:21.739,0.87316,0.87327,1.00,1.19
2017.08.31 06:06:22.669,0.87317,0.87327,1.00,1.69
2017.08.31 06:06:23.201,0.87316,0.87327,1.00,1.69
2017.08.31 06:06:23.412,0.87314,0.87325,1.00,1.19
2017.08.31 06:06:23.464,0.87312,0.87322,1.50,1.19
2017.08.31 06:06:23.778,0.87312,0.87321,1.00,2.06
2017.08.31 06:06:24.045,0.87312,0.87321,1.00,1.31
2017.08.31 06:06:24.511,0.87309,0.87319,2.25,1.25
2017.08.31 06:06:24.614,0.87307,0.87318,1.37,1.31
2017.08.31 06:06:24.665,0.87306,0.87317,1.50,1.19
2017.08.31 06:06:24.971,0.87305,0.87315,1.00,1.69
2017.08.31 06:06:25.291,0.87302,0.87312,1.50,1.19
2017.08.31 06:06:25.847,0.87301,0.87312,1.00,2.44
2017.08.31 06:06:25.951,0.87303,0.87313,1.00,2.44
2017.08.31 06:06:26.601,0.87302,0.87313,1.00,1.31
2017.08.31 06:06:27.246,0.87303,0.87312,1.00,1.31
2017.08.31 06:06:27.748,0.87302,0.87313,1.00,1.69
2017.08.31 06:06:28.172,0.87304,0.87311,1.00,1.19
2017.08.31 06:06:28.482,0.87308,0.87317,1.00,1.19
2017.08.31 06:06:29.778,0.87305,0.87314,1.12,1.25
2017.08.31 06:06:30.164,0.87307,0.87314,1.00,1.00
2017.08.31 06:06:30.266,0.87307,0.87316,1.00,1.00
2017.08.31 06:06:30.766,0.87306,0.87314,1.00,1.00
2017.08.31 06:06:32.488,0.87305,0.87314,1.00,1.00
2017.08.31 06:06:33.560,0.87306,0.87315,1.00,1.19
2017.08.31 06:06:34.428,0.87304,0.87315,1.12,1.19
2017.08.31 06:06:35.231,0.87305,0.87315,1.00,1.19
2017.08.31 06:06:37.627,0.87307,0.87315,1.50,1.19
2017.08.31 06:06:38.261,0.87305,0.87314,1.00,1.25
2017.08.31 06:06:38.727,0.87303,0.87313,2.25,1.19
2017.08.31 06:06:39.034,0.87302,0.87309,1.00,1.00
2017.08.31 06:06:39.691,0.87301,0.87309,1.50,1.00
2017.08.31 06:06:40.762,0.87301,0.87308,1.50,1.00
2017.08.31 06:06:41.094,0.87304,0.8731,1.00,1.00
2017.08.31 06:06:41.627,0.87304,0.87312,1.00,1.19
2017.08.31 06:06:41.953,0.87297,0.87307,3.37,1.19
2017.08.31 06:06:42.005,0.87297,0.87306,1.37,1.19
2017.08.31 06:06:42.528,0.87297,0.87306,1.00,1.19
2017.08.31 06:06:42.825,0.87299,0.87306,1.00,1.19
2017.08.31 06:06:43.669,0.87299,0.87307,1.00,1.69
2017.08.31 06:06:44.066,0.87301,0.87307,1.00,1.69
2017.08.31 06:06:44.330,0.87302,0.8731,1.00,1.69
2017.08.31 06:06:44.839,0.87301,0.87309,1.00,1.25
2017.08.31 06:06:44.942,0.87299,0.87307,1.50,1.19
2017.08.31 06:06:45.250,0.87298,0.87307,1.00,1.19
2017.08.31 06:06:45.302,0.87298,0.87308,1.00,1.00
2017.08.31 06:06:45.404,0.873,0.87308,1.00,1.00
2017.08.31 06:06:45.915,0.87299,0.87309,1.00,1.00
2017.08.31 06:06:46.418,0.87298,0.87308,1.00,1.00
2017.08.31 06:06:46.912,0.87298,0.87306,1.00,1.00
2017.08.31 06:06:47.014,0.87294,0.87305,1.50,1.69
2017.08.31 06:06:47.269,0.87294,0.87303,1.00,1.19
2017.08.31 06:06:47.320,0.87292,0.87302,1.00,1.25
2017.08.31 06:06:47.372,0.87292,0.873,1.00,1.00
2017.08.31 06:06:47.949,0.87292,0.873,1.00,1.69
2017.08.31 06:06:48.001,0.8729,0.87299,1.00,1.25
2017.08.31 06:06:48.154,0.87287,0.87299,1.69,1.25
2017.08.31 06:06:48.503,0.87287,0.87298,1.00,1.19
2017.08.31 06:06:49.007,0.87288,0.87297,1.00,1.19
2017.08.31 06:06:50.173,0.87286,0.87298,2.25,2.44
2017.08.31 06:06:50.716,0.87286,0.87295,1.50,1.00
2017.08.31 06:06:52.207,0.87286,0.87296,1.50,1.25
2017.08.31 06:06:52.959,0.87286,0.87293,1.00,1.25
2017.08.31 06:06:53.062,0.87284,0.87294,1.00,2.44
2017.08.31 06:06:53.269,0.87282,0.8729,1.87,1.00
2017.08.31 06:06:53.371,0.87279,0.87289,2.62,1.50
2017.08.31 06:06:53.885,0.8728,0.87288,1.00,1.12
2017.08.31 06:06:53.987,0.8728,0.8729,1.00,1.00
2017.08.31 06:06:54.496,0.8728,0.87289,1.00,1.25
2017.08.31 06:06:54.917,0.87275,0.87285,1.00,1.12
2017.08.31 06:06:55.433,0.87275,0.87284,2.25,1.00
2017.08.31 06:06:58.220,0.87276,0.87284,1.00,1.00
2017.08.31 06:06:58.537,0.87278,0.87285,1.00,1.12
2017.08.31 06:06:59.519,0.87277,0.87285,1.00,1.00
2017.08.31 06:07:00.056,0.87276,0.87284,1.00,1.00
2017.08.31 06:07:00.591,0.87275,0.87282,1.00,1.00
2017.08.31 06:07:00.642,0.87273,0.87282,1.12,1.00
2017.08.31 06:07:04.696,0.87274,0.87282,1.50,1.00
2017.08.31 06:07:04.954,0.87281,0.87285,1.00,1.00
2017.08.31 06:07:05.056,0.87281,0.8729,1.00,1.00
2017.08.31 06:07:05.310,0.87283,0.87292,1.00,1.69
2017.08.31 06:07:05.842,0.87282,0.87292,1.00,2.06
2017.08.31 06:07:06.234,0.8728,0.87287,1.00,1.19
2017.08.31 06:07:06.771,0.8728,0.87287,1.00,1.00
2017.08.31 06:07:07.527,0.8728,0.87288,1.00,1.12
2017.08.31 06:07:07.893,0.87282,0.8729,1.00,2.81
2017.08.31 06:07:08.524,0.87282,0.8729,1.00,1.69
2017.08.31 06:07:09.031,0.87282,0.87288,1.00,1.00
2017.08.31 06:07:09.305,0.8728,0.87288,1.00,1.00
2017.08.31 06:07:10.183,0.87277,0.8729,1.87,2.44
2017.08.31 06:07:11.461,0.87276,0.87287,1.00,1.56
2017.08.31 06:07:12.772,0.87278,0.87287,1.00,2.06
2017.08.31 06:07:13.077,0.87277,0.87289,2.25,2.44
2017.08.31 06:07:13.675,0.87278,0.87289,1.00,1.19
2017.08.31 06:07:14.479,0.87277,0.87289,2.25,1.69
2017.08.31 06:07:15.101,0.87277,0.87289,2.44,1.50
2017.08.31 06:07:16.269,0.87277,0.87288,2.44,1.00
2017.08.31 06:07:17.026,0.87278,0.87288,1.00,1.00
2017.08.31 06:07:17.634,0.87278,0.87289,1.00,1.50
2017.08.31 06:07:18.511,0.87278,0.87287,1.50,1.00
2017.08.31 06:07:19.537,0.87278,0.87289,1.00,1.50
2017.08.31 06:07:20.514,0.87278,0.87288,1.00,1.00
2017.08.31 06:07:21.149,0.87279,0.87288,1.00,1.00
2017.08.31 06:07:21.565,0.87281,0.87289,1.00,1.00
2017.08.31 06:07:21.902,0.8728,0.87287,1.00,1.00
2017.08.31 06:07:22.054,0.87278,0.87287,1.50,1.00
2017.08.31 06:07:22.969,0.8728,0.87287,1.00,1.00
2017.08.31 06:07:24.367,0.87278,0.87287,3.00,1.00
2017.08.31 06:07:24.643,0.8728,0.87287,1.00,1.00
2017.08.31 06:07:25.718,0.8728,0.87288,1.00,1.25
2017.08.31 06:07:27.308,0.8728,0.87289,1.00,1.94
2017.08.31 06:07:28.442,0.87281,0.87289,1.00,1.94
2017.08.31 06:07:29.057,0.87281,0.87289,1.00,1.31
2017.08.31 06:07:29.560,0.87281,0.87289,1.00,1.31
2017.08.31 06:07:31.417,0.87282,0.87291,1.00,2.44
2017.08.31 06:07:31.519,0.87284,0.87291,1.00,2.00
2017.08.31 06:07:31.622,0.87284,0.87293,1.00,2.81
2017.08.31 06:07:33.797,0.87284,0.87294,1.00,2.44
2017.08.31 06:07:35.300,0.87284,0.87293,1.50,1.00
2017.08.31 06:07:35.844,0.87288,0.87296,1.87,3.75
2017.08.31 06:07:35.946,0.87291,0.873,1.00,3.19
2017.08.31 06:07:36.049,0.87292,0.87302,1.00,1.62
2017.08.31 06:07:36.152,0.87292,0.87302,1.00,1.25
2017.08.31 06:07:36.552,0.87292,0.87303,1.12,2.06
2017.08.31 06:07:36.875,0.87288,0.87298,1.12,1.56
2017.08.31 06:07:37.181,0.87288,0.87297,1.00,1.94
2017.08.31 06:07:37.979,0.87289,0.87299,1.50,6.19
2017.08.31 06:07:38.332,0.87291,0.87299,1.00,2.44
2017.08.31 06:07:41.106,0.87288,0.87299,1.00,1.69
2017.08.31 06:07:41.729,0.87289,0.87299,2.25,1.69
2017.08.31 06:07:43.319,0.87289,0.87297,1.00,1.31
2017.08.31 06:07:44.153,0.87288,0.87297,2.25,1.31
2017.08.31 06:07:44.890,0.87289,0.87297,1.00,1.31
2017.08.31 06:07:45.326,0.87292,0.873,1.00,1.19
2017.08.31 06:07:45.428,0.87292,0.87302,1.00,1.19
2017.08.31 06:07:45.980,0.87293,0.87302,1.00,1.19
2017.08.31 06:07:50.582,0.87294,0.87304,1.00,1.31
2017.08.31 06:07:51.091,0.87293,0.87304,2.44,1.25
2017.08.31 06:07:51.919,0.87294,0.87304,1.00,1.25
2017.08.31 06:07:52.701,0.87293,0.87304,1.25,1.69
2017.08.31 06:07:52.752,0.87293,0.87304,1.25,3.94
2017.08.31 06:07:52.979,0.87294,0.87304,1.00,1.69
2017.08.31 06:07:56.335,0.87295,0.87304,1.00,1.25
2017.08.31 06:07:58.027,0.87297,0.87307,1.00,3.19
2017.08.31 06:07:58.181,0.87297,0.87308,1.00,1.31
2017.08.31 06:07:58.335,0.87299,0.87309,1.00,1.62
2017.08.31 06:07:58.676,0.87301,0.87309,1.00,1.31
2017.08.31 06:08:00.851,0.87298,0.87309,1.50,1.12
2017.08.31 06:08:01.192,0.87298,0.87307,2.25,1.00
2017.08.31 06:08:01.798,0.87298,0.87309,1.00,1.31
2017.08.31 06:08:02.332,0.873,0.87309,1.00,1.31
2017.08.31 06:08:04.150,0.873,0.87305,1.00,1.00
2017.08.31 06:08:04.202,0.873,0.87308,1.87,1.50
2017.08.31 06:08:04.253,0.87304,0.87308,1.00,1.00
2017.08.31 06:08:04.407,0.87308,0.87317,1.50,2.81
2017.08.31 06:08:04.458,0.87311,0.87317,1.00,2.44
2017.08.31 06:08:04.509,0.87311,0.8732,1.00,1.87
2017.08.31 06:08:04.709,0.87311,0.87321,1.50,1.62
2017.08.31 06:08:05.244,0.87312,0.87321,1.00,1.62
2017.08.31 06:08:06.996,0.87312,0.87323,1.00,1.87
2017.08.31 06:08:07.048,0.87308,0.87319,3.00,1.87
2017.08.31 06:08:07.392,0.87307,0.87318,1.19,1.87
2017.08.31 06:08:07.749,0.87305,0.87313,1.50,2.25
2017.08.31 06:08:08.057,0.87303,0.87313,1.00,1.31
2017.08.31 06:08:08.211,0.87305,0.87315,1.00,3.19
2017.08.31 06:08:08.368,0.87303,0.87314,1.25,1.12
2017.08.31 06:08:08.638,0.87305,0.87314,1.00,1.12
2017.08.31 06:08:08.945,0.87307,0.87316,1.00,2.81
2017.08.31 06:08:10.345,0.87303,0.87315,1.00,1.12
2017.08.31 06:08:11.098,0.87303,0.87313,1.50,1.00
2017.08.31 06:08:11.674,0.87305,0.87313,1.00,1.00
2017.08.31 06:08:12.272,0.87304,0.87313,1.00,1.00
2017.08.31 06:08:12.600,0.87301,0.8731,1.69,1.50
2017.08.31 06:08:12.754,0.87301,0.87312,1.25,1.00
2017.08.31 06:08:12.806,0.87301,0.8731,1.25,1.00
2017.08.31 06:08:13.114,0.87303,0.8731,1.00,1.00
2017.08.31 06:08:15.356,0.87301,0.8731,2.06,1.00
2017.08.31 06:08:16.064,0.873,0.87309,2.81,1.00
2017.08.31 06:08:20.266,0.87298,0.87308,1.69,1.00
2017.08.31 06:08:20.368,0.87297,0.87307,2.44,1.50
2017.08.31 06:08:21.065,0.87297,0.87307,1.25,1.50
2017.08.31 06:08:21.611,0.87296,0.87306,1.31,1.00
2017.08.31 06:08:22.287,0.87296,0.87305,1.31,1.00
2017.08.31 06:08:22.919,0.87295,0.87305,2.44,1.00
2017.08.31 06:08:25.462,0.87295,0.87305,1.69,1.00
2017.08.31 06:08:25.718,0.87294,0.87302,1.50,1.00
2017.08.31 06:08:25.769,0.87292,0.87302,1.31,1.00
2017.08.31 06:08:25.871,0.87292,0.87302,1.25,1.75
2017.08.31 06:08:28.557,0.87291,0.873,3.00,1.00
2017.08.31 06:08:29.376,0.87292,0.873,1.00,1.25
2017.08.31 06:08:32.049,0.87291,0.873,1.50,1.00
2017.08.31 06:08:34.675,0.8729,0.873,1.87,1.00
2017.08.31 06:08:34.978,0.87285,0.87293,1.00,1.00
2017.08.31 06:08:35.285,0.87281,0.87285,1.00,1.00
2017.08.31 06:08:35.336,0.87277,0.87282,1.12,1.00
2017.08.31 06:08:35.388,0.87273,0.87282,3.00,1.00
2017.08.31 06:08:35.493,0.87272,0.87281,2.25,1.00
2017.08.31 06:08:35.544,0.87272,0.87278,2.25,1.00
2017.08.31 06:08:35.647,0.8727,0.87278,1.00,1.00
2017.08.31 06:08:36.156,0.87269,0.87277,1.50,1.25
2017.08.31 06:08:36.973,0.8727,0.87279,1.00,1.69
2017.08.31 06:08:37.024,0.8727,0.87281,1.00,1.69
2017.08.31 06:08:37.284,0.87271,0.87282,1.00,1.25
2017.08.31 06:08:37.650,0.87273,0.87282,1.50,1.25
2017.08.31 06:08:38.164,0.87274,0.87282,1.00,1.25
2017.08.31 06:08:38.701,0.87273,0.87282,1.00,1.25
2017.08.31 06:08:39.163,0.8727,0.87278,1.12,1.00
2017.08.31 06:08:40.116,0.8727,0.87279,1.50,1.25
2017.08.31 06:08:50.660,0.87269,0.8728,1.87,1.12
2017.08.31 06:08:50.966,0.87273,0.87282,1.00,1.69
2017.08.31 06:08:59.627,0.87273,0.87283,1.50,1.25
2017.08.31 06:08:59.679,0.8728,0.87284,1.00,1.00
2017.08.31 06:08:59.848,0.87284,0.87292,1.00,1.00
2017.08.31 06:08:59.951,0.87285,0.87295,1.00,1.00
2017.08.31 06:09:00.003,0.87291,0.87299,1.50,1.00
2017.08.31 06:09:00.055,0.87291,0.87301,1.50,1.00
2017.08.31 06:09:00.106,0.87293,0.87302,1.00,1.12
2017.08.31 06:09:00.362,0.87299,0.87309,1.00,1.50
2017.08.31 06:09:00.517,0.87301,0.8731,1.00,1.00
2017.08.31 06:09:00.821,0.87305,0.87313,1.00,1.00
2017.08.31 06:09:01.025,0.87301,0.87311,1.25,1.50
2017.08.31 06:09:01.077,0.873,0.87307,1.00,1.00
2017.08.31 06:09:01.181,0.87297,0.87305,1.00,1.00
2017.08.31 06:09:01.540,0.87294,0.87303,1.69,1.00
2017.08.31 06:09:02.090,0.87294,0.87303,1.25,1.00
2017.08.31 06:09:02.345,0.87296,0.87306,1.25,1.00
2017.08.31 06:09:02.851,0.87297,0.87307,1.25,1.00
2017.08.31 06:09:03.221,0.873,0.87309,1.00,1.00
2017.08.31 06:09:03.556,0.873,0.87307,1.00,1.00
2017.08.31 06:09:04.074,0.873,0.87308,1.00,1.00
2017.08.31 06:09:04.176,0.873,0.8731,1.25,1.00
2017.08.31 06:09:04.805,0.873,0.87311,1.25,1.00
2017.08.31 06:09:06.140,0.87302,0.87311,1.00,1.00
2017.08.31 06:09:06.659,0.87302,0.8731,1.00,1.00
2017.08.31 06:09:07.557,0.87302,0.87311,1.00,1.50
2017.08.31 06:09:09.109,0.87301,0.87309,1.00,1.00
2017.08.31 06:09:09.211,0.87299,0.87308,1.12,1.00
2017.08.31 06:09:09.769,0.87297,0.87302,1.19,1.00
2017.08.31 06:09:09.975,0.87296,0.87302,1.25,1.00
2017.08.31 06:09:10.179,0.87298,0.87304,1.25,1.00
2017.08.31 06:09:10.484,0.873,0.87306,1.00,1.00
2017.08.31 06:09:11.100,0.87301,0.87306,1.00,1.00
2017.08.31 06:09:11.428,0.87299,0.87306,1.25,1.00
2017.08.31 06:09:11.887,0.873,0.87308,1.00,1.87
2017.08.31 06:09:11.989,0.87298,0.87308,1.87,1.12
2017.08.31 06:09:12.295,0.87298,0.87306,1.87,1.00
2017.08.31 06:09:20.184,0.87299,0.87305,1.00,1.00
2017.08.31 06:09:20.585,0.87296,0.87305,1.37,1.50
2017.08.31 06:09:22.844,0.87299,0.87308,1.00,1.00
2017.08.31 06:09:22.946,0.873,0.87308,1.75,1.00
2017.08.31 06:09:23.456,0.87302,0.87309,1.00,1.00
2017.08.31 06:09:23.884,0.87302,0.87311,1.25,1.50
2017.08.31 06:09:24.739,0.87305,0.87313,1.50,1.25
2017.08.31 06:09:25.385,0.87306,0.87314,2.81,1.00
2017.08.31 06:09:27.888,0.87306,0.87312,1.87,1.00
2017.08.31 06:09:28.092,0.87306,0.87314,1.00,1.50
2017.08.31 06:09:28.144,0.87307,0.87315,1.19,1.00
2017.08.31 06:09:28.195,0.87305,0.87314,1.31,1.00
2017.08.31 06:09:28.247,0.87305,0.87312,1.62,1.00
2017.08.31 06:09:28.400,0.873,0.87308,1.94,1.50
2017.08.31 06:09:28.502,0.87298,0.87307,2.00,1.00
2017.08.31 06:09:28.605,0.87297,0.87304,1.12,1.00
2017.08.31 06:09:28.773,0.87294,0.87303,3.56,1.00
2017.08.31 06:09:28.824,0.87294,0.87302,1.31,1.00
2017.08.31 06:09:29.131,0.87295,0.87305,2.06,1.12
2017.08.31 06:09:29.387,0.87296,0.87304,1.87,1.00
2017.08.31 06:09:30.186,0.87295,0.87306,3.00,1.00
2017.08.31 06:09:30.595,0.87296,0.87304,1.12,1.00
2017.08.31 06:09:30.697,0.87295,0.87304,1.50,1.00
2017.08.31 06:09:31.233,0.87295,0.87305,1.25,1.50
2017.08.31 06:09:31.284,0.87297,0.87305,1.00,1.00
2017.08.31 06:09:33.767,0.87297,0.87304,1.00,1.00
2017.08.31 06:09:34.150,0.87297,0.87306,1.00,1.50
2017.08.31 06:09:34.692,0.87295,0.87305,2.81,1.00
2017.08.31 06:09:37.158,0.87296,0.87305,1.50,1.19
2017.08.31 06:09:37.778,0.87294,0.87305,3.75,1.19
2017.08.31 06:09:40.724,0.87294,0.87301,3.00,1.00
2017.08.31 06:09:40.826,0.87295,0.87301,1.00,1.25
2017.08.31 06:09:40.881,0.87293,0.87301,1.37,1.19
2017.08.31 06:09:41.037,0.87291,0.873,2.25,1.19
2017.08.31 06:09:43.604,0.87291,0.873,1.75,1.19
2017.08.31 06:09:48.039,0.87289,0.87296,2.62,1.25
2017.08.31 06:09:48.142,0.87289,0.87296,1.00,1.25
2017.08.31 06:09:50.325,0.87287,0.87295,1.75,1.00
2017.08.31 06:09:50.827,0.87287,0.87295,1.50,1.00
2017.08.31 06:09:51.926,0.8729,0.87298,1.00,1.00
2017.08.31 06:09:52.028,0.87291,0.87301,1.00,1.19
2017.08.31 06:09:52.285,0.87287,0.87293,2.62,1.69
2017.08.31 06:09:52.427,0.87283,0.87294,1.00,2.06
2017.08.31 06:09:52.682,0.87285,0.87295,1.00,1.69
2017.08.31 06:09:53.210,0.87286,0.87296,1.12,1.19
2017.08.31 06:09:53.728,0.87285,0.87294,2.25,1.00
2017.08.31 06:09:54.249,0.87285,0.87296,1.50,1.19
2017.08.31 06:09:54.555,0.87282,0.87291,1.00,1.00
2017.08.31 06:09:55.006,0.87282,0.87291,1.00,1.19
2017.08.31 06:09:55.311,0.87285,0.87295,2.62,3.19
2017.08.31 06:09:55.363,0.87285,0.87295,2.62,1.31
2017.08.31 06:09:55.465,0.87287,0.87295,1.00,1.31
2017.08.31 06:09:56.384,0.87286,0.87295,1.00,1.31
2017.08.31 06:09:56.805,0.87284,0.87293,3.00,1.00
2017.08.31 06:09:57.154,0.87281,0.87289,1.75,1.00
2017.08.31 06:09:57.257,0.8728,0.87289,1.00,1.00
2017.08.31 06:09:57.767,0.8728,0.87289,1.37,1.19
2017.08.31 06:09:58.277,0.87282,0.87291,1.00,1.19
2017.08.31 06:09:59.978,0.8728,0.8729,1.37,1.69
2017.08.31 06:10:00.490,0.8728,0.87289,1.00,1.19
2017.08.31 06:10:01.383,0.87279,0.87289,1.50,1.69
2017.08.31 06:10:01.892,0.87279,0.87287,1.00,1.00
2017.08.31 06:10:02.097,0.87277,0.87286,1.12,1.19
2017.08.31 06:10:02.252,0.87275,0.87285,1.50,1.25
2017.08.31 06:10:03.295,0.87274,0.87284,1.87,1.69
2017.08.31 06:10:03.601,0.87277,0.87288,1.00,2.44
2017.08.31 06:10:03.905,0.87272,0.87281,1.50,1.19
2017.08.31 06:10:04.448,0.8727,0.87279,1.87,1.19
2017.08.31 06:10:04.958,0.8727,0.8728,1.00,4.31
2017.08.31 06:10:05.468,0.87268,0.87278,1.00,1.19
2017.08.31 06:10:06.016,0.87268,0.87277,1.00,1.19
2017.08.31 06:10:06.578,0.87267,0.87276,1.12,2.44
2017.08.31 06:10:06.936,0.87269,0.87279,1.00,1.31
2017.08.31 06:10:07.243,0.87271,0.87279,1.00,1.19
2017.08.31 06:10:08.887,0.87272,0.87281,1.00,1.19
2017.08.31 06:10:11.367,0.87271,0.8728,1.50,1.19
2017.08.31 06:10:11.900,0.87272,0.8728,1.00,1.19
2017.08.31 06:10:12.431,0.87271,0.8728,1.50,1.19
2017.08.31 06:10:13.066,0.8727,0.87282,1.12,3.19
2017.08.31 06:10:13.424,0.87272,0.87282,1.00,1.69
2017.08.31 06:10:13.610,0.8727,0.87281,3.37,1.19
2017.08.31 06:10:14.207,0.87271,0.87281,1.00,1.19
2017.08.31 06:10:14.744,0.8727,0.87281,1.87,1.19
2017.08.31 06:10:15.265,0.87271,0.87281,1.00,1.19
2017.08.31 06:10:17.290,0.8727,0.87281,1.87,1.19
2017.08.31 06:10:17.822,0.87271,0.8728,1.00,1.19
2017.08.31 06:10:19.696,0.8727,0.87281,3.37,1.31
2017.08.31 06:10:20.864,0.87271,0.8728,1.00,1.19
2017.08.31 06:10:21.415,0.8727,0.8728,3.37,1.19
2017.08.31 06:10:21.518,0.8727,0.87279,1.12,1.19
2017.08.31 06:10:21.723,0.87266,0.87275,1.00,1.31
2017.08.31 06:10:22.029,0.87264,0.87275,1.00,1.31
2017.08.31 06:10:22.286,0.87265,0.87275,1.00,1.31
2017.08.31 06:10:22.927,0.87264,0.87275,1.00,1.31
2017.08.31 06:10:23.236,0.87266,0.87276,1.87,1.31
2017.08.31 06:10:23.778,0.87266,0.87276,1.50,3.19
2017.08.31 06:10:24.316,0.87266,0.87276,1.50,3.19
2017.08.31 06:10:24.871,0.87265,0.87275,2.25,1.69
2017.08.31 06:10:25.389,0.87265,0.87274,2.25,1.56
2017.08.31 06:10:26.976,0.87264,0.87275,1.50,1.69
2017.08.31 06:10:27.282,0.87272,0.87279,1.00,4.31
2017.08.31 06:10:27.587,0.87274,0.87281,1.50,3.56
2017.08.31 06:10:27.639,0.87274,0.87281,1.50,1.69
2017.08.31 06:10:27.843,0.87276,0.87281,1.00,1.00
2017.08.31 06:10:28.242,0.87276,0.87285,1.00,1.12
2017.08.31 06:10:29.220,0.87272,0.87282,1.50,1.25
2017.08.31 06:10:29.272,0.87272,0.87281,1.50,1.37
2017.08.31 06:10:29.579,0.87276,0.87284,1.00,1.00
2017.08.31 06:10:30.107,0.87277,0.87285,1.00,1.12
2017.08.31 06:10:30.687,0.87278,0.87287,1.00,1.69
2017.08.31 06:10:31.209,0.87278,0.87288,1.00,3.19
2017.08.31 06:10:32.239,0.87278,0.87285,1.00,1.00
2017.08.31 06:10:32.546,0.8728,0.87287,1.00,1.50
2017.08.31 06:10:32.700,0.87278,0.87287,1.25,1.37
2017.08.31 06:10:33.356,0.87278,0.87287,1.25,1.00
2017.08.31 06:10:34.217,0.87274,0.87283,1.50,1.50
2017.08.31 06:10:34.558,0.87273,0.87279,1.00,1.00
2017.08.31 06:10:34.610,0.87271,0.87279,1.00,1.00
2017.08.31 06:10:35.142,0.8727,0.87279,1.00,1.00
2017.08.31 06:10:35.659,0.8727,0.87278,1.00,1.00
2017.08.31 06:10:36.461,0.87267,0.87279,3.19,1.50
2017.08.31 06:10:38.413,0.87267,0.87277,2.44,1.50
2017.08.31 06:10:39.670,0.87267,0.87274,1.00,1.00
2017.08.31 06:10:39.773,0.87264,0.87273,1.00,1.00
2017.08.31 06:10:40.703,0.87266,0.87273,1.50,1.00
2017.08.31 06:10:41.233,0.87265,0.87273,2.25,1.00
2017.08.31 06:10:41.821,0.87266,0.87273,1.50,1.25
2017.08.31 06:10:42.342,0.87265,0.87273,2.25,1.25
2017.08.31 06:10:42.880,0.87264,0.87273,1.50,1.25
2017.08.31 06:10:43.471,0.87265,0.87273,1.00,1.25
2017.08.31 06:10:46.028,0.87264,0.87274,2.25,1.19
2017.08.31 06:10:46.806,0.87265,0.87274,1.00,1.69
2017.08.31 06:10:47.411,0.87266,0.87274,1.00,1.19
2017.08.31 06:10:47.610,0.87269,0.87278,1.00,1.69
2017.08.31 06:10:49.543,0.8727,0.87278,1.00,1.00
2017.08.31 06:10:50.135,0.8727,0.87279,1.50,1.00
2017.08.31 06:10:51.009,0.87269,0.87279,2.25,1.00
2017.08.31 06:10:52.388,0.87268,0.87277,1.12,1.00
2017.08.31 06:10:52.756,0.8727,0.87279,1.50,1.69
2017.08.31 06:10:54.076,0.8727,0.87277,1.50,1.19
2017.08.31 06:10:54.127,0.87267,0.87275,2.25,1.25
2017.08.31 06:10:54.179,0.87266,0.87275,3.37,1.25
2017.08.31 06:10:54.230,0.87271,0.87278,1.00,1.56
2017.08.31 06:10:54.383,0.87273,0.87282,1.00,1.69
2017.08.31 06:10:54.997,0.87273,0.87281,1.00,1.31
2017.08.31 06:10:55.050,0.87275,0.87281,1.50,1.12
2017.08.31 06:10:55.666,0.87274,0.87283,1.50,1.19
2017.08.31 06:10:56.172,0.87274,0.87284,2.62,1.19
2017.08.31 06:10:56.276,0.87272,0.87281,1.50,1.00
2017.08.31 06:10:56.329,0.87272,0.8728,1.50,1.19
2017.08.31 06:10:56.484,0.87268,0.87276,1.50,1.00
2017.08.31 06:10:56.993,0.87268,0.87276,1.50,1.00
2017.08.31 06:10:57.344,0.87267,0.87277,1.00,1.69
2017.08.31 06:10:57.844,0.87263,0.87273,1.12,1.25
2017.08.31 06:10:58.100,0.87262,0.87271,3.37,1.25
2017.08.31 06:10:58.641,0.87263,0.87272,1.50,1.19
2017.08.31 06:10:59.156,0.87262,0.87272,2.25,1.19
2017.08.31 06:11:00.345,0.87263,0.87272,1.00,1.19
2017.08.31 06:11:02.186,0.87262,0.87273,2.62,2.44
2017.08.31 06:11:02.727,0.87262,0.87273,2.62,2.44
2017.08.31 06:11:03.480,0.87263,0.87273,1.50,1.69
2017.08.31 06:11:03.982,0.87264,0.87273,2.25,1.00
2017.08.31 06:11:04.507,0.87265,0.87275,1.00,1.19
2017.08.31 06:11:05.025,0.87263,0.87268,1.50,1.00
2017.08.31 06:11:05.232,0.87258,0.87266,1.12,1.19
2017.08.31 06:11:06.007,0.87258,0.87266,1.50,1.19
2017.08.31 06:11:06.941,0.87259,0.87268,1.87,1.19
2017.08.31 06:11:08.655,0.87259,0.87267,1.87,1.19
2017.08.31 06:11:08.917,0.87249,0.87261,2.62,1.87
2017.08.31 06:11:08.969,0.87248,0.87257,6.00,1.00
2017.08.31 06:11:09.433,0.87249,0.87259,1.00,1.31
2017.08.31 06:11:09.966,0.87248,0.87256,1.12,1.19
2017.08.31 06:11:13.283,0.87245,0.87254,3.37,1.19
2017.08.31 06:11:13.438,0.87245,0.87254,1.00,1.19
2017.08.31 06:11:14.035,0.87244,0.87252,1.50,1.25
2017.08.31 06:11:14.088,0.87246,0.87254,1.00,1.19
2017.08.31 06:11:14.190,0.87246,0.87253,1.12,1.00
2017.08.31 06:11:15.165,0.87249,0.87256,1.00,1.00
2017.08.31 06:11:15.707,0.87248,0.87255,1.00,1.25
2017.08.31 06:11:16.230,0.87249,0.87255,1.00,1.25
2017.08.31 06:11:16.973,0.87247,0.87255,1.00,1.00
2017.08.31 06:11:17.562,0.87248,0.87255,1.00,1.00
2017.08.31 06:11:18.854,0.87249,0.87255,1.00,1.00
2017.08.31 06:11:19.874,0.87247,0.87255,1.00,1.00
2017.08.31 06:11:20.547,0.87247,0.87254,1.00,1.00
2017.08.31 06:11:20.869,0.87245,0.87252,1.50,1.19
2017.08.31 06:11:21.053,0.87244,0.87252,1.50,1.19
2017.08.31 06:11:22.621,0.87243,0.8725,1.00,1.25
2017.08.31 06:11:22.724,0.8724,0.8725,1.37,1.69
2017.08.31 06:11:22.777,0.8724,0.87249,1.37,1.25
2017.08.31 06:11:22.828,0.87238,0.87247,4.12,1.00
2017.08.31 06:11:22.930,0.87238,0.87246,1.50,1.19
2017.08.31 06:11:23.559,0.87239,0.87247,1.50,1.19
2017.08.31 06:11:24.170,0.87238,0.87247,1.50,1.19
2017.08.31 06:11:24.623,0.8724,0.87248,1.00,1.69
2017.08.31 06:11:24.827,0.87241,0.8725,1.50,1.69
2017.08.31 06:11:25.028,0.87245,0.87253,1.00,1.19
2017.08.31 06:11:25.269,0.87245,0.87254,1.00,1.69
2017.08.31 06:11:25.785,0.87245,0.87254,1.00,2.44
2017.08.31 06:11:26.575,0.87245,0.87255,1.00,1.31
2017.08.31 06:11:26.678,0.87247,0.87256,1.00,1.37
2017.08.31 06:11:26.882,0.87247,0.87258,1.00,2.44
2017.08.31 06:11:27.380,0.87249,0.87258,1.00,2.44
2017.08.31 06:11:27.432,0.87246,0.87255,1.12,1.00
2017.08.31 06:11:27.954,0.87245,0.87255,1.12,1.69
2017.08.31 06:11:28.159,0.87245,0.87252,1.00,1.00
2017.08.31 06:11:32.118,0.87245,0.87251,1.00,1.00
2017.08.31 06:11:32.273,0.87243,0.87251,2.62,1.00
2017.08.31 06:11:32.528,0.87245,0.87253,1.00,1.00
2017.08.31 06:11:32.834,0.87248,0.87255,1.00,1.00
2017.08.31 06:11:33.372,0.87248,0.87256,1.00,1.00
2017.08.31 06:11:33.948,0.87247,0.87256,2.62,1.00
2017.08.31 06:11:35.625,0.87248,0.87256,1.00,1.00
2017.08.31 06:11:35.842,0.87251,0.87261,1.00,2.25
2017.08.31 06:11:35.894,0.87254,0.87261,1.00,2.06
2017.08.31 06:11:36.202,0.87249,0.87257,1.37,1.50
2017.08.31 06:11:36.254,0.87249,0.87256,1.00,1.00
2017.08.31 06:11:36.765,0.87248,0.87256,1.00,1.69
2017.08.31 06:11:37.391,0.87247,0.87255,1.50,1.25
2017.08.31 06:11:37.920,0.87248,0.87255,1.00,1.25
2017.08.31 06:11:38.630,0.87247,0.87255,1.50,1.25
2017.08.31 06:11:38.845,0.87249,0.87258,1.00,1.00
2017.08.31 06:11:38.898,0.87251,0.87258,1.00,1.00
2017.08.31 06:11:39.306,0.87253,0.87258,1.50,1.00
2017.08.31 06:11:39.358,0.87253,0.8726,1.50,1.00
2017.08.31 06:11:39.891,0.87252,0.8726,1.50,1.00
2017.08.31 06:11:40.440,0.87253,0.8726,1.50,1.00
2017.08.31 06:11:40.996,0.87253,0.87259,1.50,1.00
2017.08.31 06:11:41.151,0.87249,0.87258,1.12,1.00
2017.08.31 06:11:41.254,0.87247,0.87257,1.87,1.25
2017.08.31 06:11:42.195,0.87247,0.87255,1.50,1.00
2017.08.31 06:11:43.762,0.87246,0.87256,1.50,1.69
2017.08.31 06:11:44.058,0.87251,0.87261,1.00,1.25
2017.08.31 06:11:44.586,0.87252,0.87261,1.00,1.25
2017.08.31 06:11:45.092,0.87251,0.87261,1.00,1.69
2017.08.31 06:11:45.144,0.87251,0.87258,1.00,1.69
2017.08.31 06:11:45.297,0.87247,0.87255,1.50,1.00
2017.08.31 06:11:45.821,0.87246,0.87255,1.00,1.00
2017.08.31 06:11:46.274,0.87246,0.87253,1.00,1.00
2017.08.31 06:11:47.325,0.87243,0.87252,4.50,1.50
2017.08.31 06:11:47.429,0.87243,0.87252,3.00,1.69
2017.08.31 06:11:47.532,0.87242,0.8725,1.87,1.00
2017.08.31 06:11:47.942,0.87244,0.87251,1.00,1.50
2017.08.31 06:11:48.285,0.87244,0.87254,1.50,1.69
2017.08.31 06:11:48.489,0.87243,0.87251,2.25,1.00
2017.08.31 06:11:48.540,0.87242,0.87251,1.87,1.00
2017.08.31 06:11:48.592,0.87243,0.87249,1.50,1.00
2017.08.31 06:11:50.037,0.87242,0.87249,1.50,1.25
2017.08.31 06:11:50.552,0.87245,0.87252,1.00,2.44
2017.08.31 06:11:50.705,0.87246,0.87255,1.00,1.31
2017.08.31 06:11:51.279,0.87247,0.87255,1.00,1.19
2017.08.31 06:11:51.795,0.87247,0.87255,1.00,1.25
2017.08.31 06:11:52.438,0.87246,0.87255,1.00,1.25
2017.08.31 06:11:53.121,0.87244,0.87255,3.00,1.31
2017.08.31 06:11:53.325,0.87247,0.87254,1.00,1.00
2017.08.31 06:11:53.428,0.87243,0.87254,3.00,1.00
2017.08.31 06:11:53.840,0.87246,0.87254,1.00,1.00
2017.08.31 06:11:54.385,0.87246,0.87253,1.00,1.00
2017.08.31 06:11:54.913,0.87245,0.87253,1.00,1.00
2017.08.31 06:11:55.523,0.87246,0.87253,1.00,1.00
2017.08.31 06:11:56.092,0.87246,0.87254,1.50,1.00
2017.08.31 06:11:57.735,0.87243,0.87252,1.50,1.50
2017.08.31 06:11:57.889,0.87242,0.87249,1.50,1.00
2017.08.31 06:11:57.992,0.87239,0.87248,1.31,1.00
2017.08.31 06:11:58.545,0.87239,0.87249,1.50,1.00
2017.08.31 06:12:00.221,0.87238,0.87249,2.81,1.00
2017.08.31 06:12:00.811,0.87239,0.87249,1.87,1.12
2017.08.31 06:12:01.420,0.87238,0.87249,3.56,1.12
2017.08.31 06:12:01.734,0.87242,0.87249,1.50,1.12
2017.08.31 06:12:01.950,0.87242,0.87251,1.50,1.00
2017.08.31 06:12:02.053,0.87243,0.87253,1.69,1.00
2017.08.31 06:12:02.106,0.8725,0.87255,1.00,1.69
2017.08.31 06:12:02.158,0.87247,0.87257,1.50,1.62
2017.08.31 06:12:02.414,0.87244,0.87256,1.12,1.69
2017.08.31 06:12:02.985,0.87244,0.87256,1.12,1.69
2017.08.31 06:12:03.507,0.87244,0.87256,1.00,1.19
2017.08.31 06:12:03.762,0.87247,0.87257,1.00,1.19
2017.08.31 06:12:03.967,0.87245,0.87256,1.00,1.19
2017.08.31 06:12:04.070,0.87245,0.87257,1.00,1.31
2017.08.31 06:12:04.342,0.87248,0.87258,1.00,1.31
2017.08.31 06:12:04.445,0.87249,0.87259,1.12,3.19
2017.08.31 06:12:04.853,0.87246,0.87259,3.00,2.06
2017.08.31 06:12:05.159,0.87247,0.8726,1.75,1.69
2017.08.31 06:12:05.312,0.8725,0.8726,1.50,1.69
2017.08.31 06:12:06.267,0.87248,0.8726,1.69,1.12
2017.08.31 06:12:06.370,0.87253,0.87262,1.00,2.06
2017.08.31 06:12:06.676,0.87256,0.87263,1.00,1.00
2017.08.31 06:12:06.828,0.87251,0.87263,2.62,1.00
2017.08.31 06:12:07.335,0.87254,0.87263,1.12,1.00
2017.08.31 06:12:08.122,0.87254,0.87264,1.12,2.44
2017.08.31 06:12:08.676,0.87255,0.87265,1.00,1.19
2017.08.31 06:12:08.729,0.87255,0.87266,1.12,1.69
2017.08.31 06:12:08.780,0.87258,0.87266,1.00,1.69
2017.08.31 06:12:09.729,0.87257,0.87267,1.50,1.69
2017.08.31 06:12:10.278,0.87258,0.87267,1.00,1.50
2017.08.31 06:12:11.284,0.87258,0.87267,1.00,1.19
2017.08.31 06:12:11.796,0.87258,0.87267,1.00,1.69
2017.08.31 06:12:12.117,0.87255,0.87264,1.00,1.19
2017.08.31 06:12:13.348,0.87254,0.87263,1.50,1.19
2017.08.31 06:12:14.059,0.87256,0.87263,1.00,1.19
2017.08.31 06:12:14.219,0.87254,0.87263,1.50,1.19
2017.08.31 06:12:14.522,0.87256,0.87263,1.00,1.19
2017.08.31 06:12:14.725,0.87254,0.87263,1.50,1.19
2017.08.31 06:12:23.520,0.87254,0.87262,1.50,1.69
2017.08.31 06:12:23.623,0.87254,0.87262,1.50,1.69
2017.08.31 06:12:23.828,0.87253,0.87262,1.12,2.44
2017.08.31 06:12:24.134,0.87252,0.8726,1.00,1.69
2017.08.31 06:12:24.959,0.87251,0.87259,1.00,1.19
2017.08.31 06:12:27.686,0.87253,0.87259,1.00,1.19
2017.08.31 06:12:27.737,0.87255,0.87262,1.00,1.31
2017.08.31 06:12:27.971,0.87255,0.87265,1.12,3.19
2017.08.31 06:12:28.074,0.87257,0.87266,1.00,1.19
2017.08.31 06:12:28.833,0.87258,0.87265,1.00,1.69
2017.08.31 06:12:31.085,0.87258,0.87265,1.00,1.19
2017.08.31 06:12:31.391,0.87261,0.87268,1.00,1.69
2017.08.31 06:12:31.493,0.8726,0.87268,1.00,1.69
2017.08.31 06:12:31.849,0.87262,0.87271,1.00,1.69
2017.08.31 06:12:33.422,0.87261,0.8727,1.00,1.19
2017.08.31 06:12:34.172,0.8726,0.87269,1.00,1.69
2017.08.31 06:12:35.127,0.87262,0.87269,1.00,1.19
2017.08.31 06:12:35.230,0.87262,0.8727,1.00,1.25
2017.08.31 06:12:35.281,0.87264,0.87271,1.00,1.69
2017.08.31 06:12:35.528,0.87266,0.87273,1.87,1.25
2017.08.31 06:12:35.935,0.87265,0.87272,1.00,1.19
2017.08.31 06:12:39.109,0.87262,0.87268,1.00,1.25
2017.08.31 06:12:39.211,0.87262,0.87267,1.00,1.19
2017.08.31 06:12:40.187,0.87262,0.87271,1.00,2.44
2017.08.31 06:12:40.341,0.87266,0.87272,1.00,1.25
2017.08.31 06:12:40.649,0.87261,0.87268,1.00,1.19
2017.08.31 06:12:41.491,0.87261,0.87269,1.00,1.19
2017.08.31 06:12:42.182,0.87262,0.87268,1.00,1.19
2017.08.31 06:12:42.776,0.87262,0.87269,1.00,1.19
2017.08.31 06:12:43.701,0.87261,0.87269,1.00,1.19
2017.08.31 06:12:44.008,0.87267,0.87274,1.00,1.25
2017.08.31 06:12:44.511,0.87266,0.87273,1.12,1.00
2017.08.31 06:12:45.063,0.87266,0.87274,1.12,1.69
2017.08.31 06:12:45.405,0.87268,0.87274,1.00,1.69
2017.08.31 06:12:45.917,0.87267,0.87275,1.00,1.19
2017.08.31 06:12:46.984,0.87267,0.87275,1.00,1.00
2017.08.31 06:12:49.829,0.8727,0.87276,1.00,1.25
2017.08.31 06:12:50.374,0.8727,0.87277,1.00,1.50
2017.08.31 06:12:50.731,0.87268,0.87274,1.00,1.00
2017.08.31 06:12:50.782,0.87271,0.87279,1.00,1.00
2017.08.31 06:12:50.986,0.87273,0.8728,1.00,1.50
2017.08.31 06:12:51.901,0.87273,0.87282,1.50,2.06
2017.08.31 06:12:52.003,0.87277,0.87283,1.00,1.37
2017.08.31 06:12:52.105,0.87277,0.87284,1.00,2.44
2017.08.31 06:12:52.614,0.87278,0.87284,1.00,1.00
2017.08.31 06:12:53.142,0.87275,0.87284,2.25,1.50
2017.08.31 06:12:53.194,0.87275,0.87282,1.87,1.00
2017.08.31 06:12:53.544,0.87273,0.8728,1.37,1.00
2017.08.31 06:12:53.596,0.87271,0.87278,1.00,1.00
2017.08.31 06:12:53.699,0.87269,0.87276,1.12,1.00
2017.08.31 06:12:53.802,0.87269,0.87278,1.87,1.00
2017.08.31 06:12:53.904,0.87268,0.87276,1.50,1.25
2017.08.31 06:12:54.415,0.87268,0.87277,1.00,1.69
2017.08.31 06:12:54.928,0.87268,0.87277,1.00,1.00
2017.08.31 06:12:55.186,0.87269,0.87279,1.50,1.50
2017.08.31 06:12:55.238,0.87267,0.87275,1.12,1.00
2017.08.31 06:12:55.391,0.87263,0.87273,1.87,1.00
2017.08.31 06:12:55.926,0.87262,0.87273,1.31,1.12
2017.08.31 06:12:56.253,0.87264,0.87274,1.50,1.50
2017.08.31 06:12:56.774,0.87262,0.87272,2.06,1.50
2017.08.31 06:12:57.080,0.87262,0.87271,2.62,1.00
2017.08.31 06:12:57.341,0.87262,0.87273,2.62,1.50
2017.08.31 06:12:57.849,0.87261,0.87273,2.25,2.06
2017.08.31 06:12:58.104,0.87262,0.87273,1.19,1.12
2017.08.31 06:12:58.412,0.87257,0.87266,3.56,1.00
2017.08.31 06:12:58.463,0.87259,0.87269,1.00,1.25
2017.08.31 06:12:58.818,0.8726,0.87271,1.69,1.25
2017.08.31 06:13:01.627,0.8726,0.8727,1.69,1.00
2017.08.31 06:13:03.115,0.8726,0.87268,1.25,1.00
2017.08.31 06:13:03.455,0.87262,0.8727,1.50,2.44
2017.08.31 06:13:03.777,0.87261,0.87268,1.50,1.00
2017.08.31 06:13:04.287,0.87261,0.87268,1.87,2.44
2017.08.31 06:13:04.389,0.87261,0.87269,1.50,1.25
2017.08.31 06:13:04.922,0.8726,0.8727,1.75,1.19
2017.08.31 06:13:05.178,0.8726,0.8727,1.75,1.19
2017.08.31 06:13:05.745,0.87259,0.8727,2.25,1.19
2017.08.31 06:13:07.315,0.87259,0.87269,1.50,1.19
2017.08.31 06:13:07.610,0.87259,0.87265,1.00,1.00
2017.08.31 06:13:07.712,0.87257,0.87266,1.87,1.19
2017.08.31 06:13:08.222,0.87258,0.87266,1.50,1.19
2017.08.31 06:13:09.066,0.87257,0.87266,1.50,2.06
2017.08.31 06:13:09.168,0.87255,0.87265,1.12,1.19
2017.08.31 06:13:10.717,0.87255,0.87264,1.00,1.25
2017.08.31 06:13:11.167,0.87253,0.87263,2.25,1.00
2017.08.31 06:13:11.219,0.87251,0.87261,1.50,1.19
2017.08.31 06:13:11.730,0.8725,0.87261,1.00,2.44
2017.08.31 06:13:12.042,0.87252,0.87261,1.00,1.31
2017.08.31 06:13:12.144,0.87254,0.87265,1.00,1.31
2017.08.31 06:13:12.247,0.87256,0.87266,1.00,1.56
2017.08.31 06:13:12.553,0.87259,0.87269,1.87,1.19
2017.08.31 06:13:13.911,0.8726,0.8727,1.00,1.69
2017.08.31 06:13:14.645,0.87259,0.87267,1.00,1.19
2017.08.31 06:13:14.748,0.87257,0.87265,1.50,1.00
2017.08.31 06:13:15.254,0.87256,0.87265,1.00,1.62
2017.08.31 06:13:15.357,0.87254,0.87265,2.25,1.62
2017.08.31 06:13:17.042,0.87256,0.87265,1.00,1.62
2017.08.31 06:13:17.591,0.87255,0.87265,1.00,1.62
2017.08.31 06:13:24.177,0.87257,0.87265,1.00,1.62
2017.08.31 06:13:27.254,0.87257,0.87265,1.00,1.31
2017.08.31 06:13:30.876,0.87255,0.87265,1.00,1.25
2017.08.31 06:13:31.457,0.87256,0.87265,1.00,1.25
2017.08.31 06:13:34.178,0.87257,0.87266,1.00,1.19
2017.08.31 06:13:34.483,0.87256,0.87264,1.00,1.19
2017.08.31 06:13:35.347,0.87255,0.87263,1.00,1.19
2017.08.31 06:13:35.886,0.87253,0.87263,3.00,1.19
2017.08.31 06:13:36.464,0.87254,0.87263,1.50,1.19
2017.08.31 06:13:45.340,0.87252,0.87262,1.12,1.19
2017.08.31 06:13:45.815,0.87252,0.87263,1.75,1.19
2017.08.31 06:13:49.849,0.87255,0.87262,1.00,1.19
2017.08.31 06:13:50.994,0.87254,0.87264,1.12,1.19
2017.08.31 06:13:51.510,0.87254,0.87262,1.00,1.31
2017.08.31 06:13:52.636,0.87254,0.87261,1.00,1.25
2017.08.31 06:13:53.152,0.87255,0.87263,1.00,1.69
2017.08.31 06:13:54.852,0.87254,0.87264,1.00,1.69
2017.08.31 06:13:54.954,0.87256,0.87265,1.00,1.19
2017.08.31 06:13:58.296,0.87256,0.87264,1.00,1.19
2017.08.31 06:13:58.807,0.87256,0.87265,1.00,1.69
2017.08.31 06:13:59.548,0.87256,0.87265,1.00,1.50
2017.08.31 06:14:00.079,0.87256,0.87266,1.00,2.25
2017.08.31 06:14:01.047,0.87254,0.87266,1.31,1.50
2017.08.31 06:14:01.891,0.87251,0.8726,2.81,1.00
2017.08.31 06:14:02.099,0.8725,0.8726,1.69,1.50
2017.08.31 06:14:02.961,0.8725,0.87259,1.50,1.19
2017.08.31 06:14:03.603,0.8725,0.87259,1.12,1.19
2017.08.31 06:14:04.249,0.87251,0.87259,1.00,1.19
2017.08.31 06:14:05.329,0.87251,0.8726,1.00,1.69
2017.08.31 06:14:07.138,0.87251,0.8726,1.00,1.25
2017.08.31 06:14:09.982,0.87251,0.87261,1.37,1.19
2017.08.31 06:14:10.747,0.87253,0.87261,1.00,1.69
2017.08.31 06:14:11.235,0.87253,0.8726,1.00,1.19
2017.08.31 06:14:11.815,0.87254,0.8726,1.00,1.19
2017.08.31 06:14:14.680,0.87254,0.87261,1.00,1.25
2017.08.31 06:14:15.698,0.87253,0.87261,1.00,1.69
2017.08.31 06:14:15.803,0.87251,0.87258,1.12,1.00
2017.08.31 06:14:15.856,0.87252,0.8726,1.00,1.50
2017.08.31 06:14:15.908,0.87249,0.87257,1.50,1.00
2017.08.31 06:14:16.113,0.87248,0.87257,1.00,1.25
2017.08.31 06:14:16.721,0.87248,0.87257,1.00,1.50
2017.08.31 06:14:17.269,0.87247,0.87255,1.00,1.00
2017.08.31 06:14:17.842,0.87246,0.87255,1.00,1.12
2017.08.31 06:14:18.469,0.87246,0.87254,1.00,1.00
2017.08.31 06:14:18.982,0.87246,0.87254,1.69,1.00
2017.08.31 06:14:19.713,0.87245,0.87252,1.00,1.00
2017.08.31 06:14:19.968,0.87247,0.87255,1.00,1.00
2017.08.31 06:14:20.070,0.87248,0.87257,1.25,1.50
2017.08.31 06:14:20.738,0.87249,0.87257,1.00,1.50
2017.08.31 06:14:20.841,0.8725,0.87259,1.25,1.00
2017.08.31 06:14:21.874,0.87252,0.8726,1.00,1.00
2017.08.31 06:14:22.492,0.87254,0.8726,1.00,1.00
2017.08.31 06:14:22.696,0.87251,0.87259,1.50,1.00
2017.08.31 06:14:22.747,0.87251,0.87257,1.50,1.00
2017.08.31 06:14:23.319,0.87251,0.87258,1.00,1.00
2017.08.31 06:14:23.858,0.8725,0.87258,1.00,1.00
2017.08.31 06:14:24.561,0.87253,0.8726,1.00,1.00
2017.08.31 06:14:24.765,0.87251,0.8726,1.12,1.00
2017.08.31 06:14:25.181,0.87255,0.87263,1.00,1.37
2017.08.31 06:14:25.234,0.87255,0.87264,1.00,1.12
2017.08.31 06:14:25.388,0.8726,0.87266,1.00,1.00
2017.08.31 06:14:25.440,0.87258,0.87266,1.12,1.00
2017.08.31 06:14:25.542,0.87261,0.87266,1.00,1.00
2017.08.31 06:14:25.594,0.8726,0.87268,1.12,1.00
2017.08.31 06:14:25.645,0.87262,0.87268,1.00,1.00
2017.08.31 06:14:26.001,0.87262,0.87271,1.00,1.25
2017.08.31 06:14:26.155,0.87265,0.87271,1.00,1.00
2017.08.31 06:14:26.771,0.87265,0.87272,1.00,1.00
2017.08.31 06:14:27.552,0.87266,0.87273,1.37,1.50
2017.08.31 06:14:28.377,0.87265,0.87272,1.50,1.00
2017.08.31 06:14:28.488,0.87264,0.87272,1.50,1.00
2017.08.31 06:14:28.692,0.87262,0.87269,1.37,1.00
2017.08.31 06:14:29.232,0.87262,0.87269,1.00,1.00
2017.08.31 06:14:30.172,0.87263,0.87269,1.00,1.00
2017.08.31 06:14:30.537,0.87263,0.87271,1.00,1.50
2017.08.31 06:14:31.133,0.87265,0.87271,1.00,1.50
2017.08.31 06:14:32.093,0.87265,0.87272,1.00,1.25
2017.08.31 06:14:32.196,0.87265,0.87274,1.00,1.00
2017.08.31 06:14:32.248,0.87267,0.87275,1.00,2.06
2017.08.31 06:14:32.352,0.87264,0.87271,1.50,1.00
2017.08.31 06:14:32.557,0.87263,0.87269,1.00,1.00
2017.08.31 06:14:32.659,0.87261,0.87268,1.12,1.00
2017.08.31 06:14:32.917,0.87258,0.87265,1.75,1.00
2017.08.31 06:14:33.071,0.87258,0.87266,1.00,1.00
2017.08.31 06:14:33.124,0.87261,0.87267,1.00,1.00
2017.08.31 06:14:33.429,0.87263,0.87268,1.00,1.25
2017.08.31 06:14:33.896,0.87261,0.87268,1.00,1.69
2017.08.31 06:14:33.999,0.87258,0.87265,1.50,1.00
2017.08.31 06:14:34.254,0.87255,0.87265,1.00,1.50
2017.08.31 06:14:34.971,0.87255,0.87265,1.31,1.50
2017.08.31 06:14:35.492,0.87255,0.87264,1.31,1.00
2017.08.31 06:14:36.503,0.87253,0.87261,2.44,1.00
2017.08.31 06:14:37.045,0.87253,0.87262,1.69,1.00
2017.08.31 06:14:37.581,0.87253,0.87261,1.69,1.00
2017.08.31 06:14:39.069,0.87253,0.87262,1.69,1.00
2017.08.31 06:14:40.083,0.87254,0.87263,1.19,1.00
2017.08.31 06:14:40.903,0.87254,0.87261,1.19,1.00
2017.08.31 06:14:42.664,0.87253,0.8726,1.69,1.00
2017.08.31 06:14:43.338,0.87253,0.87261,1.69,1.00
2017.08.31 06:14:46.720,0.87255,0.87262,1.19,1.00
2017.08.31 06:14:47.403,0.87256,0.87262,1.19,1.00
2017.08.31 06:14:50.032,0.87256,0.87264,1.19,1.00
2017.08.31 06:14:51.659,0.87256,0.87263,1.19,1.00
2017.08.31 06:14:52.176,0.87255,0.87262,1.19,1.00
2017.08.31 06:14:52.992,0.87254,0.87262,1.00,1.00
2017.08.31 06:14:53.525,0.87253,0.87262,1.00,1.00
2017.08.31 06:14:54.134,0.87253,0.87263,1.00,1.00
2017.08.31 06:14:55.314,0.87252,0.87263,1.00,1.00
2017.08.31 06:14:55.861,0.87252,0.87263,1.19,1.00
2017.08.31 06:14:56.414,0.87252,0.87262,1.19,1.00
2017.08.31 06:14:57.916,0.87252,0.87263,1.19,1.00
2017.08.31 06:14:59.062,0.87252,0.87264,1.19,2.25
2017.08.31 06:14:59.214,0.87252,0.87262,2.81,1.00
2017.08.31 06:14:59.718,0.87253,0.87263,1.00,1.00
2017.08.31 06:15:00.294,0.87253,0.87264,1.00,1.50
2017.08.31 06:15:00.823,0.87253,0.87264,2.62,1.00
2017.08.31 06:15:01.342,0.87253,0.87263,1.87,1.50
2017.08.31 06:15:01.648,0.87248,0.87257,1.31,1.00
2017.08.31 06:15:01.700,0.87248,0.87259,2.81,1.50
2017.08.31 06:15:01.751,0.87249,0.87257,1.25,1.00
2017.08.31 06:15:02.287,0.87248,0.87258,1.31,1.00
2017.08.31 06:15:03.224,0.87249,0.87259,2.44,1.00
2017.08.31 06:15:03.575,0.87253,0.87259,1.00,1.00
2017.08.31 06:15:03.627,0.87253,0.87262,1.00,1.69
2017.08.31 06:15:03.679,0.87254,0.87262,1.37,1.50
2017.08.31 06:15:03.935,0.87253,0.87261,1.00,1.00
2017.08.31 06:15:05.858,0.87252,0.87261,1.00,1.00
2017.08.31 06:15:06.046,0.87254,0.87263,1.00,1.00
2017.08.31 06:15:06.619,0.87254,0.87262,1.00,1.00
2017.08.31 06:15:07.061,0.87255,0.87265,1.00,1.25
2017.08.31 06:15:07.760,0.87256,0.87265,1.00,1.25
2017.08.31 06:15:08.262,0.87255,0.87264,1.00,1.25
2017.08.31 06:15:08.451,0.87255,0.87262,1.00,1.00
2017.08.31 06:15:08.553,0.87255,0.87264,1.00,1.25
2017.08.31 06:15:09.410,0.87255,0.87263,1.00,1.00
2017.08.31 06:15:09.462,0.87255,0.87265,1.00,1.25
2017.08.31 06:15:10.148,0.87256,0.87262,1.00,1.00
2017.08.31 06:15:10.556,0.87256,0.87264,1.00,1.25
2017.08.31 06:15:10.709,0.87256,0.87262,1.00,1.00
2017.08.31 06:15:11.225,0.87254,0.87262,1.00,1.00
2017.08.31 06:15:12.518,0.87256,0.87262,1.00,1.00
2017.08.31 06:15:13.063,0.87255,0.87264,2.44,1.12
2017.08.31 06:15:13.115,0.87258,0.87266,1.25,1.75
2017.08.31 06:15:13.283,0.8726,0.87269,1.50,1.31
2017.08.31 06:15:13.587,0.8726,0.87267,1.00,1.00
2017.08.31 06:15:13.842,0.87258,0.87267,1.25,1.00
2017.08.31 06:15:14.250,0.87258,0.87265,1.00,1.00
2017.08.31 06:15:14.756,0.87258,0.87267,1.00,1.69
2017.08.31 06:15:15.562,0.87258,0.87267,1.00,1.69
2017.08.31 06:15:16.091,0.87257,0.87267,1.00,2.44
2017.08.31 06:15:16.641,0.87254,0.87265,2.81,1.87
2017.08.31 06:15:17.694,0.87254,0.87264,1.31,1.00
2017.08.31 06:15:18.365,0.87254,0.87262,1.12,1.00
2017.08.31 06:15:18.468,0.87252,0.87261,1.25,1.00
2017.08.31 06:15:18.722,0.87251,0.87259,1.19,1.00
2017.08.31 06:15:19.028,0.8725,0.87257,1.19,1.50
2017.08.31 06:15:19.375,0.87245,0.87254,2.06,1.00
2017.08.31 06:15:21.825,0.87245,0.8725,1.00,1.00
2017.08.31 06:15:21.979,0.8724,0.87248,1.56,1.00
2017.08.31 06:15:22.133,0.87237,0.87247,1.56,1.00
2017.08.31 06:15:22.384,0.87236,0.87245,1.31,1.00
2017.08.31 06:15:22.895,0.87235,0.87244,1.19,1.00
2017.08.31 06:15:23.248,0.87238,0.87246,1.25,1.00
2017.08.31 06:15:23.771,0.87238,0.87245,1.25,1.00
2017.08.31 06:15:24.295,0.87236,0.87245,1.00,1.00
2017.08.31 06:15:24.346,0.87235,0.87243,1.31,1.00
2017.08.31 06:15:24.920,0.87234,0.87241,1.00,1.00
2017.08.31 06:15:25.443,0.87235,0.87244,1.50,1.00
2017.08.31 06:15:25.494,0.87236,0.87245,1.19,1.00
2017.08.31 06:15:26.099,0.87236,0.87244,1.69,1.00
2017.08.31 06:15:27.048,0.87237,0.87246,1.31,1.00
2017.08.31 06:15:29.618,0.87236,0.87246,2.06,1.00
2017.08.31 06:15:30.161,0.87236,0.87245,1.69,1.50
2017.08.31 06:15:30.353,0.87236,0.87245,1.69,1.50
2017.08.31 06:15:30.903,0.87237,0.87244,1.19,1.00
2017.08.31 06:15:33.530,0.87237,0.87244,1.00,1.50
2017.08.31 06:15:34.358,0.87234,0.87244,3.19,1.50
2017.08.31 06:15:38.656,0.87233,0.87243,2.44,1.00
2017.08.31 06:15:40.365,0.87237,0.87244,1.00,1.00
2017.08.31 06:15:40.519,0.87241,0.8725,1.12,1.25
2017.08.31 06:15:41.064,0.87241,0.87251,1.25,1.00
2017.08.31 06:15:41.382,0.87243,0.87251,1.00,1.00
2017.08.31 06:15:41.991,0.87243,0.8725,1.00,1.00
2017.08.31 06:15:42.204,0.87241,0.8725,1.69,1.00
2017.08.31 06:15:42.402,0.87242,0.87248,1.00,1.12
2017.08.31 06:15:42.707,0.87239,0.87245,1.19,1.00
2017.08.31 06:15:42.809,0.87237,0.87245,1.00,1.00
2017.08.31 06:15:42.963,0.8724,0.87248,1.00,1.37
2017.08.31 06:15:43.066,0.87242,0.87251,1.00,1.25
2017.08.31 06:15:43.273,0.87242,0.87249,1.00,1.00
2017.08.31 06:15:43.591,0.87236,0.87247,2.06,1.00
2017.08.31 06:15:43.744,0.87238,0.87247,1.00,1.00
2017.08.31 06:15:43.796,0.87241,0.87247,1.00,1.00
2017.08.31 06:15:43.898,0.87237,0.87247,1.50,1.00
2017.08.31 06:15:44.052,0.87237,0.87247,1.87,1.00
2017.08.31 06:15:45.862,0.87237,0.87247,1.12,1.00
2017.08.31 06:15:46.117,0.87237,0.87246,1.75,1.00
2017.08.31 06:15:47.005,0.87238,0.8725,1.50,2.44
2017.08.31 06:15:47.569,0.87238,0.8725,1.12,3.56
2017.08.31 06:15:48.683,0.87238,0.8725,1.12,3.94
2017.08.31 06:15:49.085,0.87242,0.87251,1.50,1.25
2017.08.31 06:15:49.239,0.87244,0.87254,1.00,1.00
2017.08.31 06:15:49.291,0.87244,0.87254,1.00,2.25
2017.08.31 06:15:49.393,0.87242,0.87254,1.50,1.25
2017.08.31 06:15:49.496,0.87242,0.87252,1.00,1.00
2017.08.31 06:15:49.801,0.8724,0.87251,2.06,1.87
2017.08.31 06:15:49.948,0.8724,0.87249,1.31,1.50
2017.08.31 06:15:50.459,0.87241,0.8725,1.00,1.00
2017.08.31 06:15:50.797,0.87241,0.87248,1.00,1.00
2017.08.31 06:15:50.950,0.87238,0.87248,1.87,1.00
2017.08.31 06:15:51.453,0.87239,0.87247,1.00,1.00
2017.08.31 06:15:51.981,0.87238,0.87248,1.12,1.00
2017.08.31 06:15:53.023,0.87238,0.87248,1.12,1.87
2017.08.31 06:15:53.280,0.87237,0.87243,2.25,1.00
2017.08.31 06:15:53.435,0.87229,0.87241,1.19,1.12
2017.08.31 06:15:53.588,0.87228,0.87235,1.87,1.00
2017.08.31 06:15:53.718,0.87229,0.87234,1.00,1.00
2017.08.31 06:15:53.775,0.87222,0.87231,2.25,1.00
2017.08.31 06:15:53.827,0.87218,0.8723,3.94,1.00
2017.08.31 06:15:53.879,0.87218,0.87228,1.00,1.87
2017.08.31 06:15:54.186,0.87217,0.87226,1.37,1.19
2017.08.31 06:15:54.341,0.87217,0.87226,1.00,1.00
2017.08.31 06:15:54.443,0.87214,0.87226,2.62,1.31
2017.08.31 06:15:54.495,0.87213,0.87225,1.50,1.69
2017.08.31 06:15:54.800,0.87211,0.87223,1.00,2.81
2017.08.31 06:15:55.143,0.87213,0.87223,1.50,2.81
2017.08.31 06:15:55.702,0.87214,0.87221,1.50,1.25
2017.08.31 06:15:56.480,0.87211,0.87222,1.12,1.69
2017.08.31 06:15:56.736,0.87214,0.87222,1.50,2.44
2017.08.31 06:15:57.143,0.87213,0.8722,1.50,1.19
2017.08.31 06:15:57.334,0.8721,0.87221,1.62,1.50
2017.08.31 06:15:57.692,0.87213,0.87221,1.50,1.50
2017.08.31 06:15:58.155,0.87209,0.87221,3.75,1.69
2017.08.31 06:15:58.207,0.87209,0.87219,2.44,1.00
2017.08.31 06:15:58.532,0.8721,0.8722,1.69,1.00
2017.08.31 06:15:59.092,0.8721,0.8722,1.69,1.50
2017.08.31 06:15:59.627,0.8721,0.87221,1.19,1.00
2017.08.31 06:16:00.137,0.8721,0.87222,1.69,1.69
2017.08.31 06:16:02.779,0.87213,0.87222,1.00,1.25
2017.08.31 06:16:02.831,0.87211,0.87222,1.25,1.25
2017.08.31 06:16:02.984,0.87211,0.8722,1.25,1.00
2017.08.31 06:16:04.249,0.87209,0.87218,1.37,1.12
2017.08.31 06:16:04.454,0.87202,0.87211,1.31,1.00
2017.08.31 06:16:04.607,0.87203,0.87213,1.50,1.00
2017.08.31 06:16:05.423,0.87203,0.87214,1.00,2.44
2017.08.31 06:16:05.576,0.87203,0.87212,1.00,1.00
2017.08.31 06:16:06.177,0.87206,0.87215,1.19,1.00
2017.08.31 06:16:06.382,0.87212,0.87224,2.25,3.19
2017.08.31 06:16:06.688,0.87211,0.87222,1.87,1.19
2017.08.31 06:16:06.983,0.87212,0.87222,2.06,1.00
2017.08.31 06:16:07.035,0.87214,0.87224,1.00,1.25
2017.08.31 06:16:07.551,0.87212,0.87224,2.06,1.31
2017.08.31 06:16:07.977,0.87212,0.87224,2.06,1.69
2017.08.31 06:16:08.594,0.87214,0.87225,1.00,4.31
2017.08.31 06:16:09.269,0.87214,0.87224,1.00,1.12
2017.08.31 06:16:10.338,0.87214,0.87225,1.00,1.31
2017.08.31 06:16:10.986,0.87214,0.87224,1.25,1.50
2017.08.31 06:16:11.544,0.87214,0.87223,1.25,1.00
2017.08.31 06:16:12.689,0.87213,0.87223,1.00,1.00
2017.08.31 06:16:12.891,0.87218,0.87223,1.00,1.00
2017.08.31 06:16:12.993,0.87218,0.87225,1.00,1.50
2017.08.31 06:16:14.109,0.87218,0.87226,1.00,1.12
2017.08.31 06:16:14.523,0.87221,0.87227,1.00,1.37
2017.08.31 06:16:14.574,0.87222,0.87233,1.50,4.31
2017.08.31 06:16:14.676,0.87224,0.87233,1.00,1.69
2017.08.31 06:16:14.728,0.87226,0.87233,1.00,1.69
2017.08.31 06:16:14.830,0.87226,0.87237,1.00,2.44
2017.08.31 06:16:14.984,0.87226,0.87237,1.12,1.87
2017.08.31 06:16:15.522,0.87226,0.87237,1.00,1.50
2017.08.31 06:16:15.960,0.87228,0.87237,1.00,1.50
2017.08.31 06:16:16.373,0.87228,0.87238,1.25,1.50
2017.08.31 06:16:16.424,0.87231,0.87238,1.87,1.00
2017.08.31 06:16:16.475,0.8723,0.8724,2.81,1.00
2017.08.31 06:16:16.696,0.87231,0.87242,1.31,1.12
2017.08.31 06:16:17.259,0.87233,0.87242,1.12,1.00
2017.08.31 06:16:17.854,0.87233,0.87243,1.12,1.50
2017.08.31 06:16:18.580,0.87233,0.87242,1.00,1.50
2017.08.31 06:16:20.432,0.87233,0.87244,1.19,1.12
2017.08.31 06:16:20.485,0.87232,0.87243,1.50,1.50
2017.08.31 06:16:20.980,0.87233,0.87242,1.19,1.12
2017.08.31 06:16:22.017,0.87233,0.87242,1.00,1.25
2017.08.31 06:16:22.541,0.87233,0.87242,1.00,1.19
2017.08.31 06:16:22.717,0.87231,0.8724,1.00,1.25
2017.08.31 06:16:23.081,0.87232,0.87241,1.19,2.62
2017.08.31 06:16:23.132,0.87232,0.87242,1.00,1.75
2017.08.31 06:16:23.240,0.87233,0.87242,1.19,1.00
2017.08.31 06:16:23.445,0.87239,0.87248,1.00,1.00
2017.08.31 06:16:24.039,0.8724,0.87248,1.00,1.00
2017.08.31 06:16:24.542,0.8724,0.8725,1.00,1.00
2017.08.31 06:16:25.133,0.87241,0.8725,1.00,1.00
2017.08.31 06:16:27.837,0.87239,0.8725,1.50,1.12
2017.08.31 06:16:28.452,0.87239,0.87248,1.50,1.00
2017.08.31 06:16:28.757,0.87239,0.87251,1.69,1.69
2017.08.31 06:16:29.405,0.87238,0.87249,1.69,1.00
2017.08.31 06:16:29.539,0.87237,0.87248,1.12,1.25
2017.08.31 06:16:29.641,0.87236,0.87248,1.12,1.69
2017.08.31 06:16:30.492,0.87236,0.87249,1.19,4.31
2017.08.31 06:16:30.645,0.87236,0.8725,5.06,1.87
2017.08.31 06:16:31.148,0.87237,0.8725,1.87,2.06
2017.08.31 06:16:31.809,0.87237,0.87249,1.37,1.00
2017.08.31 06:16:32.141,0.87236,0.87248,2.62,1.00
2017.08.31 06:16:32.243,0.87236,0.87246,2.62,1.19
2017.08.31 06:16:32.557,0.87234,0.87246,2.25,2.44
2017.08.31 06:16:32.660,0.87237,0.87246,1.00,1.50
2017.08.31 06:16:32.866,0.87239,0.87248,1.00,1.00
2017.08.31 06:16:33.128,0.87241,0.87251,1.00,1.69
2017.08.31 06:16:33.657,0.87239,0.8725,1.37,1.19
2017.08.31 06:16:33.769,0.8724,0.87252,1.12,2.62
2017.08.31 06:16:33.871,0.87242,0.87253,1.00,2.81
2017.08.31 06:16:33.973,0.87242,0.87253,1.00,2.81
2017.08.31 06:16:34.533,0.87242,0.87253,1.00,1.62
2017.08.31 06:16:35.059,0.87242,0.87252,1.87,1.19
2017.08.31 06:16:35.609,0.87243,0.87252,1.00,1.19
2017.08.31 06:16:35.908,0.87243,0.87252,1.00,2.06
2017.08.31 06:16:35.961,0.87238,0.87248,1.12,1.00
2017.08.31 06:16:36.469,0.87239,0.87248,1.00,1.00
2017.08.31 06:16:36.970,0.87239,0.87249,1.00,1.31
2017.08.31 06:16:38.169,0.87239,0.87248,1.50,1.00
2017.08.31 06:16:38.487,0.87241,0.87251,1.00,1.69
2017.08.31 06:16:38.862,0.87243,0.87251,1.00,1.25
2017.08.31 06:16:40.844,0.87243,0.87252,1.00,1.00
2017.08.31 06:16:41.733,0.87242,0.87252,1.12,1.00
2017.08.31 06:16:42.265,0.87242,0.87253,1.12,1.12
2017.08.31 06:16:45.540,0.87243,0.87253,1.00,1.12
2017.08.31 06:16:46.066,0.87243,0.87252,1.87,1.00
2017.08.31 06:16:46.423,0.87247,0.87255,1.00,1.37
2017.08.31 06:16:46.474,0.87247,0.87256,1.00,1.12
2017.08.31 06:16:46.831,0.87248,0.8726,2.25,2.44
2017.08.31 06:16:46.883,0.87251,0.8726,1.00,1.25
2017.08.31 06:16:47.528,0.87252,0.8726,1.00,1.00
2017.08.31 06:16:47.784,0.87248,0.8726,3.19,2.25
2017.08.31 06:16:48.101,0.87248,0.87254,1.00,1.00
2017.08.31 06:16:48.510,0.87246,0.87255,3.00,2.25
2017.08.31 06:16:48.612,0.87248,0.87259,1.00,4.31
2017.08.31 06:16:48.664,0.87252,0.87259,1.00,2.62
2017.08.31 06:16:48.817,0.87254,0.87262,1.00,1.12
2017.08.31 06:16:48.971,0.87251,0.8726,1.87,1.12
2017.08.31 06:16:49.022,0.87255,0.8726,1.00,1.00
2017.08.31 06:16:49.177,0.87255,0.87263,1.00,1.00
2017.08.31 06:16:49.689,0.87254,0.87263,1.50,1.00
2017.08.31 06:16:50.206,0.87254,0.87265,1.00,1.19
2017.08.31 06:16:50.710,0.87253,0.87263,2.25,1.00
2017.08.31 06:16:51.219,0.87253,0.87264,1.87,1.31
2017.08.31 06:16:51.777,0.87254,0.87264,1.00,1.31
2017.08.31 06:16:52.528,0.87254,0.87263,1.00,1.00
2017.08.31 06:16:53.076,0.87254,0.87264,1.00,1.31
2017.08.31 06:16:53.646,0.87254,0.87263,1.00,1.00
2017.08.31 06:16:53.800,0.87256,0.87266,1.00,3.94
2017.08.31 06:16:54.113,0.8726,0.87268,1.00,1.19
2017.08.31 06:16:56.477,0.8726,0.87268,1.00,1.00
2017.08.31 06:16:56.838,0.87256,0.87264,1.12,1.00
2017.08.31 06:16:57.145,0.87253,0.87261,1.31,1.00
2017.08.31 06:16:57.717,0.87254,0.87263,1.00,1.12
2017.08.31 06:16:57.870,0.87256,0.87263,1.00,1.00
2017.08.31 06:16:58.506,0.87256,0.87264,1.12,1.25
2017.08.31 06:16:59.017,0.87257,0.87265,1.00,1.19
2017.08.31 06:16:59.300,0.87257,0.87266,1.00,1.25
2017.08.31 06:16:59.556,0.8726,0.87268,1.00,1.25
2017.08.31 06:16:59.870,0.87259,0.87267,2.25,1.19
2017.08.31 06:16:59.922,0.87258,0.87265,1.12,1.00
2017.08.31 06:17:00.467,0.87257,0.87265,1.00,1.19
2017.08.31 06:17:01.796,0.87257,0.87265,1.00,1.00
2017.08.31 06:17:02.307,0.87256,0.87264,2.62,1.00
2017.08.31 06:17:02.830,0.87256,0.87263,2.62,1.00
2017.08.31 06:17:02.881,0.87255,0.87263,1.87,1.00
2017.08.31 06:17:03.238,0.87256,0.87265,1.69,1.12
2017.08.31 06:17:03.779,0.87259,0.87266,1.25,1.00
2017.08.31 06:17:04.327,0.87259,0.87267,1.25,1.00
2017.08.31 06:17:04.843,0.87259,0.87268,1.00,1.00
2017.08.31 06:17:05.627,0.87261,0.87268,1.00,1.00
2017.08.31 06:17:05.679,0.87259,0.87267,1.00,1.00
2017.08.31 06:17:05.731,0.87258,0.87262,1.00,1.00
2017.08.31 06:17:05.834,0.87255,0.87263,1.69,1.00
2017.08.31 06:17:05.936,0.87253,0.87262,1.50,1.00
2017.08.31 06:17:05.988,0.87252,0.8726,1.00,1.00
2017.08.31 06:17:06.510,0.87251,0.8726,1.25,1.00
2017.08.31 06:17:06.834,0.8725,0.87258,2.44,1.00
2017.08.31 06:17:07.140,0.87239,0.87243,1.00,1.00
2017.08.31 06:17:07.192,0.87236,0.87241,9.37,1.00
2017.08.31 06:17:07.373,0.87232,0.87239,1.00,1.00
2017.08.31 06:17:07.478,0.8723,0.87239,2.81,1.00
2017.08.31 06:17:07.991,0.87231,0.87238,1.00,1.00
2017.08.31 06:17:09.238,0.87231,0.87239,1.00,1.00
2017.08.31 06:17:09.853,0.87231,0.87238,1.00,1.00
2017.08.31 06:17:10.063,0.87231,0.8724,1.00,1.50
2017.08.31 06:17:10.116,0.87234,0.87243,1.00,1.00
2017.08.31 06:17:10.426,0.87244,0.8725,1.00,2.25
2017.08.31 06:17:10.478,0.87244,0.87252,1.00,1.00
2017.08.31 06:17:10.580,0.87244,0.87253,4.12,1.00
2017.08.31 06:17:11.094,0.87247,0.87253,1.00,1.00
2017.08.31 06:17:11.145,0.87243,0.87253,2.44,1.00
2017.08.31 06:17:11.604,0.87243,0.87249,2.00,1.00
2017.08.31 06:17:11.758,0.8724,0.87248,2.44,1.00
2017.08.31 06:17:11.809,0.8724,0.87246,1.31,1.00
2017.08.31 06:17:11.966,0.87238,0.87246,1.69,1.00
2017.08.31 06:17:12.018,0.8724,0.87247,1.69,1.00
2017.08.31 06:17:12.120,0.87241,0.8725,1.25,1.87
2017.08.31 06:17:12.223,0.87241,0.8725,1.62,1.50
2017.08.31 06:17:12.684,0.87243,0.87252,2.44,1.00
2017.08.31 06:17:12.787,0.87245,0.87252,2.44,1.00
2017.08.31 06:17:13.163,0.87244,0.87251,1.00,1.00
2017.08.31 06:17:13.807,0.87241,0.87251,3.94,1.00
2017.08.31 06:17:14.477,0.87241,0.8725,2.44,1.00
2017.08.31 06:17:14.579,0.87241,0.8725,1.31,1.00
2017.08.31 06:17:14.936,0.8724,0.87248,1.00,1.50
2017.08.31 06:17:15.242,0.87233,0.87241,1.75,1.25
2017.08.31 06:17:15.293,0.87232,0.87241,1.12,1.25
2017.08.31 06:17:15.344,0.87232,0.87239,1.12,1.00
2017.08.31 06:17:15.535,0.8723,0.87239,1.12,1.00
2017.08.31 06:17:15.637,0.87229,0.87237,1.37,1.00
2017.08.31 06:17:15.843,0.8723,0.87239,1.31,1.00
2017.08.31 06:17:16.356,0.87231,0.87239,2.25,1.00
2017.08.31 06:17:16.564,0.87231,0.87241,3.19,1.00
2017.08.31 06:17:16.764,0.87231,0.87239,3.19,1.00
2017.08.31 06:17:17.283,0.87231,0.87238,1.12,1.00
2017.08.31 06:17:17.868,0.8723,0.87238,1.00,1.00
2017.08.31 06:17:18.387,0.87229,0.87238,1.00,1.00
2017.08.31 06:17:19.278,0.87231,0.87239,1.00,1.25
2017.08.31 06:17:19.471,0.87234,0.87244,1.00,1.25
2017.08.31 06:17:19.990,0.87235,0.87246,1.00,1.31
2017.08.31 06:17:20.536,0.87236,0.87246,1.00,1.31
2017.08.31 06:17:21.191,0.87236,0.87247,2.25,2.44
2017.08.31 06:17:21.243,0.87238,0.87248,1.00,1.69
2017.08.31 06:17:21.396,0.87241,0.8725,1.50,1.31
2017.08.31 06:17:21.499,0.87241,0.87248,1.00,1.19
2017.08.31 06:17:21.550,0.87239,0.87248,1.12,1.19
2017.08.31 06:17:21.703,0.87237,0.87245,1.00,1.25
2017.08.31 06:17:21.805,0.87235,0.87243,1.50,1.00
2017.08.31 06:17:22.352,0.87235,0.87242,1.00,1.00
2017.08.31 06:17:22.933,0.87234,0.87242,1.00,1.00
2017.08.31 06:17:23.240,0.87237,0.87246,1.00,1.62
2017.08.31 06:17:23.293,0.87239,0.87248,1.00,1.00
2017.08.31 06:17:23.989,0.87237,0.87248,2.06,1.00
2017.08.31 06:17:24.041,0.87239,0.87246,1.00,1.00
2017.08.31 06:17:24.515,0.87241,0.8725,1.00,3.00
2017.08.31 06:17:24.618,0.87241,0.87251,1.00,1.87
2017.08.31 06:17:24.722,0.87238,0.87246,1.50,1.12
2017.08.31 06:17:24.774,0.87237,0.87244,1.50,1.00
2017.08.31 06:17:24.928,0.87238,0.87246,1.00,1.12
2017.08.31 06:17:27.057,0.8724,0.87249,1.00,2.25
2017.08.31 06:17:27.211,0.87242,0.87252,1.00,2.06
2017.08.31 06:17:27.264,0.87244,0.87252,1.00,2.06
2017.08.31 06:17:27.780,0.87244,0.87252,1.00,1.00
2017.08.31 06:17:28.521,0.87244,0.87253,1.00,1.00
2017.08.31 06:17:28.879,0.87242,0.87253,2.62,1.00
2017.08.31 06:17:29.550,0.87242,0.87253,2.62,1.19
2017.08.31 06:17:29.653,0.87242,0.87253,1.87,1.19
2017.08.31 06:17:32.669,0.8724,0.87253,2.44,1.31
2017.08.31 06:17:32.822,0.8724,0.87251,2.44,1.00
2017.08.31 06:17:33.790,0.87241,0.87249,1.37,1.00
2017.08.31 06:17:33.892,0.87241,0.87251,1.37,1.00
2017.08.31 06:17:33.994,0.87239,0.87245,3.56,1.00
2017.08.31 06:17:34.097,0.87236,0.87245,1.00,1.00
2017.08.31 06:17:34.716,0.87235,0.87245,1.69,1.00
2017.08.31 06:17:35.232,0.87234,0.87244,1.00,1.25
2017.08.31 06:17:35.827,0.87233,0.87243,1.00,1.00
2017.08.31 06:17:36.467,0.87233,0.87244,1.00,2.06
2017.08.31 06:17:36.641,0.87233,0.87242,1.00,1.00
2017.08.31 06:17:37.108,0.87233,0.8724,1.00,1.00
2017.08.31 06:17:37.891,0.87232,0.8724,1.00,1.00
2017.08.31 06:17:39.062,0.87231,0.8724,1.69,1.00
2017.08.31 06:17:39.567,0.8723,0.8724,2.81,1.00
2017.08.31 06:17:40.147,0.8723,0.87241,3.56,1.00
2017.08.31 06:17:41.311,0.87231,0.87241,1.31,1.50
2017.08.31 06:17:41.730,0.87235,0.87244,1.00,1.25
2017.08.31 06:17:42.283,0.87234,0.87243,2.06,1.00
2017.08.31 06:17:43.029,0.87235,0.87241,1.12,1.00
2017.08.31 06:17:43.131,0.87233,0.87241,1.00,1.00
2017.08.31 06:17:43.234,0.8723,0.87238,1.69,1.00
2017.08.31 06:17:43.337,0.87229,0.87238,1.69,1.00
2017.08.31 06:17:43.862,0.87229,0.87239,2.44,1.00
2017.08.31 06:17:45.148,0.87229,0.87241,3.19,1.50
2017.08.31 06:17:45.838,0.87229,0.87239,3.19,1.00
2017.08.31 06:17:46.636,0.87229,0.87241,3.19,1.12
2017.08.31 06:17:46.687,0.87232,0.87242,1.25,1.50
2017.08.31 06:17:47.017,0.87234,0.87242,1.12,1.00
2017.08.31 06:17:47.521,0.87233,0.87243,1.87,1.25
2017.08.31 06:17:48.917,0.87233,0.87241,1.12,1.00
2017.08.31 06:17:49.174,0.87229,0.87238,1.00,1.50
2017.08.31 06:17:49.791,0.87228,0.87238,2.06,1.50
2017.08.31 06:17:50.292,0.87228,0.87237,1.31,1.50
2017.08.31 06:17:50.851,0.87228,0.87236,1.31,1.00
2017.08.31 06:17:51.512,0.87228,0.87237,1.31,1.50
2017.08.31 06:17:53.088,0.87228,0.87238,1.25,1.50
2017.08.31 06:17:53.345,0.8723,0.87239,1.00,1.00
2017.08.31 06:17:54.171,0.87229,0.87237,1.31,1.00
2017.08.31 06:17:54.375,0.87227,0.87237,1.50,1.00
2017.08.31 06:17:55.580,0.87225,0.87237,3.19,1.00
2017.08.31 06:17:56.230,0.87225,0.87236,3.19,1.00
2017.08.31 06:17:58.744,0.87226,0.87235,1.31,1.00
2017.08.31 06:18:00.281,0.87228,0.87237,1.00,1.25
2017.08.31 06:18:00.588,0.8723,0.87241,1.00,2.81
2017.08.31 06:18:00.691,0.87234,0.87244,1.00,1.87
2017.08.31 06:18:00.895,0.87235,0.87242,1.37,1.00
2017.08.31 06:18:01.266,0.87233,0.87242,1.50,1.00
2017.08.31 06:18:01.809,0.87233,0.87241,1.00,1.00
2017.08.31 06:18:02.319,0.87232,0.87241,1.00,1.50
2017.08.31 06:18:04.835,0.8723,0.87239,1.69,1.12
2017.08.31 06:18:04.988,0.87229,0.87238,1.00,1.00
2017.08.31 06:18:05.417,0.87231,0.87241,1.00,1.50
2017.08.31 06:18:05.876,0.87232,0.87242,1.00,1.12
2017.08.31 06:18:06.109,0.87231,0.87239,1.00,1.00
2017.08.31 06:18:06.491,0.87232,0.87241,1.00,1.31
2017.08.31 06:18:07.006,0.87233,0.87241,1.00,1.31
2017.08.31 06:18:07.108,0.87231,0.87241,1.12,1.31
2017.08.31 06:18:07.211,0.87232,0.87238,1.00,1.00
2017.08.31 06:18:07.478,0.87227,0.87237,1.00,1.00
2017.08.31 06:18:07.530,0.87229,0.87238,1.50,1.00
2017.08.31 06:18:07.839,0.87231,0.8724,1.00,1.12
2017.08.31 06:18:08.147,0.87227,0.87234,2.06,1.00
2017.08.31 06:18:08.509,0.87226,0.87236,1.19,1.12
2017.08.31 06:18:09.575,0.87226,0.87234,1.19,1.00
2017.08.31 06:18:12.858,0.87227,0.87234,1.00,1.00
2017.08.31 06:18:12.910,0.87227,0.87237,1.00,2.06
2017.08.31 06:18:13.444,0.87227,0.87235,1.00,1.00
2017.08.31 06:18:15.127,0.87228,0.87237,1.00,1.12
2017.08.31 06:18:15.667,0.87229,0.87238,1.00,2.81
2017.08.31 06:18:18.733,0.87226,0.87238,2.62,2.44
2017.08.31 06:18:20.031,0.87227,0.87238,1.00,2.44
2017.08.31 06:18:20.563,0.87227,0.87236,1.00,1.00
2017.08.31 06:18:23.334,0.87227,0.87237,1.00,1.12
2017.08.31 06:18:23.853,0.87228,0.87237,1.00,1.00
2017.08.31 06:18:24.549,0.87227,0.87237,1.12,1.00
2017.08.31 06:18:24.857,0.87229,0.87238,1.00,1.12
2017.08.31 06:18:24.909,0.87229,0.8724,1.00,1.12
2017.08.31 06:18:25.414,0.87229,0.87241,1.87,2.06
2017.08.31 06:18:25.694,0.87229,0.87239,1.37,1.00
2017.08.31 06:18:25.745,0.87228,0.87239,1.25,1.00
2017.08.31 06:18:26.361,0.87229,0.87238,1.00,1.00
2017.08.31 06:18:26.867,0.87228,0.8724,1.69,2.25
2017.08.31 06:18:27.592,0.87228,0.87239,1.25,1.00
2017.08.31 06:18:30.051,0.87228,0.87238,1.25,1.00
2017.08.31 06:18:30.839,0.87229,0.87238,1.00,1.00
2017.08.31 06:18:30.890,0.87229,0.8724,1.00,2.25
2017.08.31 06:18:31.109,0.8723,0.87241,2.81,1.00
2017.08.31 06:18:31.620,0.8723,0.87241,1.00,1.62
2017.08.31 06:18:32.137,0.87229,0.87238,1.00,1.00
2017.08.31 06:18:32.917,0.87227,0.87237,3.19,1.00
2017.08.31 06:18:33.071,0.87225,0.87237,1.19,1.31
2017.08.31 06:18:33.583,0.87225,0.87236,1.69,3.37
2017.08.31 06:18:34.186,0.87225,0.87235,1.19,1.00
2017.08.31 06:18:36.014,0.87225,0.87236,1.00,1.87
2017.08.31 06:18:37.426,0.87223,0.87235,2.62,2.06
2017.08.31 06:18:37.528,0.87222,0.87232,1.37,1.00
2017.08.31 06:18:37.785,0.87221,0.87231,1.00,1.00
2017.08.31 06:18:38.286,0.8722,0.87231,2.62,1.00
2017.08.31 06:18:38.544,0.87221,0.87232,2.81,1.00
2017.08.31 06:18:39.052,0.87221,0.87232,1.87,1.00
2017.08.31 06:18:39.358,0.87222,0.87232,1.37,1.00
2017.08.31 06:18:39.883,0.87222,0.87232,1.00,1.00
2017.08.31 06:18:40.603,0.87221,0.87232,1.00,1.69
2017.08.31 06:18:41.425,0.87222,0.87232,1.00,1.25
2017.08.31 06:18:41.957,0.87223,0.87232,1.00,1.50
2017.08.31 06:18:43.029,0.87222,0.87232,1.00,1.50
2017.08.31 06:18:45.332,0.87222,0.87231,1.00,1.00
2017.08.31 06:18:45.834,0.87222,0.87232,1.00,1.50
2017.08.31 06:18:46.357,0.87222,0.87231,1.00,1.00
2017.08.31 06:18:47.334,0.87222,0.87232,1.00,1.00
2017.08.31 06:18:48.564,0.87222,0.87233,1.00,1.69
2017.08.31 06:18:49.186,0.87222,0.87231,1.00,1.00
2017.08.31 06:18:49.371,0.87222,0.87233,1.00,1.69
2017.08.31 06:18:49.570,0.87224,0.87233,1.31,1.00
2017.08.31 06:18:50.089,0.87225,0.87234,1.00,1.00
2017.08.31 06:18:50.507,0.87228,0.87235,1.00,1.31
2017.08.31 06:18:51.879,0.87226,0.87234,1.19,1.00
2017.08.31 06:18:52.545,0.87225,0.87234,2.81,1.00
2017.08.31 06:18:52.597,0.87225,0.87236,1.87,1.12
2017.08.31 06:18:53.125,0.87226,0.87237,1.50,2.06
2017.08.31 06:18:53.482,0.87224,0.87235,1.50,2.81
2017.08.31 06:18:54.054,0.87225,0.87234,1.00,1.00
2017.08.31 06:18:54.616,0.87224,0.87234,1.00,1.00
2017.08.31 06:18:55.181,0.87225,0.87234,1.00,1.00
2017.08.31 06:18:55.693,0.87225,0.87235,1.00,3.19
2017.08.31 06:18:55.745,0.87225,0.87233,1.00,1.00
2017.08.31 06:18:56.051,0.87227,0.87234,1.00,1.12
2017.08.31 06:18:56.309,0.87225,0.87234,1.00,1.00
2017.08.31 06:18:56.841,0.87225,0.87235,1.00,2.44
2017.08.31 06:18:56.893,0.87225,0.87235,1.00,1.19
2017.08.31 06:18:58.878,0.87226,0.87235,1.00,1.56
2017.08.31 06:18:59.082,0.87227,0.87235,1.00,1.19
2017.08.31 06:18:59.339,0.8723,0.87238,1.00,1.69
2017.08.31 06:18:59.583,0.87231,0.8724,1.00,1.00
2017.08.31 06:18:59.687,0.87235,0.87243,1.00,1.37
2017.08.31 06:19:00.198,0.87235,0.87241,1.00,1.00
2017.08.31 06:19:00.808,0.87235,0.87244,1.00,1.25
2017.08.31 06:19:01.530,0.87239,0.87248,1.12,2.44
2017.08.31 06:19:01.685,0.87239,0.87248,1.37,1.25
2017.08.31 06:19:02.726,0.8724,0.8725,1.87,1.00
2017.08.31 06:19:03.239,0.87241,0.87251,1.12,1.19
2017.08.31 06:19:04.953,0.87242,0.87251,1.00,1.19
2017.08.31 06:19:05.495,0.87241,0.87252,3.00,1.19
2017.08.31 06:19:06.045,0.87241,0.87252,2.62,1.69
2017.08.31 06:19:07.338,0.87241,0.8725,1.00,1.25
2017.08.31 06:19:07.389,0.87241,0.8725,1.00,1.19
2017.08.31 06:19:07.901,0.87239,0.87249,3.00,1.19
2017.08.31 06:19:08.231,0.87238,0.87244,1.00,1.00
2017.08.31 06:19:08.564,0.87235,0.87244,1.00,1.31
2017.08.31 06:19:08.615,0.87235,0.87244,1.00,2.06
2017.08.31 06:19:09.125,0.87233,0.87244,3.37,1.19
2017.08.31 06:19:09.635,0.87235,0.87244,1.00,1.69
2017.08.31 06:19:10.798,0.87234,0.87244,1.12,1.19
2017.08.31 06:19:12.847,0.87235,0.87244,1.00,1.19
2017.08.31 06:19:13.593,0.87233,0.87241,1.87,1.19
2017.08.31 06:19:13.888,0.8723,0.87239,1.50,1.00
2017.08.31 06:19:14.393,0.87231,0.87241,1.12,1.69
2017.08.31 06:19:14.911,0.87231,0.87241,1.87,1.69
2017.08.31 06:19:15.481,0.8723,0.87238,2.25,1.00
2017.08.31 06:19:15.533,0.87229,0.87238,1.12,1.19
2017.08.31 06:19:15.635,0.87226,0.87236,2.62,1.25
2017.08.31 06:19:15.818,0.87226,0.87238,3.00,2.06
2017.08.31 06:19:16.373,0.87226,0.87235,2.62,1.19
2017.08.31 06:19:17.812,0.87225,0.87235,1.00,1.19
2017.08.31 06:19:18.320,0.87227,0.87236,1.00,1.19
2017.08.31 06:19:18.830,0.87226,0.87236,1.00,1.19
2017.08.31 06:19:19.315,0.87224,0.87233,2.25,1.19
2017.08.31 06:19:19.867,0.87223,0.87232,1.00,1.19
2017.08.31 06:19:20.320,0.87221,0.87232,2.25,1.19
2017.08.31 06:19:20.871,0.87222,0.87232,1.00,1.19
2017.08.31 06:19:21.234,0.87224,0.87232,1.00,1.19
2017.08.31 06:19:21.807,0.87223,0.87232,1.00,1.19
2017.08.31 06:19:27.472,0.87222,0.87231,1.87,1.25
2017.08.31 06:19:27.973,0.87225,0.87233,1.00,1.31
2017.08.31 06:19:28.279,0.87228,0.87236,1.00,1.19
2017.08.31 06:19:30.739,0.87228,0.87236,1.00,1.19
2017.08.31 06:19:31.291,0.87229,0.87237,1.00,1.31
2017.08.31 06:19:31.616,0.87231,0.87239,1.00,2.44
2017.08.31 06:19:33.110,0.87231,0.87239,1.00,1.00
2017.08.31 06:19:33.620,0.87232,0.8724,1.00,1.00
2017.08.31 06:19:34.256,0.87232,0.87241,1.00,1.00
2017.08.31 06:19:35.256,0.87232,0.8724,1.00,1.00
2017.08.31 06:19:35.493,0.87234,0.87241,1.00,1.25
2017.08.31 06:19:35.901,0.87233,0.87239,1.00,1.00
2017.08.31 06:19:35.953,0.87231,0.87239,1.00,1.00
2017.08.31 06:19:36.056,0.87233,0.87241,1.00,1.75
2017.08.31 06:19:36.558,0.87232,0.8724,1.00,1.00
2017.08.31 06:19:37.071,0.87232,0.87239,1.00,1.00
2017.08.31 06:19:37.701,0.87232,0.87241,1.00,1.87
2017.08.31 06:19:38.210,0.87233,0.87242,1.00,1.69
2017.08.31 06:19:39.978,0.87235,0.87243,1.00,1.94
